{"gold_per_floor":[15,90,102,121,121,121,136,163,163,178,14,32,47,65,65,166,166,181,214,232,251,251,251,282,282,336,336,336,352,1,1],"floor_reached":31,"playtime":2376,"items_purged":["Strike_B"],"score":272,"play_id":"5e497759-28d0-4e52-b431-9029ce7fa3a7","local_time":"20190129221350","is_ascension_mode":true,"campfire_choices":[{"data":"Zap","floor":6,"key":"SMITH"},{"data":"Echo Form","floor":15,"key":"SMITH"},{"floor":23,"key":"REST"},{"data":"Auto Shields","floor":25,"key":"SMITH"},{"data":"Defragment","floor":28,"key":"SMITH"}],"neow_cost":"NO_GOLD","seed_source_timestamp":1265300101311300,"circlet_count":0,"master_deck":["Strike_B","Strike_B","Defend_B","Defend_B","Defend_B","Defend_B","Zap+1","Dualcast","Ball Lightning","Leap","Sweeping Beam","Chill","Defragment+1","Auto Shields+1","Amplify","White Noise","Echo Form+1","FTL","Electrodynamics","Conserve Battery","Hologram","Rebound","Go for the Eyes","Buffer","Static Discharge+1","Beam Cell+1","Turbo","Go for the Eyes","J.A.X.","Recycle","Defragment"],"relics":["Cracked Core","Incense Burner","Shovel","Orrery","Red Mask","Matryoshka","Oddly Smooth Stone","Omamori","Toxic Egg 2"],"potions_floor_usage":[10,16,19,21],"damage_taken":[{"damage":0,"enemies":"2 Louse","floor":1,"turns":2},{"damage":7,"enemies":"Small Slimes","floor":3,"turns":2},{"damage":1,"enemies":"Cultist","floor":4,"turns":3},{"damage":5,"enemies":"2 Fungi Beasts","floor":7,"turns":3},{"damage":14,"enemies":"Gremlin Nob","floor":8,"turns":4},{"damage":2,"enemies":"3 Louse","floor":10,"turns":2},{"damage":0,"enemies":"Lots of Slimes","floor":12,"turns":3},{"damage":7,"enemies":"Large Slime","floor":13,"turns":6},{"damage":3,"enemies":"Exordium Wildlife","floor":14,"turns":5},{"damage":21,"enemies":"Slime Boss","floor":16,"turns":10},{"damage":30,"enemies":"2 Thieves","floor":18,"turns":4},{"damage":22,"enemies":"Masked Bandits","floor":19,"turns":3},{"damage":10,"enemies":"Spheric Guardian","floor":20,"turns":5},{"damage":9,"enemies":"3 Cultists","floor":21,"turns":4},{"damage":7,"enemies":"Gremlin Leader","floor":24,"turns":6},{"damage":15,"enemies":"Centurion and Healer","floor":29,"turns":2},{"damage":5,"enemies":"Sentry and Sphere","floor":31,"turns":3}],"seed_played":"4757610159282896331","potions_obtained":[{"floor":4,"key":"Poison Potion"},{"floor":10,"key":"Regen Potion"},{"floor":12,"key":"Block Potion"},{"floor":16,"key":"Strength Potion"},{"floor":19,"key":"Dexterity Potion"},{"floor":20,"key":"Block Potion"},{"floor":24,"key":"FearPotion"}],"is_trial":false,"path_per_floor":["M","?","M","M","?","R","M","E","T","M","$","M","M","M","R","B",null,"M","?","M","M","?","R","E","R","T","?","R","M","$","M"],"character_chosen":"DEFECT","items_purchased":["Amplify","Toxic Egg 2","Defragment"],"campfire_rested":1,"item_purchase_floors":[11,30,30],"current_hp_per_floor":[75,64,57,56,56,56,51,37,37,35,35,35,28,25,25,19,75,45,23,13,4,4,26,19,19,19,19,19,4,4,0],"gold":1,"neow_bonus":"ONE_RARE_RELIC","is_prod":false,"is_daily":false,"chose_seed":false,"campfire_upgraded":4,"win_rate":0,"timestamp":1548818030,"path_taken":["M","?","M","M","?","R","M","E","T","M","$","M","?","M","R","BOSS","M","?","M","M","?","R","E","R","T","?","R","M","$","?"],"build_version":"2019-01-23","purchased_purges":1,"victory":false,"max_hp_per_floor":[75,75,75,75,75,75,75,75,75,75,75,75,75,75,75,75,75,75,75,75,75,75,75,75,75,75,75,75,75,75,75],"card_choices":[{"not_picked":["Go for the Eyes","Coolheaded"],"picked":"Ball Lightning","floor":1},{"not_picked":["Chill","Cold Snap"],"picked":"Leap","floor":3},{"not_picked":["Force Field","Rebound"],"picked":"Sweeping Beam","floor":4},{"not_picked":["Rebound","Recycle"],"picked":"Chill","floor":7},{"not_picked":["Fusion","Stack"],"picked":"Defragment","floor":8},{"not_picked":["Stack","Compile Driver"],"picked":"Auto Shields","floor":10},{"not_picked":["Steam","Fusion"],"picked":"White Noise","floor":12},{"not_picked":["Rebound","Darkness"],"picked":"Echo Form","floor":13},{"not_picked":["Sunder","Steam"],"picked":"FTL","floor":14},{"not_picked":["Biased Cognition","Meteor Strike"],"picked":"Electrodynamics","floor":16},{"not_picked":["Steam","Genetic Algorithm"],"picked":"Conserve Battery","floor":17},{"not_picked":["Echo Form","Stack"],"picked":"Hologram","floor":17},{"not_picked":["Skim","Redo"],"picked":"Rebound","floor":17},{"not_picked":["Conserve Battery","Auto Shields"],"picked":"Go for the Eyes","floor":17},{"not_picked":["Cold Snap","Darkness"],"picked":"Buffer","floor":17},{"not_picked":["White Noise+1","Sweeping Beam+1"],"picked":"Static Discharge+1","floor":18},{"not_picked":["Reprogram","Hello World"],"picked":"Beam Cell+1","floor":19},{"not_picked":["Hologram+1","Sweeping Beam+1"],"picked":"Turbo","floor":20},{"not_picked":["Cold Snap","Turbo"],"picked":"Go for the Eyes","floor":21},{"not_picked":["Compile Driver","Streamline","Doom and Gloom+1"],"picked":"SKIP","floor":24},{"not_picked":["Cold Snap","Streamline+1"],"picked":"Recycle","floor":29}],"player_experience":89659,"relics_obtained":[{"floor":8,"key":"Shovel"},{"floor":19,"key":"Red Mask"},{"floor":24,"key":"Matryoshka"},{"floor":26,"key":"Oddly Smooth Stone"},{"floor":26,"key":"Omamori"}],"event_choices":[{"damage_healed":0,"gold_gain":75,"player_choice":"Gather Gold","damage_taken":11,"max_hp_gain":0,"max_hp_loss":0,"event_name":"World of Goop","floor":2,"gold_loss":0},{"cards_removed":["Strike_B"],"damage_healed":0,"gold_gain":0,"player_choice":"Offered Basic","damage_taken":0,"max_hp_gain":0,"max_hp_loss":0,"event_name":"Bonfire Elementals","floor":5,"gold_loss":0},{"damage_healed":0,"gold_gain":0,"player_choice":"Fought Bandits","damage_taken":0,"max_hp_gain":0,"max_hp_loss":0,"event_name":"Masked Bandits","floor":19,"gold_loss":0},{"damage_healed":0,"gold_gain":0,"player_choice":"Obtain J.A.X.","damage_taken":0,"max_hp_gain":0,"max_hp_loss":0,"event_name":"Drug Dealer","floor":22,"gold_loss":0,"cards_obtained":["J.A.X."]},{"damage_healed":0,"gold_gain":0,"player_choice":"Bought 0 Potions","damage_taken":0,"max_hp_gain":0,"max_hp_loss":0,"event_name":"The Woman in Blue","floor":27,"gold_loss":0}],"is_beta":false,"boss_relics":[{"not_picked":["FrozenCore","Calling Bell"],"picked":"Orrery"}],"items_purged_floors":[30],"is_endless":false,"potions_floor_spawned":[4,10,12,16,19,20,24],"killed_by":"Sentry and Sphere","ascension_level":1}