{"gold_per_floor":[117,133,147,147,158,158,171,184,208,227,17,17,17,36,36,135,135,135,65,65,65,65,65,65,65,65,65,65,65,65,65,65,65,65,65,31,31,31,31,31,31,31,31,31,31,31,31,31,31,31],"floor_reached":50,"playtime":3309,"items_purged":["Strike_G"],"score":532,"play_id":"c9b66a61-a5e9-4350-9492-6a5eda282448","local_time":"20190110124829","is_ascension_mode":false,"campfire_choices":[{"data":"Terror","floor":6,"key":"SMITH"},{"floor":12,"key":"REST"},{"data":"Blade Dance","floor":15,"key":"SMITH"},{"floor":23,"key":"REST"},{"floor":25,"key":"REST"},{"data":"Envenom","floor":30,"key":"SMITH"},{"data":"Adrenaline","floor":32,"key":"SMITH"},{"floor":40,"key":"REST"},{"data":"Outmaneuver","floor":42,"key":"SMITH"},{"floor":44,"key":"REST"},{"floor":46,"key":"REST"},{"floor":49,"key":"REST"}],"neow_cost":"NONE","seed_source_timestamp":2480050173966,"circlet_count":0,"master_deck":["Defend_G","Defend_G","Defend_G","Defend_G","Defend_G","Strike_G","Strike_G","Strike_G","Strike_G","Survivor","Neutralize","Terror+1","Backflip","Predator","Sucker Punch","Flying Knee","Outmaneuver+1","Blade Dance+1","Bandage Up","Infinite Blades","Envenom+1","Infinite Blades","Endless Agony","Slice","Footwork+1","Adrenaline+1","Die Die Die","Doubt","Doubt","Injury","Endless Agony","Infinite Blades","Slice+1","Infinite Blades+1"],"relics":["Ring of the Snake","GremlinMask","Blood Vial","Ectoplasm","Enchiridion","Boot","Bag of Preparation","Darkstone Periapt","Calling Bell","Prayer Wheel","Dodecahedron","Bag of Marbles","Molten Egg 2","Mercury Hourglass","Centennial Puzzle","Regal Pillow"],"potions_floor_usage":[27,27,35,39,41,45,50],"damage_taken":[{"damage":0,"enemies":"Cultist","floor":1,"turns":3},{"damage":1,"enemies":"Jaw Worm","floor":2,"turns":3},{"damage":2,"enemies":"Small Slimes","floor":3,"turns":5},{"damage":5,"enemies":"Blue Slaver","floor":5,"turns":4},{"damage":0,"enemies":"Looter","floor":7,"turns":4},{"damage":0,"enemies":"Red Slaver","floor":8,"turns":3},{"damage":19,"enemies":"Exordium Thugs","floor":10,"turns":8},{"damage":2,"enemies":"Exordium Wildlife","floor":14,"turns":5},{"damage":53,"enemies":"The Guardian","floor":16,"turns":10},{"damage":15,"enemies":"3 Byrds","floor":18,"turns":6},{"damage":14,"enemies":"Spheric Guardian","floor":20,"turns":5},{"damage":21,"enemies":"Snake Plant","floor":21,"turns":5},{"damage":14,"enemies":"Slavers","floor":27,"turns":8},{"damage":0,"enemies":"Chosen and Byrds","floor":29,"turns":5},{"damage":38,"enemies":"Automaton","floor":33,"turns":12},{"damage":6,"enemies":"3 Darklings","floor":35,"turns":5},{"damage":8,"enemies":"Orb Walker","floor":37,"turns":3},{"damage":50,"enemies":"Jaw Worm Horde","floor":39,"turns":4},{"damage":35,"enemies":"Spire Growth","floor":41,"turns":5},{"damage":50,"enemies":"Reptomancer","floor":45,"turns":5},{"damage":109,"enemies":"Donu and Deca","floor":50,"turns":6}],"seed_played":"4193419444876713706","potions_obtained":[{"floor":3,"key":"Weak Potion"},{"floor":5,"key":"SkillPotion"},{"floor":8,"key":"SkillPotion"},{"floor":18,"key":"Energy Potion"},{"floor":29,"key":"Block Potion"},{"floor":37,"key":"Fruit Juice"},{"floor":39,"key":"Regen Potion"},{"floor":45,"key":"PowerPotion"}],"is_trial":false,"path_per_floor":["M","M","M","?","M","R","M","M","T","M","$","R","?","M","R","B",null,"M","$","M","M","?","R","?","R","T","E","T","M","R","$","R","B",null,"M","$","M","T","M","R","M","R","T","R","E","R","$","T","R","B"],"character_chosen":"THE_SILENT","items_purchased":["Blade Dance","Bandage Up","Endless Agony","Infinite Blades"],"campfire_rested":7,"item_purchase_floors":[11,11,19,36],"current_hp_per_floor":[70,69,67,67,62,62,62,62,62,45,45,66,66,68,68,21,70,59,59,47,32,16,37,37,58,58,50,50,56,56,56,56,24,88,85,85,79,79,40,67,52,52,52,79,35,62,62,62,93,0],"gold":31,"neow_bonus":"THREE_CARDS","is_prod":false,"is_daily":false,"chose_seed":false,"campfire_upgraded":5,"win_rate":0.0,"timestamp":1547142509,"path_taken":["M","?","M","?","M","R","M","M","T","?","$","R","?","M","R","BOSS","M","$","M","M","?","R","?","R","T","E","?","M","R","$","R","BOSS","M","$","M","?","M","R","M","R","T","R","E","R","?","?","R","BOSS"],"build_version":"2019-01-03v4","purchased_purges":1,"victory":false,"max_hp_per_floor":[70,70,70,70,70,70,70,70,70,70,70,70,70,70,70,70,70,70,70,70,70,70,70,70,70,70,70,70,70,70,70,70,70,88,88,88,88,88,93,93,93,93,93,93,93,93,93,93,93,93],"card_choices":[{"not_picked":["Underhanded Strike","Dagger Throw"],"picked":"Terror","floor":0},{"not_picked":["Tactician","Expertise"],"picked":"Backflip","floor":1},{"not_picked":["Dagger Throw","Backflip","Terror"],"picked":"SKIP","floor":2},{"not_picked":["Dagger Throw","Terror"],"picked":"Predator","floor":3},{"not_picked":["Sucker Punch","Acrobatics","Eviscerate"],"picked":"SKIP","floor":5},{"not_picked":["Catalyst","Acrobatics"],"picked":"Sucker Punch","floor":7},{"not_picked":["Blur","Bouncing Flask"],"picked":"Flying Knee","floor":8},{"not_picked":["Backflip","Riddle With Holes"],"picked":"Outmaneuver","floor":10},{"not_picked":["Underhanded Strike","Slice"],"picked":"Infinite Blades","floor":14},{"not_picked":["Wraith Form v2","After Image"],"picked":"Envenom","floor":16},{"not_picked":["Dodge and Roll","Underhanded Strike+1"],"picked":"Infinite Blades","floor":18},{"not_picked":["Caltrops","Bane"],"picked":"Slice","floor":20},{"not_picked":["Calculated Gamble","Quick Slash"],"picked":"Footwork+1","floor":21},{"not_picked":["Blade Dance","Backflip+1","Tactician"],"picked":"SKIP","floor":27},{"not_picked":["Sucker Punch+1","Dagger Throw"],"picked":"Adrenaline","floor":29},{"not_picked":["Venomology","Envenom"],"picked":"Die Die Die","floor":33},{"not_picked":["Skewer+1","Flying Knee+1"],"picked":"Endless Agony","floor":35},{"not_picked":["Dagger Throw+1","Reflex+1","Dodge and Roll"],"picked":"SKIP","floor":35},{"not_picked":["Leg Sweep","Deadly Poison"],"picked":"Slice+1","floor":37},{"not_picked":["Underhanded Strike","Predator","Acrobatics"],"picked":"SKIP","floor":37},{"not_picked":["Backstab+1","Dodge and Roll+1"],"picked":"Infinite Blades+1","floor":39},{"not_picked":["Dagger Throw+1","Flying Knee+1","Outmaneuver"],"picked":"SKIP","floor":39},{"not_picked":["Bane+1","Outmaneuver+1","Prepared+1"],"picked":"SKIP","floor":41},{"not_picked":["Backflip","Dagger Throw+1","PiercingWail"],"picked":"SKIP","floor":41},{"not_picked":["Dodge and Roll","Dagger Spray+1","Poisoned Stab+1"],"picked":"SKIP","floor":45}],"player_experience":31033,"relics_obtained":[{"floor":9,"key":"Blood Vial"},{"floor":22,"key":"Enchiridion"},{"floor":26,"key":"Boot"},{"floor":27,"key":"Bag of Preparation"},{"floor":28,"key":"Darkstone Periapt"},{"floor":34,"key":"Prayer Wheel"},{"floor":34,"key":"Dodecahedron"},{"floor":34,"key":"Bag of Marbles"},{"floor":38,"key":"Molten Egg 2"},{"floor":43,"key":"Mercury Hourglass"},{"floor":45,"key":"Centennial Puzzle"},{"floor":48,"key":"Regal Pillow"}],"event_choices":[{"damage_healed":0,"gold_gain":0,"player_choice":"Trade","damage_taken":0,"relics_obtained":["GremlinMask"],"max_hp_gain":0,"max_hp_loss":0,"event_name":"FaceTrader","floor":4,"gold_loss":0},{"damage_healed":0,"gold_gain":0,"player_choice":"Ignored","damage_taken":0,"max_hp_gain":0,"max_hp_loss":0,"event_name":"Golden Idol","floor":13,"gold_loss":0},{"damage_healed":0,"gold_gain":0,"player_choice":"Obtained Book","damage_taken":16,"max_hp_gain":0,"max_hp_loss":0,"event_name":"Cursed Tome","floor":22,"gold_loss":0},{"damage_healed":0,"gold_gain":0,"player_choice":"Ignored","damage_taken":0,"max_hp_gain":0,"max_hp_loss":0,"event_name":"Ghosts","floor":24,"gold_loss":0}],"is_beta":false,"boss_relics":[{"not_picked":["Runic Dome","HoveringKite"],"picked":"Ectoplasm"},{"not_picked":["Tiny House","Lizard Tail"],"picked":"Calling Bell"}],"items_purged_floors":[11],"is_endless":false,"potions_floor_spawned":[3,5,8,10,18,29,37,39,45],"killed_by":"Donu and Deca","ascension_level":0}