{"gold_per_floor":[359,359,359,383,10,51,77,77,77,98,98,139,160,204,204,335,335,349,369,19,63,63,63,98,113,139,187,224,236,248,276,288,423,435,471,284,506,839,749,774,774,802,851,878,888,899,644,664,664,664],"floor_reached":51,"playtime":4692,"items_purged":["Strike_B","Strike_B","Go for the Eyes"],"score":950,"play_id":"05d799d5-8f79-4107-8a21-7d3233e432ad","local_time":"20190205005508","is_ascension_mode":true,"campfire_choices":[{"data":"Defragment","floor":8,"key":"SMITH"},{"data":"Defragment","floor":11,"key":"SMITH"},{"data":"Capacitor","floor":15,"key":"SMITH"},{"floor":23,"key":"REST"},{"data":"Conserve Battery","floor":30,"key":"SMITH"},{"floor":32,"key":"REST"},{"data":"Zap","floor":41,"key":"SMITH"},{"data":"Defragment","floor":49,"key":"SMITH"}],"neow_cost":"TEN_PERCENT_HP_LOSS","seed_source_timestamp":1224083471236535,"circlet_count":0,"master_deck":["Zap+1","Dualcast","Coolheaded","Leap","Defragment+1","Defragment+1","Conserve Battery+1","Hologram","Capacitor+1","Thunder Strike","Heatsinks","BootSequence+1","Conserve Battery+1","Skim+1","Reprogram+1","Doom and Gloom+1","Hologram+1","Ball Lightning","Reinforced Body+1","Leap+1","Fission+1","Heatsinks+1","Reinforced Body+1","Multi-Cast+1","Capacitor+1","Redo+1","Cold Snap+1","Genetic Algorithm+1","Fusion+1","Electrodynamics","Defragment+1","Coolheaded+1","Redo+1"],"relics":["Cracked Core","WingedGreaves","Symbiotic Virus","Anchor","Letter Opener","Strawberry","Pocketwatch","Velvet Choker","Toxic Egg 2","Red Mask","PreservedInsect","MawBank","Matryoshka","Astrolabe","DollysMirror","Bottled Lightning","Bottled Flame","Bag of Marbles","Bird Faced Urn"],"potions_floor_usage":[21,24,24,27,42,46,46,50,50,50],"damage_taken":[{"damage":7,"enemies":"Jaw Worm","floor":1,"turns":3},{"damage":0,"enemies":"2 Louse","floor":4,"turns":2},{"damage":15,"enemies":"Lagavulin","floor":6,"turns":11},{"damage":1,"enemies":"Cultist","floor":10,"turns":3},{"damage":7,"enemies":"Gremlin Nob","floor":12,"turns":4},{"damage":0,"enemies":"Red Slaver","floor":13,"turns":3},{"damage":0,"enemies":"Lagavulin","floor":14,"turns":5},{"damage":0,"enemies":"Slime Boss","floor":16,"turns":6},{"damage":0,"enemies":"Chosen","floor":18,"turns":3},{"damage":6,"enemies":"Shell Parasite","floor":19,"turns":5},{"damage":58,"enemies":"Masked Bandits","floor":21,"turns":7},{"damage":20,"enemies":"Gremlin Leader","floor":24,"turns":9},{"damage":5,"enemies":"Centurion and Healer","floor":25,"turns":5},{"damage":11,"enemies":"Slavers","floor":27,"turns":3},{"damage":8,"enemies":"Sentry and Sphere","floor":28,"turns":4},{"damage":3,"enemies":"Snecko","floor":31,"turns":4},{"damage":5,"enemies":"Automaton","floor":33,"turns":10},{"damage":9,"enemies":"3 Shapes","floor":35,"turns":5},{"damage":7,"enemies":"Giant Head","floor":40,"turns":9},{"damage":28,"enemies":"Nemesis","floor":42,"turns":7},{"damage":0,"enemies":"Giant Head","floor":44,"turns":6},{"damage":0,"enemies":"Orb Walker","floor":45,"turns":3},{"damage":27,"enemies":"Transient","floor":46,"turns":5},{"damage":0,"enemies":"Spire Growth","floor":48,"turns":7},{"damage":20,"enemies":"Time Eater","floor":50,"turns":13}],"seed_played":"2082123213051604998","potions_obtained":[{"floor":10,"key":"Block Potion"},{"floor":12,"key":"LiquidBronze"},{"floor":13,"key":"Weak Potion"},{"floor":16,"key":"Regen Potion"},{"floor":24,"key":"Fire Potion"},{"floor":25,"key":"Regen Potion"},{"floor":27,"key":"Poison Potion"},{"floor":33,"key":"Ancient Potion"},{"floor":44,"key":"Block Potion"},{"floor":46,"key":"EssenceOfSteel"},{"floor":48,"key":"PowerPotion"}],"is_trial":false,"path_per_floor":["M","?","?","M","$","E","T","R","T","M","R","E","M","E","R","B",null,"M","M","$","?","?","R","E","M","T","E","M","$","R","M","R","B",null,"M","$","?","?","?","E","R","E","T","E","M","M","$","M","R","B",null],"character_chosen":"DEFECT","items_purchased":["WingedGreaves","Toxic Egg 2","DollysMirror","Defragment","Coolheaded+1"],"campfire_rested":2,"item_purchase_floors":[5,20,36,47,47],"current_hp_per_floor":[61,44,44,44,44,29,29,29,29,28,28,28,28,28,28,28,75,75,69,69,11,11,33,28,23,23,21,13,13,13,10,32,27,75,66,66,66,66,66,59,59,31,31,31,35,14,14,30,30,28],"gold":664,"neow_bonus":"TWO_FIFTY_GOLD","is_prod":false,"is_daily":false,"chose_seed":false,"campfire_upgraded":6,"win_rate":0,"timestamp":1549356908,"path_taken":["M","?","?","?","$","E","?","R","T","M","R","E","M","E","R","BOSS","M","M","$","?","?","R","E","M","T","E","M","$","R","M","R","BOSS","M","$","?","?","?","E","R","E","T","E","?","M","$","M","R","BOSS"],"build_version":"2019-01-23","purchased_purges":3,"victory":true,"max_hp_per_floor":[68,68,68,68,68,68,68,68,68,68,68,75,75,75,75,75,75,75,75,75,75,75,75,75,75,75,75,75,75,75,75,75,75,75,75,75,75,75,75,75,75,75,75,75,75,75,75,75,75,75],"card_choices":[{"not_picked":["Sunder","Melter"],"picked":"Coolheaded","floor":1},{"not_picked":["Steam","Hologram"],"picked":"Leap","floor":4},{"not_picked":["Loop","Compile Driver"],"picked":"Defragment","floor":6},{"not_picked":["Sunder","Rebound"],"picked":"Defragment","floor":10},{"not_picked":["Biased Cognition","BootSequence"],"picked":"Conserve Battery","floor":12},{"not_picked":["Barrage","Sunder"],"picked":"Hologram","floor":13},{"not_picked":["Cold Snap","Hologram"],"picked":"Capacitor","floor":14},{"not_picked":["All For One","Core Surge"],"picked":"Thunder Strike","floor":16},{"not_picked":["Turbo","Hologram+1"],"picked":"Heatsinks","floor":18},{"not_picked":["Beam Cell","Redo"],"picked":"BootSequence","floor":19},{"not_picked":["Redo+1","Leap+1"],"picked":"Conserve Battery+1","floor":21},{"not_picked":["Turbo+1","Recycle+1"],"picked":"Doom and Gloom+1","floor":24},{"not_picked":["Turbo+1","Rebound"],"picked":"Hologram+1","floor":25},{"not_picked":["Gash","Sunder"],"picked":"Ball Lightning","floor":27},{"not_picked":["Hello World","Barrage"],"picked":"Reinforced Body+1","floor":28},{"not_picked":["Static Discharge+1","Rebound+1"],"picked":"Leap+1","floor":31},{"not_picked":["All For One","Hyperbeam"],"picked":"Fission+1","floor":33},{"not_picked":["Reinforced Body+1","Compile Driver+1"],"picked":"Go for the Eyes","floor":35},{"not_picked":["Rip and Tear","Reprogram+1"],"picked":"Redo+1","floor":40},{"not_picked":["Consume+1","Go for the Eyes+1"],"picked":"Cold Snap+1","floor":42},{"not_picked":["Barrage","Redo+1"],"picked":"Genetic Algorithm+1","floor":44},{"not_picked":["Stack+1","Sweeping Beam+1"],"picked":"Fusion+1","floor":45},{"not_picked":["Cold Snap","Capacitor"],"picked":"Electrodynamics","floor":46},{"not_picked":["Gash+1","FTL+1"],"picked":"Redo+1","floor":48}],"player_experience":220867,"relics_obtained":[{"floor":6,"key":"Symbiotic Virus"},{"floor":7,"key":"Anchor"},{"floor":9,"key":"Letter Opener"},{"floor":12,"key":"Strawberry"},{"floor":14,"key":"Pocketwatch"},{"floor":21,"key":"Red Mask"},{"floor":24,"key":"PreservedInsect"},{"floor":26,"key":"MawBank"},{"floor":27,"key":"Matryoshka"},{"floor":40,"key":"Bottled Lightning"},{"floor":42,"key":"Bottled Flame"},{"floor":43,"key":"Bag of Marbles"},{"floor":44,"key":"Bird Faced Urn"}],"event_choices":[{"damage_healed":0,"gold_gain":0,"player_choice":"Take Damage","damage_taken":17,"relics_obtained":["Golden Idol"],"max_hp_gain":0,"max_hp_loss":0,"event_name":"Golden Idol","floor":2,"gold_loss":0},{"damage_healed":0,"gold_gain":0,"player_choice":"Ignored","damage_taken":0,"max_hp_gain":0,"max_hp_loss":0,"event_name":"Liars Game","floor":3,"gold_loss":0},{"damage_healed":0,"gold_gain":0,"player_choice":"Fought Bandits","damage_taken":0,"max_hp_gain":0,"max_hp_loss":0,"event_name":"Masked Bandits","floor":21,"gold_loss":0},{"damage_healed":0,"gold_gain":0,"cards_transformed":["Strike_B","Strike_B"],"player_choice":"Became Test Subject","damage_taken":0,"max_hp_gain":0,"max_hp_loss":0,"event_name":"Drug Dealer","floor":22,"gold_loss":0,"cards_obtained":["Skim","Reprogram"]},{"damage_healed":0,"gold_gain":222,"player_choice":"Wore Mask","damage_taken":0,"max_hp_gain":0,"max_hp_loss":0,"event_name":"Tomb of Lord Red Mask","floor":37,"gold_loss":0},{"damage_healed":0,"gold_gain":333,"player_choice":"Gave Idol","damage_taken":0,"max_hp_gain":0,"max_hp_loss":0,"event_name":"The Moai Head","floor":38,"relics_lost":["Golden Idol"],"gold_loss":0},{"cards_removed":["Defend_B"],"damage_healed":0,"gold_gain":0,"player_choice":"Upgrade and Remove","damage_taken":0,"max_hp_gain":0,"max_hp_loss":0,"event_name":"Designer","floor":39,"gold_loss":90,"cards_upgraded":["BootSequence"]}],"is_beta":false,"boss_relics":[{"not_picked":["Fusion Hammer","FrozenCore"],"picked":"Velvet Choker"},{"not_picked":["Cursed Key","White Beast Statue"],"picked":"Astrolabe"}],"items_purged_floors":[5,20,47],"is_endless":false,"potions_floor_spawned":[10,12,13,16,19,24,25,27,33,44,46,48],"ascension_level":2}