{"gold_per_floor":[115,127,127,52,75,108,122,122,122,47,47,47,64,97,97,173,173,188,199,3,15,65,65,84,84,84,110,110,110,135,146,146,146],"floor_reached":33,"playtime":1883,"items_purged":["Strike_R"],"score":572,"play_id":"4d826363-f278-4fda-b8c5-32cb7092582b","local_time":"20190131112658","is_ascension_mode":true,"campfire_choices":[{"data":"Barricade","floor":8,"key":"SMITH"},{"data":"Iron Wave","floor":12,"key":"SMITH"},{"data":"Body Slam","floor":15,"key":"SMITH"},{"floor":23,"key":"REST"},{"data":"Body Slam","floor":25,"key":"SMITH"},{"floor":28,"key":"REST"},{"floor":32,"key":"REST"}],"neow_cost":"NONE","seed_source_timestamp":1034639282196359,"circlet_count":0,"master_deck":["AscendersBane","Strike_R+1","Strike_R+1","Strike_R+1","Strike_R+1","Defend_R+1","Defend_R+1","Defend_R+1","Defend_R+1","Bash+1","Iron Wave+1","Intimidate","Barricade+1","Body Slam+1","Offering","Thunderclap+1","Body Slam+1","Flame Barrier","Iron Wave+1","Whirlwind"],"relics":["Burning Blood","NeowsBlessing","Bag of Preparation","Gambling Chip","Gremlin Horn","Mercury Hourglass","Black Star","Turnip","Blue Candle","Bottled Flame","Whetstone","Dodecahedron"],"potions_floor_usage":[14,19,27,27,27,33],"damage_taken":[{"damage":0,"enemies":"Cultist","floor":1,"turns":1},{"damage":0,"enemies":"Jaw Worm","floor":2,"turns":1},{"damage":0,"enemies":"Lagavulin","floor":6,"turns":1},{"damage":2,"enemies":"2 Louse","floor":7,"turns":4},{"damage":0,"enemies":"Gremlin Gang","floor":13,"turns":5},{"damage":28,"enemies":"3 Sentries","floor":14,"turns":10},{"damage":44,"enemies":"The Guardian","floor":16,"turns":14},{"damage":14,"enemies":"Shell Parasite","floor":18,"turns":7},{"damage":17,"enemies":"Chosen","floor":19,"turns":5},{"damage":36,"enemies":"Snake Plant","floor":21,"turns":6},{"damage":6,"enemies":"Snecko","floor":24,"turns":4},{"damage":21,"enemies":"Gremlin Leader","floor":27,"turns":7},{"damage":35,"enemies":"Slavers","floor":30,"turns":7},{"damage":10,"enemies":"Shelled Parasite and Fungi","floor":31,"turns":4},{"damage":53,"enemies":"Automaton","floor":33,"turns":12}],"seed_played":"1537533262892046791","potions_obtained":[{"floor":2,"key":"Poison Potion"},{"floor":7,"key":"Ancient Potion"},{"floor":16,"key":"Block Potion"},{"floor":21,"key":"EntropicBrew"},{"floor":30,"key":"Swift Potion"},{"floor":31,"key":"PowerPotion"}],"is_trial":false,"path_per_floor":["M","M","?","$","T","E","M","R","T","$","?","R","M","E","R","B",null,"M","M","$","M","?","R","M","R","T","E","R","?","E","M","R","B"],"character_chosen":"IRONCLAD","items_purchased":["Barricade","Body Slam","Flame Barrier","Iron Wave"],"campfire_rested":3,"item_purchase_floors":[4,20,20,20],"current_hp_per_floor":[74,75,75,75,75,75,75,75,75,75,75,75,75,53,53,15,60,52,41,41,11,11,33,33,33,33,18,40,40,11,7,29,0],"gold":146,"neow_bonus":"THREE_ENEMY_KILL","is_prod":false,"is_daily":false,"chose_seed":false,"campfire_upgraded":4,"win_rate":0,"timestamp":1548930418,"path_taken":["M","?","?","$","?","E","M","R","T","$","?","R","?","E","R","BOSS","M","M","$","M","?","R","M","R","T","E","R","?","E","M","R","BOSS"],"build_version":"2019-01-23","purchased_purges":1,"victory":false,"max_hp_per_floor":[75,75,75,75,75,75,75,75,75,75,75,75,75,75,75,75,75,75,75,75,75,75,75,75,75,75,75,75,75,75,75,75,75],"card_choices":[{"not_picked":["Twin Strike","Carnage"],"picked":"Iron Wave","floor":1},{"not_picked":["Shockwave","Havoc"],"picked":"Intimidate","floor":2},{"not_picked":["Combust","Brutality","Fire Breathing"],"picked":"SKIP","floor":6},{"not_picked":["Combust","Brutality","Fire Breathing"],"picked":"SKIP","floor":6},{"not_picked":["Sword Boomerang","Dropkick","Infernal Blade"],"picked":"SKIP","floor":7},{"not_picked":["Clothesline","Warcry"],"picked":"Body Slam","floor":13},{"not_picked":["Infernal Blade","Perfected Strike","Seeing Red"],"picked":"SKIP","floor":14},{"not_picked":["Immolate","Double Tap"],"picked":"Offering","floor":16},{"not_picked":["True Grit","Clothesline"],"picked":"Thunderclap","floor":18},{"not_picked":["Headbutt","Wild Strike","Cleave"],"picked":"SKIP","floor":19},{"not_picked":["Perfected Strike","Disarm","Dropkick+1"],"picked":"SKIP","floor":21},{"not_picked":["True Grit","Bludgeon","Headbutt"],"picked":"SKIP","floor":24},{"not_picked":["Anger","Clothesline","Searing Blow"],"picked":"SKIP","floor":27},{"not_picked":["Intimidate","Anger"],"picked":"Whirlwind","floor":30},{"not_picked":["Heavy Blade","Havoc","Pommel Strike+1"],"picked":"SKIP","floor":31}],"player_experience":660655,"relics_obtained":[{"floor":5,"key":"Bag of Preparation"},{"floor":6,"key":"Gambling Chip"},{"floor":9,"key":"Gremlin Horn"},{"floor":14,"key":"Mercury Hourglass"},{"floor":26,"key":"Turnip"},{"floor":27,"key":"Blue Candle"},{"floor":27,"key":"Bottled Flame"},{"floor":30,"key":"Whetstone"},{"floor":30,"key":"Dodecahedron"}],"event_choices":[{"damage_healed":0,"gold_gain":0,"player_choice":"Upgraded","damage_taken":0,"max_hp_gain":0,"max_hp_loss":0,"event_name":"Upgrade Shrine","floor":3,"gold_loss":0,"cards_upgraded":["Bash"]},{"damage_healed":0,"gold_gain":0,"player_choice":"0 cards matched","damage_taken":0,"max_hp_gain":0,"max_hp_loss":0,"event_name":"Match and Keep!","floor":11,"gold_loss":0,"cards_obtained":[]},{"damage_healed":0,"gold_gain":0,"player_choice":"0 cards matched","damage_taken":0,"max_hp_gain":0,"max_hp_loss":0,"event_name":"Match and Keep!","floor":11,"gold_loss":0,"cards_obtained":[]},{"damage_healed":0,"gold_gain":50,"player_choice":"Stole From Cult","damage_taken":0,"max_hp_gain":0,"max_hp_loss":0,"event_name":"Nest","floor":22,"gold_loss":0},{"damage_healed":0,"gold_gain":0,"player_choice":"Simplicity","damage_taken":0,"max_hp_gain":0,"max_hp_loss":0,"event_name":"Back to Basics","floor":29,"gold_loss":0,"cards_upgraded":["Strike_R","Strike_R","Strike_R","Strike_R","Defend_R","Defend_R","Defend_R","Defend_R"]}],"is_beta":true,"boss_relics":[{"not_picked":["Black Blood","Runic Cube"],"picked":"Black Star"}],"items_purged_floors":[10],"is_endless":false,"potions_floor_spawned":[2,7,16,18,21,30,31],"killed_by":"Automaton","ascension_level":16}