{"gold_per_floor":[111,111,126,126,144,144,175,175,200,218,247,265,265],"floor_reached":13,"playtime":712,"items_purged":[],"score":95,"play_id":"6dfb8ad5-5f9f-4a50-bb5c-5ce7f8549f9b","local_time":"20190204170858","is_ascension_mode":false,"campfire_choices":[{"floor":6,"key":"RECALL"},{"floor":8,"key":"REST"}],"neow_cost":"NONE","seed_source_timestamp":274984681609542,"circlet_count":0,"master_deck":["Strike_B","Strike_B","Strike_B","Defend_B","Defend_B","Defend_B","Defend_B","Zap","Dualcast","Blizzard","Genetic Algorithm","Skim","Steam","Conserve Battery","Conserve Battery","Capacitor","Rebound","Sweeping Beam"],"relics":["Cracked Core","Regal Pillow","Ancient Tea Set","Orichalcum","Girya"],"potions_floor_usage":[7,11,13],"damage_taken":[{"damage":11,"enemies":"Jaw Worm","floor":1,"turns":3},{"damage":17,"enemies":"Cultist","floor":3,"turns":5},{"damage":0,"enemies":"Small Slimes","floor":5,"turns":4},{"damage":28,"enemies":"Lagavulin","floor":7,"turns":8},{"damage":0,"enemies":"Red Slaver","floor":10,"turns":6},{"damage":53,"enemies":"Gremlin Nob","floor":11,"turns":6},{"damage":2,"enemies":"Blue Slaver","floor":12,"turns":4},{"damage":1,"enemies":"Gremlin Gang","floor":13,"turns":1}],"seed_played":"-2341628063111759458","potions_obtained":[{"floor":3,"key":"Fire Potion"},{"floor":7,"key":"GamblersBrew"},{"floor":10,"key":"Weak Potion"},{"floor":11,"key":"SteroidPotion"}],"is_trial":false,"path_per_floor":["M","?","M","?","M","R","E","R","T","M","E","M","M"],"character_chosen":"DEFECT","items_purchased":[],"campfire_rested":1,"item_purchase_floors":[],"current_hp_per_floor":[64,64,47,47,47,47,19,56,56,56,3,1,0],"gold":265,"neow_bonus":"THREE_CARDS","is_prod":false,"is_daily":false,"chose_seed":false,"campfire_upgraded":0,"win_rate":0,"timestamp":1549296538,"path_taken":["M","?","M","?","?","R","E","R","T","M","E","M","?"],"build_version":"2019-01-23","purchased_purges":0,"victory":false,"max_hp_per_floor":[75,75,75,75,75,75,75,75,75,75,75,75,75],"card_choices":[{"not_picked":["Sunder","Hologram"],"picked":"Blizzard","floor":0},{"not_picked":["Go for the Eyes","Force Field"],"picked":"Genetic Algorithm","floor":1},{"not_picked":["Ball Lightning","Melter"],"picked":"Steam","floor":3},{"not_picked":["Turbo","Fusion"],"picked":"Conserve Battery","floor":5},{"not_picked":["Tempest","Compile Driver"],"picked":"Conserve Battery","floor":7},{"not_picked":["Heatsinks","Fusion"],"picked":"Capacitor","floor":10},{"not_picked":["Streamline","Scrape"],"picked":"Rebound","floor":11},{"not_picked":["Storm","Conserve Battery"],"picked":"Sweeping Beam","floor":12}],"player_experience":549046,"relics_obtained":[{"floor":4,"key":"Regal Pillow"},{"floor":7,"key":"Ancient Tea Set"},{"floor":9,"key":"Orichalcum"},{"floor":11,"key":"Girya"}],"event_choices":[{"damage_healed":0,"gold_gain":0,"cards_transformed":["Strike_B"],"player_choice":"Change","damage_taken":0,"max_hp_gain":0,"max_hp_loss":0,"event_name":"Living Wall","floor":2,"gold_loss":0,"cards_obtained":["Skim"]},{"damage_healed":0,"gold_gain":0,"player_choice":"Relic","damage_taken":0,"max_hp_gain":0,"max_hp_loss":0,"event_name":"Wheel of Change","floor":4,"gold_loss":0}],"is_beta":false,"boss_relics":[],"items_purged_floors":[],"is_endless":false,"potions_floor_spawned":[3,7,10,11],"killed_by":"Gremlin Gang","ascension_level":0}