{"gold_per_floor":[115,127,138,138,157,157,177,210,236,236,236,256,256,270,270,366,366,380,75,75,95,95,95,105,122,148,148,161,191,191,91,91,196,196,215,7,7,22,22,22,48,48,72,48,67,67,82,82,82,82],"floor_reached":50,"playtime":2862,"items_purged":["Strike_G","Strike_G"],"score":517,"play_id":"3ff95957-ea1f-48a1-b491-d802caffd8bc","local_time":"20190129023743","is_ascension_mode":false,"campfire_choices":[{"data":"Noxious Fumes","floor":6,"key":"SMITH"},{"floor":10,"key":"REST"},{"data":"Bullet Time","floor":15,"key":"SMITH"},{"data":"Noxious Fumes","floor":23,"key":"SMITH"},{"floor":27,"key":"REST"},{"floor":30,"key":"REST"},{"data":"Footwork","floor":32,"key":"SMITH"},{"floor":40,"key":"REST"},{"floor":46,"key":"REST"},{"data":"Envenom","floor":49,"key":"SMITH"}],"neow_cost":"NONE","seed_source_timestamp":1194246935668800,"circlet_count":0,"master_deck":["Defend_G","Defend_G","Defend_G","Strike_G+1","Survivor+1","Neutralize","Noxious Fumes+1","Backflip","Noxious Fumes+1","Dagger Throw+1","Bullet Time+1","Poisoned Stab","Dodge and Roll","Dagger Spray","Outmaneuver","Bane+1","Footwork+1","Infinite Blades+1","Well Laid Plans","Noxious Fumes","Envenom+1","Bane+1","Calculated Gamble+1","Bane+1","Backflip+1","Poisoned Stab+1"],"relics":["Ring of the Snake","Regal Pillow","Omamori","Busted Crown","TwistedFunnel","Whetstone","Bag of Preparation","Empty Cage","DollysMirror","Snake Skull","Molten Egg 2","Vajra"],"potions_floor_usage":[8,8,16,21,25,28,50,50],"damage_taken":[{"damage":0,"enemies":"Jaw Worm","floor":1,"turns":5},{"damage":2,"enemies":"Cultist","floor":2,"turns":5},{"damage":7,"enemies":"Small Slimes","floor":3,"turns":7},{"damage":13,"enemies":"3 Louse","floor":5,"turns":4},{"damage":7,"enemies":"Blue Slaver","floor":7,"turns":5},{"damage":32,"enemies":"Lagavulin","floor":8,"turns":7},{"damage":1,"enemies":"2 Fungi Beasts","floor":12,"turns":4},{"damage":2,"enemies":"Looter","floor":14,"turns":4},{"damage":29,"enemies":"Slime Boss","floor":16,"turns":8},{"damage":15,"enemies":"3 Byrds","floor":18,"turns":5},{"damage":2,"enemies":"Spheric Guardian","floor":21,"turns":5},{"damage":6,"enemies":"Centurion and Healer","floor":24,"turns":6},{"damage":19,"enemies":"Snake Plant","floor":25,"turns":5},{"damage":24,"enemies":"Chosen and Byrds","floor":28,"turns":7},{"damage":17,"enemies":"Gremlin Leader","floor":29,"turns":5},{"damage":24,"enemies":"Champ","floor":33,"turns":11},{"damage":8,"enemies":"Orb Walker","floor":35,"turns":5},{"damage":32,"enemies":"3 Shapes","floor":38,"turns":4},{"damage":50,"enemies":"Nemesis","floor":41,"turns":7},{"damage":0,"enemies":"Transient","floor":45,"turns":5},{"damage":0,"enemies":"Jaw Worm Horde","floor":47,"turns":4},{"damage":66,"enemies":"Time Eater","floor":50,"turns":8}],"seed_played":"-2536592736254929277","potions_obtained":[{"floor":1,"key":"Dexterity Potion"},{"floor":2,"key":"Poison Potion"},{"floor":5,"key":"SkillPotion"},{"floor":14,"key":"AttackPotion"},{"floor":16,"key":"Energy Potion"},{"floor":18,"key":"PowerPotion"},{"floor":24,"key":"Ancient Potion"},{"floor":25,"key":"Poison Potion"},{"floor":47,"key":"Dexterity Potion"}],"is_trial":false,"path_per_floor":["M","M","M","?","M","R","M","E","T","R","?","M","?","M","R","B",null,"M","$","?","M","?","R","M","M","T","R","M","E","R","$","R","B",null,"M","$","?","M","?","R","E","?","T","$","M","R","M","?","R","B"],"character_chosen":"THE_SILENT","items_purchased":["TwistedFunnel","Footwork","DollysMirror","Bane+1"],"campfire_rested":5,"item_purchase_floors":[19,19,36,44],"current_hp_per_floor":[70,68,61,61,48,48,41,9,9,45,31,30,53,51,51,22,70,55,55,55,53,40,40,34,15,15,52,28,11,48,48,48,24,75,67,67,67,35,35,72,22,22,22,22,22,59,59,59,59,0],"gold":82,"neow_bonus":"THREE_CARDS","is_prod":false,"is_daily":false,"chose_seed":false,"campfire_upgraded":5,"win_rate":0.0,"timestamp":1548747463,"path_taken":["M","M","M","?","?","R","M","E","T","R","?","M","?","M","R","BOSS","M","$","?","M","?","R","M","M","T","R","M","E","R","$","R","BOSS","M","$","?","M","?","R","E","?","T","$","?","R","?","?","R","BOSS"],"build_version":"2019-01-23","purchased_purges":2,"victory":false,"max_hp_per_floor":[70,70,70,70,70,70,70,70,70,70,70,70,70,70,70,70,70,70,70,70,70,75,75,75,75,75,75,75,75,75,75,75,75,75,75,75,75,75,75,75,75,75,75,75,75,75,75,75,75,75],"card_choices":[{"not_picked":["Underhanded Strike","Sucker Punch"],"picked":"Noxious Fumes","floor":0},{"not_picked":["Blur","Heel Hook"],"picked":"Backflip","floor":1},{"not_picked":["Dash","Sucker Punch"],"picked":"Noxious Fumes","floor":2},{"not_picked":["Caltrops","Skewer"],"picked":"Dagger Throw","floor":3},{"not_picked":["Choke","Doppelganger"],"picked":"Poisoned Stab","floor":5},{"not_picked":["Blade Dance","Acrobatics"],"picked":"Dodge and Roll","floor":7},{"not_picked":["Poisoned Stab","Outmaneuver"],"picked":"Dagger Spray","floor":8},{"not_picked":["Dagger Throw","Escape Plan"],"picked":"Outmaneuver","floor":12},{"not_picked":["Underhanded Strike","PiercingWail"],"picked":"Bane","floor":14},{"not_picked":["Doppelganger","Glass Knife"],"picked":"Corpse Explosion","floor":16},{"not_picked":["Terror"],"picked":"SKIP","floor":18},{"not_picked":["Cloak And Dagger"],"picked":"SKIP","floor":21},{"not_picked":[],"picked":"Infinite Blades+1","floor":24},{"not_picked":["Expertise"],"picked":"SKIP","floor":25},{"not_picked":[],"picked":"Well Laid Plans","floor":28},{"not_picked":[],"picked":"Noxious Fumes","floor":29},{"not_picked":[],"picked":"Envenom","floor":33},{"not_picked":["Underhanded Strike+1"],"picked":"SKIP","floor":35},{"not_picked":["Cloak And Dagger"],"picked":"SKIP","floor":38},{"not_picked":[],"picked":"Calculated Gamble+1","floor":41},{"not_picked":[],"picked":"Backflip+1","floor":45},{"not_picked":[],"picked":"Poisoned Stab+1","floor":47}],"player_experience":69482,"relics_obtained":[{"floor":8,"key":"Regal Pillow"},{"floor":9,"key":"Omamori"},{"floor":26,"key":"Whetstone"},{"floor":29,"key":"Bag of Preparation"},{"floor":41,"key":"Snake Skull"},{"floor":43,"key":"Vajra"}],"event_choices":[{"damage_healed":0,"gold_gain":0,"cards_transformed":["Strike_G"],"player_choice":"Transformed","damage_taken":0,"max_hp_gain":0,"max_hp_loss":0,"event_name":"Transmorgrifier","floor":4,"gold_loss":0,"cards_obtained":["Bullet Time"]},{"damage_healed":0,"gold_gain":0,"player_choice":"Entered Light","damage_taken":14,"max_hp_gain":0,"max_hp_loss":0,"event_name":"Shining Light","floor":11,"gold_loss":0,"cards_upgraded":["Survivor","Dagger Throw"]},{"damage_healed":23,"gold_gain":0,"player_choice":"Banana","damage_taken":0,"max_hp_gain":0,"max_hp_loss":0,"event_name":"Big Fish","floor":13,"gold_loss":0},{"cards_removed":["Strike_G"],"damage_healed":0,"gold_gain":0,"player_choice":"Elegance","damage_taken":0,"max_hp_gain":0,"max_hp_loss":0,"event_name":"Back to Basics","floor":20,"gold_loss":0},{"damage_healed":0,"gold_gain":0,"player_choice":"Shed Blood","damage_taken":18,"max_hp_gain":5,"max_hp_loss":0,"event_name":"Forgotten Altar","floor":22,"gold_loss":0},{"cards_removed":["Corpse Explosion"],"damage_healed":0,"gold_gain":0,"player_choice":"Removed Skill","damage_taken":0,"max_hp_gain":0,"max_hp_loss":0,"event_name":"Falling","floor":37,"gold_loss":0},{"damage_healed":0,"gold_gain":0,"player_choice":"Ignored","damage_taken":0,"max_hp_gain":0,"max_hp_loss":0,"event_name":"Mysterious Sphere","floor":39,"gold_loss":0},{"damage_healed":0,"gold_gain":0,"player_choice":"Gave Potion","damage_taken":0,"relics_obtained":["Molten Egg 2"],"max_hp_gain":0,"max_hp_loss":0,"event_name":"WeMeetAgain","floor":42,"gold_loss":0},{"damage_healed":0,"gold_gain":0,"player_choice":"Memory 1","damage_taken":0,"max_hp_gain":0,"max_hp_loss":0,"event_name":"SensoryStone","floor":48,"gold_loss":0}],"is_beta":false,"boss_relics":[{"not_picked":["Snecko Eye","Orrery"],"picked":"Busted Crown"},{"not_picked":["HoveringKite","Lizard Tail"],"picked":"Empty Cage"}],"items_purged_floors":[19,31],"is_endless":false,"potions_floor_spawned":[1,2,5,14,16,18,24,25,47],"killed_by":"Time Eater","ascension_level":0}