{"gold_per_floor":[109,109,184,109,22,56,56,82,82,95,110,129,161,40,40,113,163,177,177,177,76,76,76,106,106,133,148,148,148],"floor_reached":29,"playtime":842,"items_purged":["Strike_R","Strike_R","Strike_R"],"score":507,"play_id":"53fb08ae-9ce1-44d6-92aa-4456fcf76d8e","local_time":"20190204235642","is_ascension_mode":true,"campfire_choices":[{"data":"Metallicize","floor":7.0,"key":"SMITH"},{"data":"Metallicize","floor":15.0,"key":"SMITH"},{"floor":23,"key":"REST"},{"floor":25,"key":"REST"}],"neow_cost":"NONE","seed_source_timestamp":0,"circlet_count":0,"master_deck":["AscendersBane","Strike_R","Strike_R","Defend_R","Defend_R","Defend_R","Defend_R","Bash","Shrug It Off","Dramatic Entrance","Metallicize+1","Pommel Strike","Spot Weakness","Battle Trance+1","Clothesline","Reaper","Metallicize+1","Immolate","Cleave","Anger","Shockwave","Iron Wave","Limit Break"],"special_seed":0,"relics":["Burning Blood","NeowsBlessing","Bag of Marbles","Smiling Mask","Ornamental Fan","Bottled Flame","Mercury Hourglass","Tiny House","The Courier","Blood Vial","Enchiridion"],"potions_floor_usage":[24,24],"damage_taken":[{"damage":0.0,"enemies":"2 Louse","floor":1.0,"turns":1.0},{"damage":0.0,"enemies":"Lagavulin","floor":6.0,"turns":1.0},{"damage":0.0,"enemies":"3 Sentries","floor":8.0,"turns":1.0},{"damage":3.0,"enemies":"Jaw Worm","floor":10.0,"turns":4.0},{"damage":8.0,"enemies":"Small Slimes","floor":11.0,"turns":3.0},{"damage":1.0,"enemies":"Blue Slaver","floor":12.0,"turns":5.0},{"damage":8.0,"enemies":"Lagavulin","floor":13.0,"turns":8.0},{"damage":39.0,"enemies":"Hexaghost","floor":16.0,"turns":11.0},{"damage":17,"enemies":"2 Thieves","floor":18,"turns":2},{"damage":34,"enemies":"Colosseum Slavers","floor":19,"turns":4},{"damage":50,"enemies":"Book of Stabbing","floor":24,"turns":8},{"damage":7,"enemies":"Chosen","floor":27,"turns":5},{"damage":42,"enemies":"Gremlin Leader","floor":29,"turns":6}],"seed_played":"8625787012769996360","potions_obtained":[{"floor":8.0,"key":"Weak Potion"},{"floor":10.0,"key":"Dexterity Potion"},{"floor":24,"key":"Swift Potion"}],"is_trial":false,"path_per_floor":["M","?","?","$","$","E","R","E","T","M","M","M","E","$","R","B",null,"M","?","?","$","?","R","E","R","T","M","?","E"],"character_chosen":"IRONCLAD","items_purchased":["Dramatic Entrance","Metallicize","Anger"],"campfire_rested":2,"item_purchase_floors":[5,14,21],"current_hp_per_floor":[78,66,55,55,55,61,61,67,67,70,68,73,71,71,71,38,75,64,42,42,42,42,67,23,48,48,49,33,0],"gold":148,"neow_bonus":"THREE_ENEMY_KILL","is_prod":false,"is_daily":false,"chose_seed":false,"campfire_upgraded":2,"win_rate":0,"timestamp":1549342602,"path_taken":["M","?","?","?","$","E","R","E","T","M","M","M","E","$","R","BOSS","M","?","?","$","?","R","E","R","T","M","?","E"],"build_version":"2019-01-23","purchased_purges":3,"victory":false,"max_hp_per_floor":[80,80,80,80,80,80,80,80,80,80,80,80,80,80,80,80,85,85,85,85,85,85,85,85,85,85,85,85,85],"card_choices":[{"not_picked":["Armaments","Iron Wave"],"picked":"Shrug It Off","floor":1.0},{"not_picked":["True Grit","Iron Wave"],"picked":"Metallicize","floor":6.0},{"not_picked":["Heavy Blade","Warcry"],"picked":"Pommel Strike","floor":8.0},{"not_picked":["Combust","Clash"],"picked":"Spot Weakness","floor":10.0},{"not_picked":["Rampage","Pummel"],"picked":"Battle Trance","floor":11.0},{"not_picked":["Wild Strike","Cleave"],"picked":"Clothesline","floor":12.0},{"not_picked":["Clothesline","Anger"],"picked":"Reaper","floor":13.0},{"not_picked":["Bludgeon","Exhume"],"picked":"Immolate","floor":16.0},{"not_picked":["Wild Strike","Power Through"],"picked":"Cleave","floor":17},{"not_picked":["Blood for Blood","Entrench","Twin Strike"],"picked":"SKIP","floor":18},{"not_picked":["True Grit","Wild Strike"],"picked":"Iron Wave","floor":24},{"not_picked":["Iron Wave","Anger"],"picked":"Limit Break","floor":27}],"player_experience":227368,"relics_obtained":[{"floor":6.0,"key":"Smiling Mask"},{"floor":8.0,"key":"Ornamental Fan"},{"floor":9.0,"key":"Bottled Flame"},{"floor":13.0,"key":"Mercury Hourglass"},{"floor":24,"key":"The Courier"},{"floor":26,"key":"Blood Vial"},{"floor":28,"key":"Enchiridion"}],"event_choices":[{"damage_healed":0.0,"max_hp_gain":0.0,"max_hp_loss":0.0,"gold_gain":0.0,"event_name":"Scrap Ooze","player_choice":"Success","floor":2.0,"gold_loss":0.0,"damage_taken":12.0,"relics_obtained":["Bag of Marbles"]},{"damage_healed":0.0,"max_hp_gain":0.0,"max_hp_loss":0.0,"gold_gain":75.0,"event_name":"World of Goop","player_choice":"Gather Gold","floor":3.0,"gold_loss":0.0,"damage_taken":11.0},{"damage_healed":0,"gold_gain":0,"player_choice":"Fight","damage_taken":0,"max_hp_gain":0,"max_hp_loss":0,"event_name":"Colosseum","floor":19,"gold_loss":0},{"damage_healed":0,"gold_gain":0,"player_choice":"Fled From Nobs","damage_taken":0,"max_hp_gain":0,"max_hp_loss":0,"event_name":"Colosseum","floor":19,"gold_loss":0},{"damage_healed":0,"gold_gain":0,"player_choice":"Ignored","damage_taken":0,"max_hp_gain":0,"max_hp_loss":0,"event_name":"Vampires","floor":20,"gold_loss":0},{"damage_healed":0,"gold_gain":0,"player_choice":"Read","damage_taken":0,"max_hp_gain":0,"max_hp_loss":0,"event_name":"The Library","floor":22,"gold_loss":0,"cards_obtained":["Shockwave"]},{"damage_healed":0,"gold_gain":0,"player_choice":"Obtained Book","damage_taken":16,"max_hp_gain":0,"max_hp_loss":0,"event_name":"Cursed Tome","floor":28,"gold_loss":0}],"is_beta":false,"boss_relics":[{"not_picked":["Orrery","Pandora\u0027s Box"],"picked":"Tiny House"}],"items_purged_floors":[4,14,21],"is_endless":false,"potions_floor_spawned":[8,10,12,13,24],"killed_by":"Gremlin Leader","ascension_level":13}