{"gold_per_floor":[112,112,132,143,159,159,112,145,199,219,246,246,266,37,37,142,142,158,173,173,98,111,111,141,141,192,227,227,227,242,272,272,367,367,383,383,383,399,446,477,477,503,503,31,61,61,75,85,85,85],"floor_reached":51,"playtime":3447,"items_purged":["Injury"],"score":1043,"play_id":"aa7722bd-4c90-4a5f-a0b3-0a546c8423af","local_time":"20180926100913","is_ascension_mode":true,"campfire_choices":[{"data":"Perfected Strike","floor":6,"key":"SMITH"},{"data":"Perfected Strike","floor":12,"key":"SMITH"},{"data":"Double Tap","floor":15,"key":"SMITH"},{"data":"Armaments","floor":23,"key":"SMITH"},{"data":"Exhume","floor":25,"key":"SMITH"},{"data":"Ghostly","floor":32,"key":"SMITH"},{"data":"Offering","floor":46,"key":"SMITH"},{"data":"Ghostly","floor":49,"key":"SMITH"}],"neow_cost":"NONE","seed_source_timestamp":1087036122524107,"circlet_count":0,"master_deck":["Strike_R+1","Strike_R","Strike_R","Strike_R","Defend_R","Defend_R","Defend_R+1","Bash","Perfected Strike+1","Warcry","Headbutt","Thunderclap","Perfected Strike+1","Shrug It Off","Headbutt","Armaments+1","Double Tap+1","Seeing Red","Warcry+1","Ghostly+1","Ghostly+1","Ghostly","Ghostly","Ghostly","Exhume+1","Shrug It Off","Bloodletting","Ghostly Armor","Offering+1","Madness","Madness","Violence","Perfected Strike+1"],"relics":["Burning Blood","Letter Opener","PreservedInsect","Bronze Scales","Cursed Key","Oddly Smooth Stone","Orichalcum","Pocketwatch","Strawberry","Black Star","Prayer Wheel","Centennial Puzzle","Happy Flower","Frozen Egg 2","Bottled Lightning","Lee\u0027s Waffle","Question Card","Gremlin Horn"],"potions_floor_usage":[8,24,38,50,50,50],"damage_taken":[{"damage":4,"enemies":"Jaw Worm","floor":1,"turns":4},{"damage":1,"enemies":"Small Slimes","floor":3,"turns":3},{"damage":1,"enemies":"Cultist","floor":4,"turns":3},{"damage":11,"enemies":"Exordium Thugs","floor":5,"turns":4},{"damage":0,"enemies":"Lagavulin","floor":8,"turns":2},{"damage":1,"enemies":"2 Fungi Beasts","floor":10,"turns":3},{"damage":8,"enemies":"Gremlin Nob","floor":11,"turns":3},{"damage":0,"enemies":"3 Louse","floor":13,"turns":3},{"damage":59,"enemies":"The Guardian","floor":16,"turns":7},{"damage":22,"enemies":"Shell Parasite","floor":18,"turns":3},{"damage":0,"enemies":"Chosen","floor":19,"turns":4},{"damage":3,"enemies":"Shelled Parasite and Fungi","floor":22,"turns":5},{"damage":5,"enemies":"Gremlin Leader","floor":24,"turns":4},{"damage":3,"enemies":"Book of Stabbing","floor":27,"turns":4},{"damage":0,"enemies":"3 Cultists","floor":30,"turns":5},{"damage":0,"enemies":"Gremlin Leader","floor":31,"turns":4},{"damage":7,"enemies":"Automaton","floor":33,"turns":10},{"damage":9,"enemies":"3 Shapes","floor":35,"turns":3},{"damage":9,"enemies":"3 Darklings","floor":38,"turns":2},{"damage":2,"enemies":"Mysterious Sphere","floor":39,"turns":6},{"damage":6,"enemies":"Nemesis","floor":40,"turns":5},{"damage":21,"enemies":"Giant Head","floor":42,"turns":7},{"damage":2,"enemies":"2 Orb Walkers","floor":45,"turns":2},{"damage":6,"enemies":"Reptomancer","floor":47,"turns":4},{"damage":6,"enemies":"Jaw Worm Horde","floor":48,"turns":2},{"damage":40,"enemies":"Awakened One","floor":50,"turns":14}],"seed_played":"-2364285776072103969","potions_obtained":[{"floor":1,"key":"AttackPotion"},{"floor":8,"key":"SmokeBomb"},{"floor":16,"key":"Swift Potion"},{"floor":19,"key":"Swift Potion"},{"floor":27,"key":"SneckoOil"},{"floor":30,"key":"EssenceOfSteel"},{"floor":35,"key":"Dexterity Potion"},{"floor":45,"key":"BloodPotion"},{"floor":47,"key":"Energy Potion"}],"is_trial":false,"path_per_floor":["M","?","M","M","M","R","$","E","T","M","E","R","M","$","R","B",null,"M","M","?","?","M","R","E","R","T","E","?","?","M","E","R","B",null,"M","?","?","M","?","E","?","E","T","$","E","R","M","M","R","B"],"character_chosen":"IRONCLAD","items_purchased":["Shrug It Off","Double Tap","Seeing Red","Violence","Lee\u0027s Waffle"],"campfire_rested":0,"item_purchase_floors":[7,14,14,44,44],"current_hp_per_floor":[80,64,69,74,69,69,69,75,75,80,78,78,80,80,80,27,80,64,70,40,40,40,40,40,40,40,40,35,35,41,52,52,51,52,49,49,42,39,43,43,43,28,28,59,59,59,59,59,59,25],"gold":85,"neow_bonus":"THREE_CARDS","is_prod":false,"is_daily":false,"chose_seed":false,"campfire_upgraded":8,"win_rate":0,"timestamp":1537949353,"path_taken":["M","?","M","M","M","R","?","E","T","M","E","R","M","$","R","BOSS","M","M","?","?","M","R","E","R","T","E","?","?","M","E","R","BOSS","M","?","?","?","?","E","?","E","T","$","E","R","M","M","R","BOSS"],"build_version":"2018-09-24","purchased_purges":1,"victory":true,"max_hp_per_floor":[80,80,80,80,80,80,80,80,80,80,80,80,80,80,80,80,80,80,80,40,40,40,40,40,40,40,40,45,45,45,52,52,52,52,52,52,52,52,52,52,52,52,52,59,59,59,59,59,59,59],"card_choices":[{"not_picked":["Iron Wave","Combust"],"picked":"Perfected Strike","floor":0},{"not_picked":["Blood for Blood","Twin Strike"],"picked":"Warcry","floor":1},{"not_picked":["Combust","Ghostly Armor"],"picked":"Headbutt","floor":3},{"not_picked":["Wild Strike","Sword Boomerang"],"picked":"Thunderclap","floor":4},{"not_picked":["Spot Weakness","Carnage"],"picked":"Perfected Strike","floor":5},{"not_picked":["Headbutt","Sentinel","Sever Soul"],"picked":"SKIP","floor":8},{"not_picked":["Sword Boomerang","Clothesline","Barricade"],"picked":"SKIP","floor":10},{"not_picked":["Twin Strike","Sword Boomerang"],"picked":"Headbutt","floor":11},{"not_picked":["Body Slam","Thunderclap"],"picked":"Armaments","floor":13},{"not_picked":["Twin Strike","Body Slam"],"picked":"Warcry+1","floor":18},{"not_picked":["Heavy Blade","Armaments","True Grit"],"picked":"SKIP","floor":19},{"not_picked":["Power Through+1","Dual Wield"],"picked":"Exhume","floor":22},{"not_picked":["Burning Pact+1","Shockwave"],"picked":"Shrug It Off","floor":24},{"not_picked":["Burning Pact","True Grit"],"picked":"Bloodletting","floor":27},{"not_picked":["Rupture+1","Headbutt","Pommel Strike"],"picked":"SKIP","floor":30},{"not_picked":["Power Through+1","Blood for Blood","Entrench"],"picked":"SKIP","floor":31},{"not_picked":["Reaper","Exhume"],"picked":"Offering","floor":33},{"not_picked":["Rupture+1","Clothesline","Heavy Blade"],"picked":"SKIP","floor":35},{"not_picked":["Thunderclap+1","Cleave+1","Pommel Strike"],"picked":"SKIP","floor":38},{"not_picked":["Headbutt","Rage+1","Wild Strike+1"],"picked":"SKIP","floor":40},{"not_picked":["Armaments+1","Flex+1","Second Wind"],"picked":"SKIP","floor":42},{"not_picked":["Heavy Blade","Thunderclap","Uppercut+1"],"picked":"SKIP","floor":45},{"not_picked":["Burning Pact+1","Wild Strike+1","Bludgeon"],"picked":"Perfected Strike+1","floor":47},{"not_picked":["Headbutt","Dropkick","Flame Barrier","Sword Boomerang"],"picked":"SKIP","floor":47},{"not_picked":["Twin Strike","Havoc+1","Bloodletting","Anger"],"picked":"SKIP","floor":48},{"not_picked":["Heavy Blade+1","Cleave+1","Warcry+1","Iron Wave+1"],"picked":"SKIP","floor":48}],"player_experience":110943,"relics_obtained":[{"floor":8,"key":"Letter Opener"},{"floor":9,"key":"PreservedInsect"},{"floor":11,"key":"Bronze Scales"},{"floor":24,"key":"Oddly Smooth Stone"},{"floor":26,"key":"Orichalcum"},{"floor":27,"key":"Pocketwatch"},{"floor":31,"key":"Strawberry"},{"floor":39,"key":"Prayer Wheel"},{"floor":40,"key":"Centennial Puzzle"},{"floor":40,"key":"Happy Flower"},{"floor":42,"key":"Frozen Egg 2"},{"floor":42,"key":"Bottled Lightning"},{"floor":45,"key":"Question Card"},{"floor":45,"key":"Gremlin Horn"}],"event_choices":[{"event_name":"Shining Light","player_choice":"Entered Light","floor":2,"damage_taken":0},{"event_name":"Ghosts","player_choice":"Became a Ghost","floor":20,"damage_taken":0},{"event_name":"Beggar","player_choice":"Gave Gold","floor":21,"damage_taken":0},{"event_name":"Forgotten Altar","player_choice":"Shed Blood","floor":28,"damage_taken":0},{"event_name":"The Library","player_choice":"Read","floor":29,"damage_taken":0},{"event_name":"Tomb of Lord Red Mask","player_choice":"Ignored","floor":36,"damage_taken":0},{"event_name":"Winding Halls","player_choice":"Embrace Madness","floor":37,"damage_taken":0},{"event_name":"Mysterious Sphere","player_choice":"Fight","floor":39,"damage_taken":0},{"event_name":"Falling","player_choice":"Removed Attack","floor":41,"damage_taken":0}],"is_beta":true,"boss_relics":[{"not_picked":["Lizard Tail","Ectoplasm"],"picked":"Cursed Key"},{"not_picked":["Velvet Choker","Orrery"],"picked":"Black Star"}],"items_purged_floors":[44],"is_endless":false,"potions_floor_spawned":[1,8,16,19,27,30,35,45,47],"ascension_level":2}