{"gold_per_floor":[109,109,123,133,145,172,137,137,183,183,183,183,200,225,225,225],"floor_reached":16,"playtime":727,"items_purged":[],"score":182,"play_id":"390cbdac-05bc-4cc3-934e-73aa585099c3","local_time":"20190127082735","is_ascension_mode":true,"campfire_choices":[{"data":"White Noise","floor":8.0,"key":"SMITH"},{"floor":10.0,"key":"REST"},{"data":"Zap","floor":12.0,"key":"SMITH"},{"floor":15,"key":"REST"}],"neow_cost":"NONE","seed_source_timestamp":679399354221075,"circlet_count":0,"master_deck":["AscendersBane","Strike_B","Strike_B","Strike_B","Strike_B","Defend_B","Defend_B","Defend_B","Defend_B","Zap+1","Dualcast+1","Forethought+1","Doom and Gloom","Auto Shields","Double Energy","Core Surge","White Noise+1","Compile Driver","Hologram"],"special_seed":0,"relics":["Cracked Core","Letter Opener","Ancient Tea Set","Bag of Preparation"],"potions_floor_usage":[],"damage_taken":[{"damage":5.0,"enemies":"2 Louse","floor":1.0,"turns":3.0},{"damage":0.0,"enemies":"Small Slimes","floor":3.0,"turns":3.0},{"damage":7.0,"enemies":"Jaw Worm","floor":4.0,"turns":4.0},{"damage":8.0,"enemies":"Large Slime","floor":5.0,"turns":5.0},{"damage":25.0,"enemies":"Lagavulin","floor":6.0,"turns":7.0},{"damage":0,"enemies":"Exordium Wildlife","floor":13,"turns":2},{"damage":35,"enemies":"3 Sentries","floor":14,"turns":5},{"damage":48,"enemies":"The Guardian","floor":16,"turns":7}],"seed_played":"1176222499164433711","potions_obtained":[{"floor":3.0,"key":"Energy Potion"},{"floor":4.0,"key":"LiquidBronze"},{"floor":6.0,"key":"FearPotion"},{"floor":13,"key":"Energy Potion"}],"is_trial":false,"path_per_floor":["M","?","M","M","M","E","?","R","T","R","?","R","M","E","R","B"],"character_chosen":"DEFECT","items_purchased":[],"campfire_rested":2,"item_purchase_floors":[],"current_hp_per_floor":[63,48,48,41,33,8,26,26,26,48,53,53,53,18,42,0],"gold":225,"neow_bonus":"RANDOM_COLORLESS","is_prod":false,"is_daily":false,"chose_seed":false,"campfire_upgraded":2,"win_rate":0,"timestamp":1548574055,"path_taken":["M","?","M","M","M","E","?","R","T","R","?","R","M","E","R","BOSS"],"build_version":"2019-01-23","purchased_purges":0,"victory":false,"max_hp_per_floor":[75,75,75,75,75,75,75,75,75,75,80,80,80,80,80,80],"card_choices":[{"not_picked":["Go for the Eyes","Streamline"],"picked":"Doom and Gloom","floor":1.0},{"not_picked":["Double Energy","Storm"],"picked":"Auto Shields","floor":3.0},{"not_picked":["Conserve Battery","Sweeping Beam"],"picked":"Double Energy","floor":4.0},{"not_picked":["Capacitor","Heatsinks"],"picked":"Core Surge","floor":5.0},{"not_picked":["Recycle","Storm"],"picked":"White Noise","floor":6.0},{"not_picked":["Double Energy","Barrage"],"picked":"Compile Driver","floor":13},{"not_picked":["Tempest","FTL"],"picked":"Hologram","floor":14}],"player_experience":634439,"relics_obtained":[{"floor":6.0,"key":"Letter Opener"},{"floor":9.0,"key":"Ancient Tea Set"},{"floor":14,"key":"Bag of Preparation"}],"event_choices":[{"damage_healed":0.0,"max_hp_gain":0.0,"max_hp_loss":0.0,"gold_gain":0.0,"event_name":"Shining Light","player_choice":"Entered Light","floor":2.0,"gold_loss":0.0,"damage_taken":15.0,"cards_upgraded":["Forethought","Dualcast"]},{"damage_healed":18.0,"max_hp_gain":0.0,"max_hp_loss":0.0,"gold_gain":0.0,"event_name":"The Cleric","player_choice":"Healed","floor":7.0,"gold_loss":35.0,"damage_taken":0.0},{"damage_healed":0.0,"max_hp_gain":5.0,"max_hp_loss":0.0,"gold_gain":0.0,"event_name":"Big Fish","player_choice":"Donut","floor":11.0,"gold_loss":0.0,"damage_taken":0.0}],"is_beta":true,"boss_relics":[],"items_purged_floors":[],"is_endless":false,"potions_floor_spawned":[3,4,6,13,14],"killed_by":"The Guardian","ascension_level":13}