{"gold_per_floor":[113,131,131,149,169,197,208,236,284,315,334,334,5,22,22,22],"floor_reached":16,"playtime":915,"items_purged":[],"score":155,"play_id":"fccd5c50-a7a2-4740-a860-fea7fda7851c","local_time":"20190128180508","is_ascension_mode":true,"campfire_choices":[{"floor":12,"key":"REST"},{"data":"Bash","floor":15,"key":"SMITH"}],"neow_cost":"NONE","seed_source_timestamp":1460679475631121,"circlet_count":0,"master_deck":["Strike_R","Strike_R","Strike_R","Strike_R","Strike_R","Defend_R","Defend_R","Defend_R","Defend_R","Bash+1","Clothesline","True Grit","Flame Barrier","Dropkick"],"relics":["Burning Blood","FaceOfCleric","Paper Frog","Ornamental Fan","Vajra","Letter Opener","Membership Card","Pantograph"],"potions_floor_usage":[5,7,8,16],"damage_taken":[{"damage":9,"enemies":"Jaw Worm","floor":1,"turns":4},{"damage":4,"enemies":"Cultist","floor":2,"turns":3},{"damage":7,"enemies":"2 Louse","floor":4,"turns":3},{"damage":15,"enemies":"Large Slime","floor":5,"turns":8},{"damage":38,"enemies":"Lagavulin","floor":6,"turns":12},{"damage":0,"enemies":"3 Louse","floor":7,"turns":3},{"damage":46,"enemies":"3 Sentries","floor":8,"turns":13},{"damage":10,"enemies":"Gremlin Nob","floor":10,"turns":3},{"damage":7,"enemies":"Exordium Wildlife","floor":11,"turns":3},{"damage":10,"enemies":"Looter","floor":14,"turns":2},{"damage":66,"enemies":"Hexaghost","floor":16,"turns":11}],"seed_played":"1258378472844548531","potions_obtained":[{"floor":4,"key":"EssenceOfSteel"},{"floor":5,"key":"AttackPotion"},{"floor":6,"key":"Swift Potion"},{"floor":8,"key":"Block Potion"},{"floor":10,"key":"EssenceOfSteel"}],"is_trial":false,"path_per_floor":["M","M","?","M","M","E","M","E","T","E","M","R","$","M","R","B"],"character_chosen":"IRONCLAD","items_purchased":["Membership Card","Pantograph"],"campfire_rested":1,"item_purchase_floors":[13,13],"current_hp_per_floor":[85,87,87,87,79,48,55,16,16,13,13,41,41,38,38,0],"gold":22,"neow_bonus":"TEN_PERCENT_HP_BONUS","is_prod":false,"is_daily":false,"chose_seed":false,"campfire_upgraded":1,"win_rate":0,"timestamp":1548677108,"path_taken":["M","M","?","M","M","E","M","E","T","E","M","R","?","M","R","BOSS"],"build_version":"2019-01-23","purchased_purges":0,"victory":false,"max_hp_per_floor":[88,88,88,89,90,91,92,93,93,94,95,95,95,96,96,96],"card_choices":[{"not_picked":["Wild Strike","Havoc"],"picked":"Clothesline","floor":1},{"not_picked":["Wild Strike","Rampage"],"picked":"True Grit","floor":2},{"not_picked":["Perfected Strike","Pommel Strike"],"picked":"Flame Barrier","floor":4},{"not_picked":["Seeing Red","Clothesline"],"picked":"Dropkick","floor":5},{"not_picked":["Armaments","Iron Wave","Wild Strike"],"picked":"SKIP","floor":6},{"not_picked":["Iron Wave","Rupture","Body Slam"],"picked":"SKIP","floor":7},{"not_picked":["Flame Barrier","Pommel Strike","Burning Pact"],"picked":"SKIP","floor":8},{"not_picked":["Clothesline","Seeing Red","Brutality"],"picked":"SKIP","floor":10},{"not_picked":["Evolve","Twin Strike","True Grit"],"picked":"SKIP","floor":11},{"not_picked":["Hemokinesis","Warcry","Clothesline"],"picked":"SKIP","floor":14}],"player_experience":681538,"relics_obtained":[{"floor":6,"key":"Paper Frog"},{"floor":8,"key":"Ornamental Fan"},{"floor":9,"key":"Vajra"},{"floor":10,"key":"Letter Opener"}],"event_choices":[{"damage_healed":0,"gold_gain":0,"player_choice":"Trade","damage_taken":0,"relics_obtained":["FaceOfCleric"],"max_hp_gain":0,"max_hp_loss":0,"event_name":"FaceTrader","floor":3,"gold_loss":0}],"is_beta":false,"boss_relics":[],"items_purged_floors":[],"is_endless":false,"potions_floor_spawned":[4,5,6,8,10],"killed_by":"Hexaghost","ascension_level":1}