{"gold_per_floor":[110,129,144,144,131,162,162,17,17,17,31,31,47,60,60,155,155,166,182,200,200,200,200,200],"floor_reached":24,"playtime":1471,"items_purged":["Strike_G"],"score":200,"play_id":"208ca19c-23b3-4155-8c66-05d69c674a92","local_time":"20190129050238","is_ascension_mode":false,"campfire_choices":[{"data":"Backflip","floor":7,"key":"SMITH"},{"data":"Blade Dance","floor":10,"key":"SMITH"},{"data":"Dash","floor":15,"key":"SMITH"},{"data":"Accuracy","floor":23,"key":"SMITH"}],"neow_cost":"NONE","seed_source_timestamp":1204332848273500,"circlet_count":0,"master_deck":["Defend_G","Defend_G","Defend_G","Defend_G","Defend_G","Strike_G","Strike_G","Strike_G","Strike_G","Survivor","Neutralize","Bullet Time","Deflect","Backflip+1","Infinite Blades","Blade Dance+1","Choke+1","Infinite Blades","Dagger Spray","Dash+1","Envenom","Slice","Backflip","Flying Knee","Accuracy+1"],"relics":["Ring of the Snake","NlothsMask","Bag of Marbles","Philosopher\u0027s Stone"],"potions_floor_usage":[6,13,22,24],"damage_taken":[{"damage":0,"enemies":"Jaw Worm","floor":1,"turns":5},{"damage":13,"enemies":"Cultist","floor":2,"turns":7},{"damage":8,"enemies":"Small Slimes","floor":3,"turns":4},{"damage":2,"enemies":"Exordium Thugs","floor":5,"turns":4},{"damage":9,"enemies":"3 Sentries","floor":6,"turns":11},{"damage":0,"enemies":"Blue Slaver","floor":11,"turns":1},{"damage":0,"enemies":"Large Slime","floor":13,"turns":4},{"damage":5,"enemies":"Looter","floor":14,"turns":2},{"damage":11,"enemies":"Hexaghost","floor":16,"turns":10},{"damage":0,"enemies":"Chosen","floor":18,"turns":3},{"damage":8,"enemies":"Shell Parasite","floor":19,"turns":3},{"damage":4,"enemies":"Centurion and Healer","floor":20,"turns":6},{"damage":16,"enemies":"Colosseum Slavers","floor":22,"turns":6},{"damage":44,"enemies":"Cultist and Chosen","floor":24,"turns":5}],"seed_played":"-2528307185911819120","potions_obtained":[{"floor":1,"key":"GhostInAJar"},{"floor":3,"key":"GamblersBrew"},{"floor":11,"key":"Weak Potion"},{"floor":14,"key":"Dexterity Potion"}],"is_trial":false,"path_per_floor":["M","M","M","?","M","E","R","$","T","R","M","?","M","M","R","B",null,"M","M","M","?","?","R","M"],"character_chosen":"THE_SILENT","items_purchased":["Infinite Blades"],"campfire_rested":0,"item_purchase_floors":[8],"current_hp_per_floor":[70,57,49,49,47,38,38,38,38,38,38,38,38,33,33,22,70,70,62,58,58,42,42,0],"gold":200,"neow_bonus":"ONE_RANDOM_RARE_CARD","is_prod":false,"is_daily":false,"chose_seed":false,"campfire_upgraded":4,"win_rate":0.0,"timestamp":1548756158,"path_taken":["M","M","M","?","M","E","R","?","T","R","M","?","?","M","R","BOSS","M","M","M","?","?","R","M"],"build_version":"2019-01-23","purchased_purges":1,"victory":false,"max_hp_per_floor":[70,70,70,70,70,70,70,70,70,70,70,70,70,70,70,70,70,70,70,70,70,70,70,70],"card_choices":[{"not_picked":["All Out Attack","Bane"],"picked":"Deflect","floor":1},{"not_picked":["Leg Sweep","Distraction"],"picked":"Backflip","floor":2},{"not_picked":["Malaise","Blur"],"picked":"Infinite Blades","floor":3},{"not_picked":["Quick Slash","Backflip"],"picked":"Blade Dance","floor":5},{"not_picked":["Bane","PiercingWail"],"picked":"Choke","floor":6},{"not_picked":["Predator","Cloak And Dagger"],"picked":"Dagger Spray","floor":11},{"not_picked":["Leg Sweep","Eviscerate"],"picked":"Dash","floor":13},{"not_picked":["Deadly Poison","Sucker Punch","Heel Hook"],"picked":"SKIP","floor":14},{"not_picked":["Venomology","Grand Finale"],"picked":"Envenom","floor":16},{"not_picked":["Deadly Poison+1","Dodge and Roll"],"picked":"Slice","floor":18},{"not_picked":["Caltrops","Leg Sweep"],"picked":"Backflip","floor":19},{"not_picked":["Escape Plan","Acrobatics"],"picked":"Flying Knee","floor":20}],"player_experience":79170,"relics_obtained":[{"floor":6,"key":"Bag of Marbles"}],"event_choices":[{"damage_healed":0,"gold_gain":0,"player_choice":"Trade","damage_taken":0,"relics_obtained":["NlothsMask"],"max_hp_gain":0,"max_hp_loss":0,"event_name":"FaceTrader","floor":4,"gold_loss":0},{"damage_healed":0,"gold_gain":0,"player_choice":"Forge","damage_taken":0,"max_hp_gain":0,"max_hp_loss":0,"event_name":"Accursed Blacksmith","floor":12,"gold_loss":0,"cards_upgraded":["Choke"]},{"damage_healed":0,"gold_gain":0,"player_choice":"Read","damage_taken":0,"max_hp_gain":0,"max_hp_loss":0,"event_name":"The Library","floor":21,"gold_loss":0,"cards_obtained":["Accuracy"]},{"damage_healed":0,"gold_gain":0,"player_choice":"Fight","damage_taken":0,"max_hp_gain":0,"max_hp_loss":0,"event_name":"Colosseum","floor":22,"gold_loss":0},{"damage_healed":0,"gold_gain":0,"player_choice":"Fled From Nobs","damage_taken":0,"max_hp_gain":0,"max_hp_loss":0,"event_name":"Colosseum","floor":22,"gold_loss":0}],"is_beta":false,"boss_relics":[{"not_picked":["Velvet Choker","Fusion Hammer"],"picked":"Philosopher\u0027s Stone"}],"items_purged_floors":[8],"is_endless":false,"potions_floor_spawned":[1,3,11,14,22],"killed_by":"Cultist and Chosen","ascension_level":0}