{"gold_per_floor":[116,136,35,55,70,70,100,100,100,100,100,100,100,133,133,234,234,246,266,266,279,294,326,326,342,369,383,409,409,409,409,409,512,512,531,531,531,543,543,577,577,910,934,953,980,376,389,12,12,12],"floor_reached":51,"playtime":5985,"items_purged":["Injury","Defend_R","Defend_R"],"score":923,"play_id":"2c05f488-f747-4240-bdc1-8b4d764dfa36","local_time":"20181110170344","is_ascension_mode":true,"campfire_choices":[{"floor":6,"key":"RECALL"},{"data":"Armaments","floor":10,"key":"SMITH"},{"floor":13,"key":"REST"},{"floor":15,"key":"REST"},{"floor":24,"key":"REST"},{"floor":30,"key":"REST"},{"data":"Battle Trance","floor":32,"key":"SMITH"},{"floor":41,"key":"REST"},{"floor":49,"key":"REST"}],"neow_cost":"CURSE","seed_source_timestamp":278189928949556,"circlet_count":0,"master_deck":["Defend_R+1","Bash","Impervious+1","Offering+1","Disarm","True Grit","Battle Trance+1","Armaments+1","Combust","Seeing Red","Double Tap","Armaments+1","Clothesline+1","RitualDagger+1","Reaper","Headbutt","Body Slam","Barricade","Iron Wave","Metallicize+1","Bite","Bite","Bite","Bite+1","Bite","Double Tap+1","Blood for Blood+1","Madness+1","Madness+1","Feel No Pain+1","Flame Barrier+1","Infernal Blade+1","Shockwave+1","Shrug It Off+1","Discovery+1","Shockwave+1","Shrug It Off+1"],"relics":["Burning Blood","Dodecahedron","Kunai","Centennial Puzzle","Sozu","Toxic Egg 2","Bag of Marbles","Darkstone Periapt","Fusion Hammer","Question Card","Old Coin","Anchor","MawBank","Lantern","Happy Flower","Whetstone"],"potions_floor_usage":[14,50],"damage_taken":[{"damage":6,"enemies":"Small Slimes","floor":1,"turns":4},{"damage":6,"enemies":"2 Louse","floor":2,"turns":4},{"damage":6,"enemies":"Cultist","floor":4,"turns":5},{"damage":6,"enemies":"Exordium Wildlife","floor":5,"turns":3},{"damage":37,"enemies":"Lagavulin","floor":7,"turns":8},{"damage":12,"enemies":"3 Sentries","floor":14,"turns":7},{"damage":29,"enemies":"Hexaghost","floor":16,"turns":13},{"damage":14,"enemies":"Spheric Guardian","floor":18,"turns":4},{"damage":7,"enemies":"Shell Parasite","floor":19,"turns":3},{"damage":40,"enemies":"Sentry and Sphere","floor":21,"turns":7},{"damage":11,"enemies":"Snecko","floor":22,"turns":4},{"damage":47,"enemies":"Slavers","floor":23,"turns":5},{"damage":6,"enemies":"Cultist and Chosen","floor":25,"turns":4},{"damage":7,"enemies":"3 Cultists","floor":27,"turns":3},{"damage":35,"enemies":"Gremlin Leader","floor":28,"turns":9},{"damage":16,"enemies":"Automaton","floor":33,"turns":7},{"damage":29,"enemies":"3 Darklings","floor":35,"turns":7},{"damage":16,"enemies":"3 Shapes","floor":38,"turns":5},{"damage":13,"enemies":"Giant Head","floor":40,"turns":7},{"damage":20,"enemies":"Nemesis","floor":42,"turns":10},{"damage":12,"enemies":"Spire Growth","floor":44,"turns":4},{"damage":12,"enemies":"Giant Head","floor":45,"turns":10},{"damage":4,"enemies":"4 Shapes","floor":47,"turns":6},{"damage":15,"enemies":"Awakened One","floor":50,"turns":12}],"seed_played":"-8048128180685677293","potions_obtained":[{"floor":4,"key":"SpeedPotion"},{"floor":5,"key":"Dexterity Potion"}],"is_trial":false,"path_per_floor":["M","M","$","M","M","R","E","?","T","R","?","?","R","E","R","B",null,"M","M","?","M","M","E","R","M","T","M","E","?","R","?","R","B",null,"M","?","?","M","?","E","R","E","T","M","E","$","M","$","R","B",null],"character_chosen":"IRONCLAD","items_purchased":["True Grit","Lantern","Happy Flower","Shockwave+1","Shrug It Off+1","Discovery+1","Shockwave+1","Shrug It Off+1","Whetstone"],"campfire_rested":6,"item_purchase_floors":[3,46,46,46,46,46,48,48,48],"current_hp_per_floor":[80,80,80,80,80,80,49,33,33,33,26,1,25,19,43,20,80,72,71,65,31,31,24,48,54,54,65,42,42,56,56,56,54,56,56,49,49,49,49,56,56,56,56,51,56,56,56,56,56,56],"gold":12,"neow_bonus":"TRANSFORM_TWO_CARDS","is_prod":false,"is_daily":false,"chose_seed":false,"campfire_upgraded":2,"win_rate":0,"timestamp":1541865824,"path_taken":["M","M","$","M","M","R","E","?","T","R","?","?","R","E","R","BOSS","M","M","?","M","M","E","R","M","T","M","E","?","R","?","R","BOSS","M","?","?","M","?","E","R","E","T","?","E","$","M","$","R","BOSS"],"build_version":"2018-11-08","purchased_purges":3,"victory":true,"max_hp_per_floor":[80,80,80,80,80,80,80,80,80,80,80,80,80,80,80,80,80,80,80,80,80,80,80,80,80,80,80,80,56,56,56,56,56,56,56,56,56,56,56,56,56,56,56,56,56,56,56,56,56,56],"card_choices":[{"not_picked":["Headbutt","Sword Boomerang"],"picked":"Disarm","floor":1},{"not_picked":["Cleave","Reckless Charge","Hemokinesis"],"picked":"SKIP","floor":2},{"not_picked":["Clash","Headbutt"],"picked":"Battle Trance","floor":4},{"not_picked":["Clash","Flex"],"picked":"Armaments","floor":5},{"not_picked":["Rage","Twin Strike"],"picked":"Combust","floor":7},{"not_picked":["Warcry","Clothesline"],"picked":"Seeing Red","floor":14},{"not_picked":["Dark Embrace","Juggernaut"],"picked":"Double Tap","floor":16},{"not_picked":["Cleave+1","Perfected Strike"],"picked":"Armaments+1","floor":18},{"not_picked":["Warcry","Heavy Blade"],"picked":"Clothesline+1","floor":19},{"not_picked":["True Grit+1","Headbutt"],"picked":"Reaper","floor":21},{"not_picked":["True Grit+1","Power Through+1"],"picked":"Headbutt","floor":22},{"not_picked":["Whirlwind","Cleave+1"],"picked":"Body Slam","floor":23},{"not_picked":["Headbutt","Uppercut+1"],"picked":"Barricade","floor":25},{"not_picked":["Armaments+1","Cleave+1"],"picked":"Iron Wave","floor":27},{"not_picked":["Anger","Perfected Strike"],"picked":"Metallicize+1","floor":28},{"not_picked":["Limit Break+1","Berserk"],"picked":"Double Tap+1","floor":33},{"not_picked":["Perfected Strike+1","Clothesline+1"],"picked":"Blood for Blood+1","floor":35},{"not_picked":["Pummel+1","Hemokinesis+1","Searing Blow+1"],"picked":"SKIP","floor":38},{"not_picked":["Clothesline","Brutality","Battle Trance+1"],"picked":"SKIP","floor":40},{"not_picked":["Shrug It Off+1","Sword Boomerang+1","Iron Wave"],"picked":"Feel No Pain+1","floor":42},{"not_picked":["Hemokinesis+1","Perfected Strike","Flex+1"],"picked":"Flame Barrier+1","floor":44},{"not_picked":["Fire Breathing+1","Clothesline","Power Through+1"],"picked":"Infernal Blade+1","floor":45},{"not_picked":["Iron Wave+1","Searing Blow+1","Whirlwind","Cleave+1"],"picked":"SKIP","floor":47}],"player_experience":19179,"relics_obtained":[{"floor":7,"key":"Dodecahedron"},{"floor":14,"key":"Centennial Puzzle"},{"floor":23,"key":"Toxic Egg 2"},{"floor":26,"key":"Bag of Marbles"},{"floor":28,"key":"Darkstone Periapt"},{"floor":40,"key":"Question Card"},{"floor":42,"key":"Old Coin"},{"floor":43,"key":"Anchor"},{"floor":45,"key":"MawBank"}],"event_choices":[{"damage_healed":0,"gold_gain":0,"player_choice":"Entered Light","damage_taken":16,"max_hp_gain":0,"max_hp_loss":0,"event_name":"Shining Light","floor":8,"gold_loss":0,"cards_upgraded":["Defend_R","Impervious"]},{"cards_removed":["Strike_R"],"damage_healed":0,"gold_gain":0,"player_choice":"Card Removal","damage_taken":7,"max_hp_gain":0,"max_hp_loss":0,"event_name":"Golden Wing","floor":11,"gold_loss":0},{"damage_healed":0,"gold_gain":0,"player_choice":"Success","damage_taken":25,"relics_obtained":["Kunai"],"max_hp_gain":0,"max_hp_loss":0,"event_name":"Scrap Ooze","floor":12,"gold_loss":0},{"damage_healed":0,"gold_gain":0,"player_choice":"Joined the Cult","damage_taken":6,"max_hp_gain":0,"max_hp_loss":0,"event_name":"Nest","floor":20,"gold_loss":0,"cards_obtained":["RitualDagger"]},{"damage_healed":0,"gold_gain":0,"player_choice":"Became a vampire","damage_taken":0,"max_hp_gain":0,"max_hp_loss":24,"event_name":"Vampires","floor":29,"gold_loss":0,"cards_obtained":["Bite","Bite","Bite","Bite","Bite"]},{"damage_healed":0,"gold_gain":0,"player_choice":"Upgraded","damage_taken":0,"max_hp_gain":0,"max_hp_loss":0,"event_name":"Upgrade Shrine","floor":31,"gold_loss":0,"cards_upgraded":["Offering"]},{"damage_healed":0,"gold_gain":0,"player_choice":"Embrace Madness","damage_taken":7,"max_hp_gain":0,"max_hp_loss":0,"event_name":"Winding Halls","floor":36,"gold_loss":0,"cards_obtained":["Madness","Madness"]},{"cards_removed":["Defend_R"],"damage_healed":0,"gold_gain":0,"player_choice":"Removed Skill","damage_taken":0,"max_hp_gain":0,"max_hp_loss":0,"event_name":"Falling","floor":37,"gold_loss":0},{"damage_healed":0,"gold_gain":0,"player_choice":"Ignored","damage_taken":0,"max_hp_gain":0,"max_hp_loss":0,"event_name":"Tomb of Lord Red Mask","floor":39,"gold_loss":0}],"is_beta":true,"boss_relics":[{"not_picked":["Black Star","Eternal Feather"],"picked":"Sozu"},{"not_picked":["Calling Bell","Snecko Eye"],"picked":"Fusion Hammer"}],"items_purged_floors":[3,46,48],"is_endless":false,"potions_floor_spawned":[4,5,18,23,25,27,33,40,44,45],"ascension_level":1}