{"gold_per_floor":[99,199,214,234,253,288,288,303,303,338,338,338,365,382,382,477,477,477,477,392,115,115,115,142,142,168,238,271,271,285,317,317,419,419,429,220,0,14,14,14,39,54,54,54,65,65,80,80,80,80],"floor_reached":51,"playtime":3483,"items_purged":["Strike_G","Strike_G"],"score":975,"play_id":"1448f18b-f649-441c-8115-b81d6cc30891","local_time":"20190203211104","is_ascension_mode":true,"campfire_choices":[{"data":"Noxious Fumes","floor":7,"key":"SMITH"},{"floor":11,"key":"REST"},{"data":"Dodge and Roll","floor":15,"key":"SMITH"},{"data":"Burst","floor":23,"key":"SMITH"},{"data":"Footwork","floor":29,"key":"SMITH"},{"data":"Bane","floor":32,"key":"SMITH"},{"data":"Catalyst","floor":40,"key":"SMITH"}],"neow_cost":"NONE","seed_source_timestamp":375724229825600,"circlet_count":0,"master_deck":["Defend_G+1","Defend_G+1","Defend_G+1","Defend_G+1","Defend_G+1","Strike_G+1","Strike_G+1","Strike_G+1","Survivor+1","Neutralize+1","Noxious Fumes+1","Sucker Punch+1","Backflip+1","Footwork+1","Dodge and Roll+1","Crippling Poison+1","Burst+1","Necronomicurse","Escape Plan+1","A Thousand Cuts+1","Dash+1","Catalyst+1","Noxious Fumes+1","Escape Plan+1","Finesse+1","Noxious Fumes+1","Calculated Gamble+1","Distraction+1"],"relics":["Ring of the Snake","NeowsBlessing","FossilizedHelix","Tough Bandages","Bottled Lightning","Dead Branch","Eternal Feather","Mummified Hand","TwistedFunnel","Necronomicon","Torii","MutagenicStrength","Bag of Preparation","Bottled Flame","Paper Crane","Oddly Smooth Stone","Coffee Dripper","Red Mask","Anchor","Juzu Bracelet","Mark of the Bloom","Pantograph"],"potions_floor_usage":[6,6,6,13,16,18,28,28,28,33,50,50],"damage_taken":[{"damage":0,"enemies":"Jaw Worm","floor":1,"turns":1},{"damage":0,"enemies":"Cultist","floor":3,"turns":1},{"damage":0,"enemies":"2 Louse","floor":4,"turns":1},{"damage":6,"enemies":"Large Slime","floor":5,"turns":7},{"damage":38,"enemies":"Gremlin Nob","floor":6,"turns":6},{"damage":0,"enemies":"2 Fungi Beasts","floor":8,"turns":4},{"damage":10,"enemies":"Lagavulin","floor":10,"turns":8},{"damage":0,"enemies":"3 Sentries","floor":13,"turns":6},{"damage":0,"enemies":"Exordium Wildlife","floor":14,"turns":6},{"damage":15,"enemies":"Slime Boss","floor":16,"turns":12},{"damage":0,"enemies":"3 Byrds","floor":18,"turns":2},{"damage":17,"enemies":"Gremlin Leader","floor":24,"turns":7},{"damage":0,"enemies":"Slavers","floor":28,"turns":6},{"damage":0,"enemies":"Chosen","floor":30,"turns":6},{"damage":0,"enemies":"Gremlin Leader","floor":31,"turns":9},{"damage":27,"enemies":"Automaton","floor":33,"turns":17},{"damage":0,"enemies":"Orb Walker","floor":35,"turns":4},{"damage":0,"enemies":"3 Darklings","floor":38,"turns":5},{"damage":16,"enemies":"Reptomancer","floor":41,"turns":6},{"damage":0,"enemies":"Transient","floor":42,"turns":5},{"damage":0,"enemies":"Spire Growth","floor":45,"turns":4},{"damage":0,"enemies":"3 Darklings","floor":47,"turns":3},{"damage":0,"enemies":"Time Eater","floor":50,"turns":11}],"seed_played":"7932292659132440841","potions_obtained":[{"floor":5,"key":"EntropicBrew"},{"floor":6,"key":"PowerPotion"},{"floor":10,"key":"EntropicBrew"},{"floor":13,"key":"Strength Potion"},{"floor":31,"key":"Explosive Potion"},{"floor":38,"key":"Dexterity Potion"},{"floor":41,"key":"GamblersBrew"},{"floor":45,"key":"Swift Potion"}],"is_trial":false,"path_per_floor":["M","?","M","M","M","E","R","M","T","E","R","?","E","M","R","B",null,"M","?","?","$","?","R","E","?","T","T","E","R","M","E","R","B",null,"M","$","?","M","?","R","E","M","T","?","M","?","M","T","R","B",null],"character_chosen":"THE_SILENT","items_purchased":["TwistedFunnel","Catalyst","Noxious Fumes"],"campfire_rested":1,"item_purchase_floors":[21,36,36],"current_hp_per_floor":[70,70,70,70,64,26,26,26,26,16,37,37,37,37,37,22,70,70,57,57,57,41,50,33,33,33,33,33,45,45,45,57,30,75,75,75,75,75,75,75,59,59,59,59,59,59,59,59,59,59],"gold":80,"neow_bonus":"THREE_ENEMY_KILL","is_prod":false,"is_daily":false,"chose_seed":false,"campfire_upgraded":6,"win_rate":0,"timestamp":1549199464,"path_taken":["M","?","M","M","?","E","R","M","T","E","R","?","E","M","R","BOSS","M","?","?","$","?","R","E","?","T","?","E","R","M","E","R","BOSS","M","$","?","M","?","R","E","M","T","?","M","?","M","?","R","BOSS"],"build_version":"2019-01-23","purchased_purges":2,"victory":true,"max_hp_per_floor":[70,70,70,70,70,70,70,70,70,70,70,70,70,70,70,70,70,70,75,75,75,75,75,75,75,75,75,75,75,75,75,75,75,75,75,75,75,75,75,75,75,75,75,75,75,75,75,75,75,75],"card_choices":[{"not_picked":["Prepared","Deflect","Slice"],"picked":"SKIP","floor":1},{"not_picked":["Deadly Poison","Night Terror"],"picked":"Noxious Fumes","floor":3},{"not_picked":["Setup","Deflect"],"picked":"Sucker Punch","floor":4},{"not_picked":["Blade Dance","Outmaneuver"],"picked":"Backflip","floor":5},{"not_picked":["Blade Dance","Dagger Spray"],"picked":"Footwork","floor":6},{"not_picked":["Prepared","Dagger Spray"],"picked":"Dodge and Roll","floor":8},{"not_picked":["PiercingWail","Backflip"],"picked":"Crippling Poison","floor":10},{"not_picked":["Backflip","Envenom","Sucker Punch"],"picked":"SKIP","floor":13},{"not_picked":["Choke","Blade Dance","Flechettes"],"picked":"SKIP","floor":14},{"not_picked":["Envenom","Venomology"],"picked":"Burst","floor":16},{"not_picked":["Sucker Punch","Deadly Poison+1"],"picked":"Escape Plan","floor":24},{"not_picked":["Flying Knee","Dagger Throw","Sucker Punch"],"picked":"SKIP","floor":28},{"not_picked":["Endless Agony","Underhanded Strike","Quick Slash"],"picked":"SKIP","floor":30},{"not_picked":["Choke","Blade Dance"],"picked":"Bane","floor":31},{"not_picked":["Phantasmal Killer","Envenom"],"picked":"A Thousand Cuts","floor":33},{"not_picked":["Outmaneuver+1","Cloak And Dagger"],"picked":"Dash+1","floor":35},{"not_picked":["Heel Hook","Dash+1"],"picked":"Escape Plan+1","floor":38},{"not_picked":["Forethought","HandOfGreed"],"picked":"Finesse","floor":39},{"not_picked":["Escape Plan+1","Deflect"],"picked":"Noxious Fumes+1","floor":41},{"not_picked":["PiercingWail+1","Reflex+1","Underhanded Strike"],"picked":"SKIP","floor":42},{"not_picked":["Cloak And Dagger+1","Poisoned Stab+1"],"picked":"Calculated Gamble","floor":45},{"not_picked":["Underhanded Strike","Deflect+1"],"picked":"Distraction+1","floor":47}],"player_experience":288591,"relics_obtained":[{"floor":6,"key":"FossilizedHelix"},{"floor":9,"key":"Tough Bandages"},{"floor":10,"key":"Bottled Lightning"},{"floor":13,"key":"Dead Branch"},{"floor":22,"key":"Necronomicon"},{"floor":24,"key":"Torii"},{"floor":26,"key":"Bag of Preparation"},{"floor":27,"key":"Bottled Flame"},{"floor":28,"key":"Paper Crane"},{"floor":31,"key":"Oddly Smooth Stone"},{"floor":41,"key":"Anchor"},{"floor":43,"key":"Juzu Bracelet"},{"floor":48,"key":"Pantograph"}],"event_choices":[{"damage_healed":0,"gold_gain":100,"player_choice":"Gold","damage_taken":0,"max_hp_gain":0,"max_hp_loss":0,"event_name":"Wheel of Change","floor":2,"gold_loss":0},{"damage_healed":0,"gold_gain":0,"player_choice":"Ignored","damage_taken":0,"max_hp_gain":0,"max_hp_loss":0,"event_name":"Shining Light","floor":12,"gold_loss":0},{"damage_healed":0,"gold_gain":0,"player_choice":"Shed Blood","damage_taken":18,"max_hp_gain":5,"max_hp_loss":0,"event_name":"Forgotten Altar","floor":19,"gold_loss":0},{"damage_healed":0,"gold_gain":0,"player_choice":"Obtained Relic","damage_taken":0,"relics_obtained":["Mummified Hand"],"max_hp_gain":0,"max_hp_loss":0,"event_name":"Addict","floor":20,"gold_loss":85},{"damage_healed":0,"gold_gain":0,"player_choice":"Obtained Book","damage_taken":16,"max_hp_gain":0,"max_hp_loss":0,"event_name":"Cursed Tome","floor":22,"gold_loss":0},{"damage_healed":0,"gold_gain":0,"player_choice":"Inject Mutagens","damage_taken":0,"relics_obtained":["MutagenicStrength"],"max_hp_gain":0,"max_hp_loss":0,"event_name":"Drug Dealer","floor":25,"gold_loss":0},{"damage_healed":0,"gold_gain":0,"player_choice":"Paid","damage_taken":0,"relics_obtained":["Red Mask"],"max_hp_gain":0,"max_hp_loss":0,"event_name":"Tomb of Lord Red Mask","floor":37,"gold_loss":220},{"damage_healed":0,"gold_gain":0,"player_choice":"Memory 1","damage_taken":0,"max_hp_gain":0,"max_hp_loss":0,"event_name":"SensoryStone","floor":39,"gold_loss":0},{"cards_removed":["Bane"],"damage_healed":0,"gold_gain":0,"player_choice":"Removed Attack","damage_taken":0,"max_hp_gain":0,"max_hp_loss":0,"event_name":"Falling","floor":44,"gold_loss":0},{"damage_healed":0,"gold_gain":0,"player_choice":"Upgrade","damage_taken":0,"relics_obtained":["Mark of the Bloom"],"max_hp_gain":0,"max_hp_loss":0,"event_name":"MindBloom","floor":46,"gold_loss":0,"cards_upgraded":["Defend_G","Defend_G","Defend_G","Defend_G","Defend_G","Strike_G","Strike_G","Strike_G","Survivor","Neutralize","Sucker Punch","Backflip","Crippling Poison","Escape Plan","A Thousand Cuts","Noxious Fumes","Finesse","Calculated Gamble"]}],"is_beta":false,"boss_relics":[{"not_picked":["Philosopher\u0027s Stone","Tiny House"],"picked":"Eternal Feather"},{"not_picked":["Astrolabe","Cursed Key"],"picked":"Coffee Dripper"}],"items_purged_floors":[21,36],"is_endless":false,"potions_floor_spawned":[5,6,10,13,18,31,38,41,45],"ascension_level":3}