{"gold_per_floor":[116,191,191,191,206,206,240,258,258,258,274,54,54,73,73,168,168,182,182,192,192,206,206,223,237,237,237],"floor_reached":27,"playtime":1307,"items_purged":["Regret"],"score":276,"play_id":"da21cb33-2b2e-43ea-b7cc-c68b258d3dcb","local_time":"20190109215941","is_ascension_mode":true,"campfire_choices":[{"data":"Zap","floor":6,"key":"SMITH"},{"data":"Dualcast","floor":10,"key":"SMITH"},{"data":"Gash","floor":15,"key":"SMITH"},{"floor":23,"key":"REST"}],"neow_cost":"NONE","seed_source_timestamp":32381677909988,"circlet_count":0,"master_deck":["Strike_B","Defend_B","Defend_B","Zap+1","Dualcast+1","Reprogram","Leap","FTL","Gash+1","Meteor Strike","Go for the Eyes+1","Gash","Conserve Battery"],"relics":["Cracked Core","NeowsBlessing","Singing Bowl","Ice Cream","Shuriken","Bag of Preparation","Empty Cage","Meat on the Bone"],"potions_floor_usage":[16,22,27],"damage_taken":[{"damage":0,"enemies":"Small Slimes","floor":1,"turns":1},{"damage":0,"enemies":"2 Louse","floor":5,"turns":1},{"damage":0,"enemies":"3 Sentries","floor":7,"turns":1},{"damage":4,"enemies":"Jaw Worm","floor":8,"turns":4},{"damage":6,"enemies":"Red Slaver","floor":11,"turns":4},{"damage":0,"enemies":"Looter","floor":14,"turns":2},{"damage":29,"enemies":"Slime Boss","floor":16,"turns":8},{"damage":18,"enemies":"Chosen","floor":18,"turns":5},{"damage":18,"enemies":"Spheric Guardian","floor":20,"turns":4},{"damage":12,"enemies":"Centurion and Healer","floor":22,"turns":4},{"damage":16,"enemies":"Snake Plant","floor":24,"turns":4},{"damage":27,"enemies":"Sentry and Sphere","floor":25,"turns":4},{"damage":20,"enemies":"Gremlin Leader","floor":27,"turns":4}],"seed_played":"6145914936434241145","potions_obtained":[{"floor":7,"key":"Energy Potion"},{"floor":14,"key":"Fire Potion"},{"floor":22,"key":"Poison Potion"}],"is_trial":false,"path_per_floor":["M","?","?","?","M","R","E","M","T","R","M","$","?","M","R","B",null,"M","?","M","?","M","R","M","M","T","E"],"character_chosen":"DEFECT","items_purchased":["Bag of Preparation"],"campfire_rested":1,"item_purchase_floors":[12],"current_hp_per_floor":[75,64,64,64,66,66,66,64,64,64,58,58,51,51,51,22,79,61,61,43,43,31,54,40,15,15,0],"gold":237,"neow_bonus":"THREE_ENEMY_KILL","is_prod":false,"is_daily":false,"chose_seed":false,"campfire_upgraded":3,"win_rate":0,"timestamp":1547067581,"path_taken":["M","?","?","?","M","R","E","M","T","R","M","$","?","M","R","BOSS","M","?","?","?","M","R","M","M","T","E"],"build_version":"2019-01-03v4","purchased_purges":1,"victory":false,"max_hp_per_floor":[75,75,75,75,77,77,77,79,79,79,79,79,79,79,79,79,79,79,79,79,79,79,79,81,83,83,83],"card_choices":[{"not_picked":["Turbo","Self Repair"],"picked":"Reprogram","floor":1},{"not_picked":["Sweeping Beam","Cold Snap","Turbo"],"picked":"Singing Bowl","floor":5},{"not_picked":["Barrage","Ball Lightning"],"picked":"Leap","floor":7},{"not_picked":["Steam","Sweeping Beam","Redo"],"picked":"Singing Bowl","floor":8},{"not_picked":["Redo","Rebound"],"picked":"FTL","floor":11},{"not_picked":["Cold Snap","Coolheaded"],"picked":"Gash","floor":14},{"not_picked":["Thunder Strike","Multi-Cast"],"picked":"Meteor Strike","floor":16},{"not_picked":["Leap","Auto Shields"],"picked":"Go for the Eyes+1","floor":18},{"not_picked":["Skim","Leap"],"picked":"Gash","floor":20},{"not_picked":["Sweeping Beam","Streamline+1"],"picked":"Conserve Battery","floor":22},{"not_picked":["Gash","Storm","Hello World"],"picked":"Singing Bowl","floor":24},{"not_picked":["Blizzard","Gash+1","Hello World"],"picked":"Singing Bowl","floor":25}],"player_experience":302210,"relics_obtained":[{"floor":7,"key":"Ice Cream"},{"floor":9,"key":"Shuriken"},{"floor":26,"key":"Meat on the Bone"}],"event_choices":[{"damage_healed":0,"gold_gain":75,"player_choice":"Gather Gold","damage_taken":11,"max_hp_gain":0,"max_hp_loss":0,"event_name":"World of Goop","floor":2,"gold_loss":0},{"damage_healed":0,"gold_gain":0,"player_choice":"Box","damage_taken":0,"relics_obtained":["Singing Bowl"],"max_hp_gain":0,"max_hp_loss":0,"event_name":"Big Fish","floor":3,"gold_loss":0,"cards_obtained":["Regret"]},{"cards_removed":["Strike_B"],"damage_healed":0,"gold_gain":0,"player_choice":"Forget","damage_taken":0,"max_hp_gain":0,"max_hp_loss":0,"event_name":"Living Wall","floor":4,"gold_loss":0},{"cards_removed":["Defend_B"],"damage_healed":0,"gold_gain":0,"player_choice":"Card Removal","damage_taken":7,"max_hp_gain":0,"max_hp_loss":0,"event_name":"Golden Wing","floor":13,"gold_loss":0},{"cards_removed":["Strike_B"],"damage_healed":0,"gold_gain":0,"player_choice":"Offered Basic","damage_taken":0,"max_hp_gain":0,"max_hp_loss":0,"event_name":"Bonfire Elementals","floor":19,"gold_loss":0},{"damage_healed":0,"gold_gain":0,"player_choice":"Ignored","damage_taken":0,"max_hp_gain":0,"max_hp_loss":0,"event_name":"Ghosts","floor":21,"gold_loss":0}],"is_beta":false,"boss_relics":[{"not_picked":["FrozenCore","Velvet Choker"],"picked":"Empty Cage"}],"items_purged_floors":[12],"is_endless":false,"potions_floor_spawned":[7,14,22],"killed_by":"Gremlin Leader","ascension_level":3}