{"gold_per_floor":[118,68,68,83,358,358,385,385,410,439,200,219,230,241,241,342,342,353,268,268,12,26,56,70,97,124,138,138,172,185,185,185,281,281,292,97,109,109,129,129,129,146,146,146,158,177,195,230,242,254],"floor_reached":50,"playtime":1794,"items_purged":["Regret","Strike_G"],"score":647,"play_id":"1a67203c-2a10-4a62-9a64-b551fd226c30","local_time":"20190205224028","is_ascension_mode":true,"campfire_choices":[{"data":"Dagger Spray","floor":6.0,"key":"SMITH"},{"data":"Terror","floor":8.0,"key":"SMITH"},{"floor":15.0,"key":"REST"},{"floor":28.0,"key":"REST"},{"data":"Apotheosis","floor":32,"key":"SMITH"},{"data":"Envenom","floor":40,"key":"SMITH"},{"data":"Wraith Form v2","floor":49,"key":"SMITH"}],"neow_cost":"NONE","seed_source_timestamp":19498063498700,"circlet_count":0,"master_deck":["Defend_G","Defend_G","Defend_G","Defend_G","Defend_G","Strike_G","Strike_G+1","Survivor","Neutralize+1","Dagger Spray+1","Terror+1","PiercingWail","Leg Sweep","Apotheosis+1","Crippling Poison","Envenom+1","Dodge and Roll+1","Malaise","Noxious Fumes+1","Catalyst","Calculated Gamble+1","Crippling Poison","Dodge and Roll+1","Noxious Fumes","Poisoned Stab+1","Necronomicurse","Noxious Fumes+1","Backstab","PiercingWail+1","Blur+1","Deadly Poison+1","Parasite","Outmaneuver+1","Wraith Form v2+1"],"special_seed":0,"relics":["Ring of the Snake","Dream Catcher","Regal Pillow","Gremlin Horn","Runic Pyramid","Pocketwatch","Strawberry","Whetstone","Happy Flower","Nunchaku","Necronomicon","Coffee Dripper","ClockworkSouvenir","Darkstone Periapt","MawBank"],"potions_floor_usage":[33,33,45,47,48,50],"damage_taken":[{"damage":0.0,"enemies":"2 Louse","floor":1.0,"turns":2.0},{"damage":0.0,"enemies":"Small Slimes","floor":4.0,"turns":4.0},{"damage":33.0,"enemies":"Gremlin Nob","floor":7.0,"turns":5.0},{"damage":18.0,"enemies":"3 Sentries","floor":10.0,"turns":7.0},{"damage":0.0,"enemies":"Cultist","floor":12.0,"turns":4.0},{"damage":0.0,"enemies":"Looter","floor":13.0,"turns":4.0},{"damage":0.0,"enemies":"Blue Slaver","floor":14.0,"turns":4.0},{"damage":8.0,"enemies":"The Guardian","floor":16.0,"turns":15.0},{"damage":10.0,"enemies":"Chosen","floor":18.0,"turns":4.0},{"damage":5.0,"enemies":"2 Thieves","floor":22.0,"turns":4.0},{"damage":7.0,"enemies":"Book of Stabbing","floor":23.0,"turns":8.0},{"damage":9.0,"enemies":"Sentry and Sphere","floor":24.0,"turns":5.0},{"damage":20.0,"enemies":"Gremlin Leader","floor":25.0,"turns":6.0},{"damage":1.0,"enemies":"Snake Plant","floor":27.0,"turns":5.0},{"damage":4.0,"enemies":"Book of Stabbing","floor":29.0,"turns":8.0},{"damage":0,"enemies":"Snecko","floor":30,"turns":5},{"damage":5,"enemies":"Collector","floor":33,"turns":8},{"damage":4,"enemies":"Orb Walker","floor":35,"turns":5},{"damage":19,"enemies":"3 Darklings","floor":37,"turns":5},{"damage":8,"enemies":"Spire Growth","floor":39,"turns":6},{"damage":21,"enemies":"Transient","floor":42,"turns":5},{"damage":18,"enemies":"Maw","floor":45,"turns":7},{"damage":0,"enemies":"Jaw Worm Horde","floor":46,"turns":4},{"damage":0,"enemies":"Writhing Mass","floor":47,"turns":5},{"damage":17,"enemies":"Reptomancer","floor":48,"turns":5},{"damage":14,"enemies":"Donu and Deca","floor":50,"turns":2}],"seed_played":"5129753388808754989","potions_obtained":[{"floor":1.0,"key":"Block Potion"},{"floor":4.0,"key":"GamblersBrew"},{"floor":13.0,"key":"SteroidPotion"},{"floor":16.0,"key":"Dexterity Potion"},{"floor":22.0,"key":"SteroidPotion"},{"floor":23.0,"key":"SkillPotion"},{"floor":27.0,"key":"EssenceOfSteel"},{"floor":29.0,"key":"FearPotion"},{"floor":33,"key":"SpeedPotion"},{"floor":37,"key":"EssenceOfSteel"},{"floor":39,"key":"Energy Potion"},{"floor":45,"key":"Fruit Juice"},{"floor":48,"key":"Energy Potion"}],"is_trial":false,"path_per_floor":["M","?","?","M","?","R","E","R","T","E","$","M","M","M","R","B",null,"M","?","?","$","M","E","M","E","T","M","R","E","M","?","R","B",null,"M","$","M","?","M","R","?","M","T","?","M","M","M","E","R","B"],"character_chosen":"THE_SILENT","items_purchased":["Apotheosis","Noxious Fumes","Catalyst","ClockworkSouvenir"],"campfire_rested":2,"item_purchase_floors":[11,21,21,36],"current_hp_per_floor":[70,70,75,75,75,75,42,42,42,24,24,24,24,24,61,53,75,65,65,65,65,60,60,51,31,31,30,69,65,65,49,49,44,82,78,78,59,59,51,51,51,30,30,30,17,17,23,6,6,0],"gold":254,"neow_bonus":"THREE_CARDS","is_prod":false,"is_daily":false,"chose_seed":false,"campfire_upgraded":5,"win_rate":0,"timestamp":1549399228,"path_taken":["M","?","?","M","?","R","E","R","T","E","$","M","M","?","R","BOSS","M","?","?","$","M","E","M","E","T","M","R","E","?","?","R","BOSS","M","$","M","?","M","R","?","M","T","?","?","M","M","E","R","BOSS"],"build_version":"2019-01-23","purchased_purges":2,"victory":false,"max_hp_per_floor":[70,70,75,75,75,75,75,75,75,75,75,75,75,75,75,75,75,75,75,75,75,75,82,82,82,82,82,82,82,82,82,82,82,82,82,82,82,78,78,78,78,78,78,78,83,83,89,89,89,89],"card_choices":[{"not_picked":["Backflip","Slice"],"picked":"Dagger Spray","floor":0.0},{"not_picked":["Catalyst","Underhanded Strike"],"picked":"Terror","floor":1.0},{"not_picked":["Slice","Terror"],"picked":"PiercingWail","floor":4.0},{"not_picked":["Cloak And Dagger","Dagger Throw","Blur"],"picked":"SKIP","floor":7.0},{"not_picked":["Setup","Cloak And Dagger"],"picked":"Leg Sweep","floor":10.0},{"not_picked":["Underhanded Strike","Sucker Punch","Flying Knee"],"picked":"SKIP","floor":12.0},{"not_picked":["Calculated Gamble","Dagger Throw","Deflect"],"picked":"SKIP","floor":13.0},{"not_picked":["Dagger Spray","Riddle With Holes","Blade Dance"],"picked":"SKIP","floor":14.0},{"not_picked":["PiercingWail","Sucker Punch"],"picked":"Crippling Poison","floor":15.0},{"not_picked":["Venomology","Phantasmal Killer"],"picked":"Envenom","floor":16.0},{"not_picked":["Catalyst","Well Laid Plans"],"picked":"Dodge and Roll+1","floor":18.0},{"not_picked":["Distraction+1","Flying Knee","Dagger Throw+1"],"picked":"SKIP","floor":22.0},{"not_picked":["Tactician","Prepared"],"picked":"Calculated Gamble+1","floor":23.0},{"not_picked":["PiercingWail","Calculated Gamble+1","Poisoned Stab"],"picked":"SKIP","floor":24.0},{"not_picked":["Acrobatics","Bane"],"picked":"Crippling Poison","floor":25.0},{"not_picked":["Quick Slash+1","Dagger Spray"],"picked":"Dodge and Roll+1","floor":27.0},{"not_picked":["Outmaneuver","Grand Finale"],"picked":"Noxious Fumes","floor":28.0},{"not_picked":["Setup","Dash","Underhanded Strike"],"picked":"SKIP","floor":29.0},{"not_picked":["Blade Dance","Backstab"],"picked":"Poisoned Stab+1","floor":30},{"not_picked":["Bane","Choke"],"picked":"Noxious Fumes+1","floor":35},{"not_picked":["Prepared+1","Poisoned Stab"],"picked":"Backstab","floor":37},{"not_picked":["Flying Knee","Deflect","Slice+1"],"picked":"SKIP","floor":39},{"not_picked":["Acrobatics+1","Slice"],"picked":"PiercingWail+1","floor":42},{"not_picked":["Flying Knee+1","Skewer+1"],"picked":"Blur+1","floor":45},{"not_picked":["All Out Attack+1","Skewer+1"],"picked":"Deadly Poison+1","floor":46},{"not_picked":["Acrobatics+1","Setup+1"],"picked":"Outmaneuver+1","floor":47},{"not_picked":["Underhanded Strike","Dash"],"picked":"Wraith Form v2","floor":48}],"player_experience":637667,"relics_obtained":[{"floor":7.0,"key":"Dream Catcher"},{"floor":9.0,"key":"Regal Pillow"},{"floor":10.0,"key":"Gremlin Horn"},{"floor":23.0,"key":"Strawberry"},{"floor":25.0,"key":"Whetstone"},{"floor":26.0,"key":"Happy Flower"},{"floor":29.0,"key":"Nunchaku"},{"floor":31,"key":"Necronomicon"},{"floor":43,"key":"Darkstone Periapt"},{"floor":48,"key":"MawBank"}],"event_choices":[{"cards_removed":["Strike_G"],"damage_healed":0.0,"max_hp_gain":0.0,"max_hp_loss":0.0,"gold_gain":0.0,"event_name":"The Cleric","player_choice":"Card Removal","floor":2.0,"gold_loss":50.0,"damage_taken":0.0},{"damage_healed":0.0,"max_hp_gain":5.0,"max_hp_loss":0.0,"gold_gain":0.0,"event_name":"Big Fish","player_choice":"Donut","floor":3.0,"gold_loss":0.0,"damage_taken":0.0},{"damage_healed":0.0,"max_hp_gain":0.0,"max_hp_loss":0.0,"gold_gain":275.0,"event_name":"Golden Shrine","player_choice":"Desecrate","floor":5.0,"gold_loss":0.0,"damage_taken":0.0,"cards_obtained":["Regret"]},{"damage_healed":0.0,"max_hp_gain":0.0,"max_hp_loss":0.0,"gold_gain":0.0,"event_name":"Addict","player_choice":"Obtained Relic","floor":19.0,"gold_loss":85.0,"damage_taken":0.0,"relics_obtained":["Pocketwatch"]},{"damage_healed":0.0,"max_hp_gain":0.0,"max_hp_loss":0.0,"gold_gain":0.0,"cards_transformed":["Strike_G"],"event_name":"Transmorgrifier","player_choice":"Transformed","floor":20.0,"gold_loss":0.0,"damage_taken":0.0,"cards_obtained":["Malaise"]},{"damage_healed":0,"gold_gain":0,"player_choice":"Obtained Book","damage_taken":16,"max_hp_gain":0,"max_hp_loss":0,"event_name":"Cursed Tome","floor":31,"gold_loss":0},{"damage_healed":0,"gold_gain":0,"player_choice":"Max HP","damage_taken":0,"max_hp_gain":0,"max_hp_loss":4,"event_name":"Winding Halls","floor":38,"gold_loss":0},{"damage_healed":0,"gold_gain":0,"player_choice":"Ignored","damage_taken":0,"max_hp_gain":0,"max_hp_loss":0,"event_name":"Mysterious Sphere","floor":41,"gold_loss":0},{"damage_healed":0,"gold_gain":0,"player_choice":"Forge","damage_taken":0,"max_hp_gain":0,"max_hp_loss":0,"event_name":"Accursed Blacksmith","floor":44,"gold_loss":0,"cards_upgraded":["Noxious Fumes"]}],"is_beta":false,"boss_relics":[{"not_picked":["Pandora\u0027s Box","Ring of the Serpent"],"picked":"Runic Pyramid"},{"not_picked":["Orrery","HoveringKite"],"picked":"Coffee Dripper"}],"items_purged_floors":[11,21],"is_endless":false,"potions_floor_spawned":[1,4,13,16,22,23,27,29,33,37,39,45,48],"killed_by":"Donu and Deca","ascension_level":1}