{"gold_per_floor":[119,136,150,160,177,177,202,202,228,228,240,253,178,178,178,277,277,292,309,309,158,173,173,173,173,173,191,191,218,4,21,21,21],"floor_reached":33,"playtime":2115,"items_purged":["Strike_G","Decay"],"score":282,"play_id":"3f7876a7-c727-469b-9caa-21e0b5439d7a","local_time":"20190201041945","is_ascension_mode":true,"campfire_choices":[{"data":"Choke","floor":6,"key":"SMITH"},{"data":"Blade Dance","floor":8,"key":"SMITH"},{"data":"PiercingWail","floor":10,"key":"SMITH"},{"data":"Adrenaline","floor":15,"key":"SMITH"},{"data":"Backflip","floor":23,"key":"SMITH"},{"data":"Cloak And Dagger","floor":25,"key":"SMITH"},{"data":"Choke","floor":28,"key":"SMITH"},{"data":"Accuracy","floor":32,"key":"SMITH"}],"neow_cost":"CURSE","seed_source_timestamp":1460316083051700,"circlet_count":0,"master_deck":["Defend_G","Defend_G","Defend_G","Defend_G","Defend_G","Strike_G","Strike_G","Strike_G","Survivor","Neutralize","Quick Slash","Blade Dance+1","PiercingWail+1","Cloak And Dagger+1","Choke+1","Adrenaline+1","Choke+1","Envenom+1","Quick Slash+1","Backflip+1","Accuracy+1"],"relics":["Ring of the Snake","Mango","Pocketwatch","Potion Belt","Sozu","Letter Opener","Snake Skull","Oddly Smooth Stone"],"potions_floor_usage":[3,16,29],"damage_taken":[{"damage":0,"enemies":"Small Slimes","floor":1,"turns":5},{"damage":4,"enemies":"Cultist","floor":2,"turns":5},{"damage":0,"enemies":"2 Louse","floor":3,"turns":2},{"damage":11,"enemies":"Red Slaver","floor":4,"turns":5},{"damage":0,"enemies":"Lots of Slimes","floor":5,"turns":6},{"damage":21,"enemies":"Lagavulin","floor":7,"turns":9},{"damage":0,"enemies":"Looter","floor":11,"turns":4},{"damage":0,"enemies":"Large Slime","floor":12,"turns":2},{"damage":42,"enemies":"Hexaghost","floor":16,"turns":11},{"damage":2,"enemies":"Chosen","floor":18,"turns":3},{"damage":15,"enemies":"Spheric Guardian","floor":19,"turns":5},{"damage":0,"enemies":"Chosen and Byrds","floor":22,"turns":4},{"damage":0,"enemies":"Snake Plant","floor":27,"turns":3},{"damage":14,"enemies":"Slavers","floor":29,"turns":4},{"damage":16,"enemies":"Sentry and Sphere","floor":31,"turns":5},{"damage":63,"enemies":"Collector","floor":33,"turns":6}],"seed_played":"2123134208844981025","potions_obtained":[{"floor":1,"key":"SneckoOil"},{"floor":2,"key":"Fire Potion"},{"floor":5,"key":"FairyPotion"},{"floor":12,"key":"Swift Potion"},{"floor":16,"key":"AttackPotion"}],"is_trial":false,"path_per_floor":["M","M","M","M","M","R","E","R","T","R","M","M","$","?","R","B",null,"M","M","?","$","M","R","?","R","T","M","R","E","$","M","R","B"],"character_chosen":"THE_SILENT","items_purchased":["Backflip","Accuracy","Oddly Smooth Stone"],"campfire_rested":0,"item_purchase_floors":[21,30,30],"current_hp_per_floor":[84,80,80,69,69,69,48,48,48,48,48,48,48,41,41,8,84,82,67,67,67,67,67,67,67,67,67,67,53,53,37,37,0],"gold":21,"neow_bonus":"ONE_RARE_RELIC","is_prod":false,"is_daily":false,"chose_seed":false,"campfire_upgraded":8,"win_rate":0,"timestamp":1549012785,"path_taken":["M","M","M","M","M","R","E","R","T","R","M","M","$","?","R","BOSS","M","M","?","?","?","R","?","R","T","?","R","E","$","?","R","BOSS"],"build_version":"2019-01-23","purchased_purges":2,"victory":false,"max_hp_per_floor":[84,84,84,84,84,84,84,84,84,84,84,84,84,84,84,84,84,84,84,84,84,84,84,84,84,84,84,84,84,84,84,84,84],"card_choices":[{"not_picked":["Bane","Flying Knee"],"picked":"Quick Slash","floor":1},{"not_picked":["Cloak And Dagger","Dagger Throw"],"picked":"Blade Dance","floor":2},{"not_picked":["Backflip","Sucker Punch"],"picked":"PiercingWail","floor":3},{"not_picked":["Escape Plan","Reflex"],"picked":"Cloak And Dagger","floor":4},{"not_picked":["Dagger Throw","Endless Agony"],"picked":"Choke","floor":5},{"not_picked":["Backflip","Flying Knee"],"picked":"Adrenaline","floor":7},{"not_picked":["Heel Hook","Poisoned Stab","Quick Slash"],"picked":"SKIP","floor":11},{"not_picked":["PiercingWail","Sucker Punch"],"picked":"Choke","floor":12},{"not_picked":["Corpse Explosion","Glass Knife"],"picked":"Envenom","floor":16},{"not_picked":["PiercingWail","Slice","Underhanded Strike"],"picked":"SKIP","floor":18},{"not_picked":["Prepared+1","Flying Knee"],"picked":"Quick Slash+1","floor":19},{"not_picked":["Flying Knee","Underhanded Strike","Poisoned Stab"],"picked":"SKIP","floor":22},{"not_picked":["Storm of Steel","Bane","Flying Knee+1"],"picked":"SKIP","floor":27},{"not_picked":["Sucker Punch+1","Predator","Underhanded Strike"],"picked":"SKIP","floor":29},{"not_picked":["Noxious Fumes","Caltrops","Sucker Punch"],"picked":"SKIP","floor":31}],"player_experience":181205,"relics_obtained":[{"floor":7,"key":"Pocketwatch"},{"floor":9,"key":"Potion Belt"},{"floor":26,"key":"Letter Opener"},{"floor":29,"key":"Snake Skull"}],"event_choices":[{"cards_removed":["Strike_G"],"damage_healed":0,"gold_gain":0,"player_choice":"Card Removal","damage_taken":7,"max_hp_gain":0,"max_hp_loss":0,"event_name":"Golden Wing","floor":14,"gold_loss":0},{"damage_healed":0,"gold_gain":0,"player_choice":"Forge","damage_taken":0,"max_hp_gain":0,"max_hp_loss":0,"event_name":"Accursed Blacksmith","floor":20,"gold_loss":0,"cards_upgraded":["Envenom"]},{"damage_healed":0,"gold_gain":0,"player_choice":"0 cards matched","damage_taken":0,"max_hp_gain":0,"max_hp_loss":0,"event_name":"Match and Keep!","floor":24,"gold_loss":0,"cards_obtained":[]}],"is_beta":false,"boss_relics":[{"not_picked":["Runic Pyramid","Eternal Feather"],"picked":"Sozu"}],"items_purged_floors":[13,21],"is_endless":false,"potions_floor_spawned":[1,2,5,12,16,18,27,31],"killed_by":"Collector","ascension_level":1}