{"path_per_floor":["M","M","M","$","M","E","?","M","T","M","R","M","?","M","R","B",null,"M","M","?","?","M","R","E","R","T","M","M","?"],"character_chosen":"IRONCLAD","items_purchased":["Uppercut"],"gold_per_floor":[115,129,148,80,96,124,124,135,135,149,149,160,160,171,171,275,275,288,303,218,218,228,228,255,255,255,272,289,289,289],"floor_reached":30,"campfire_rested":0,"playtime":1906,"current_hp_per_floor":[80,80,80,80,79,55,55,61,61,62,62,68,73,73,73,52,85,68,64,78,49,35,35,42,42,42,46,37,43,0],"items_purged":[],"gold":289,"score":281,"play_id":"01a33c2e-36cd-4a01-8561-a9b4dbce2833","local_time":"20180506202557","is_prod":false,"is_daily":false,"chose_seed":false,"is_ascension_mode":false,"campfire_upgraded":4,"timestamp":1525631157,"path_taken":["M","M","?","$","M","E","?","M","T","M","R","M","?","M","R","BOSS","M","M","?","?","M","R","E","R","T","M","M","?","E"],"build_version":"2018-05-03","seed_source_timestamp":695487199860,"purchased_purges":1,"victory":false,"master_deck":["Strike_R","Strike_R","Strike_R","Strike_R","Strike_R","Defend_R","Defend_R","Defend_R","Defend_R","Bash","Anger","Shockwave","Perfected Strike+1","Perfected Strike+1","Uppercut","Twin Strike","Flex+1","Ghostly","Ghostly","Ghostly","Ghostly","Ghostly","Sever Soul+1","Flex+1","Pommel Strike","Writhe"],"max_hp_per_floor":[80,80,80,80,80,80,80,80,80,80,80,80,85,85,85,85,85,85,85,99,49,49,49,49,49,49,49,49,55,55],"relics":["Burning Blood","Pantograph","Paper Frog","Black Star","Mango","Gremlin Horn","Meat on the Bone","Torii","Darkstone Periapt"],"card_choices":[{"not_picked":["Twin Strike","Perfected Strike"],"picked":"Anger","floor":0},{"not_picked":["Clothesline","Pommel Strike"],"picked":"Shockwave","floor":1},{"not_picked":["Berserk","Clothesline"],"picked":"Perfected Strike","floor":2},{"not_picked":["Cleave","Flex"],"picked":"Perfected Strike","floor":3},{"not_picked":["Metallicize","Spot Weakness"],"picked":"Twin Strike","floor":14},{"not_picked":["Flame Barrier","Blood for Blood"],"picked":"Flex","floor":18},{"not_picked":["Combust","Reaper"],"picked":"Sever Soul","floor":22},{"not_picked":["Ghostly Armor","Rupture"],"picked":"Flex","floor":27},{"not_picked":["Headbutt","Warcry"],"picked":"Pommel Strike","floor":28}],"player_experience":63769,"potions_floor_usage":[16,16,16,24],"damage_taken":[{"damage":0,"enemies":"Cultist","floor":1,"turns":2},{"damage":1,"enemies":"Jaw Worm","floor":2,"turns":5},{"damage":0,"enemies":"Small Slimes","floor":3,"turns":2},{"damage":7,"enemies":"Exordium Wildlife","floor":5,"turns":3},{"damage":30,"enemies":"Lagavulin","floor":6,"turns":6},{"damage":0,"enemies":"2 Fungi Beasts","floor":8,"turns":2},{"damage":5,"enemies":"Looter","floor":10,"turns":2},{"damage":0,"enemies":"Large Slime","floor":12,"turns":4},{"damage":6,"enemies":"2 Fungi Beasts","floor":14,"turns":2},{"damage":39,"enemies":"Hexaghost","floor":16,"turns":7},{"damage":23,"enemies":"2 Thieves","floor":18,"turns":3},{"damage":10,"enemies":"Spheric Guardian","floor":19,"turns":3},{"damage":20,"enemies":"3 Cultists","floor":22,"turns":7},{"damage":14,"enemies":"Gremlin Leader","floor":24,"turns":6},{"damage":2,"enemies":"Snecko","floor":27,"turns":5},{"damage":15,"enemies":"Cultist and Chosen","floor":28,"turns":7},{"damage":51,"enemies":"Slavers","floor":30,"turns":4}],"event_choices":[{"event_name":"The Lab","player_choice":"Got Potions","floor":7,"damage_taken":0},{"event_name":"Big Fish","player_choice":"Donut","floor":13,"damage_taken":0},{"event_name":"Addict","player_choice":"Obtained Relic","floor":20,"damage_taken":0},{"event_name":"Ghosts","player_choice":"Became a Ghost","floor":21,"damage_taken":0},{"event_name":"The Mausoleum","player_choice":"Yes","floor":29,"damage_taken":0}],"boss_relics":[{"not_picked":["Cursed Key","Black Blood"],"picked":"Black Star"}],"potions_floor_spawned":[1,6,10,16,22,28],"seed_played":"-1663296023539532594","killed_by":"Slavers","ascension_level":0,"is_trial":false}