{"gold_per_floor":[417,417,433,68,83,83,117,117,143,181,181,262,262,278,278,402,440,459,480,27,27,50,88,88,113,113,133,113,113,113,113,113,238,238,251,20,76,101,125,125,159,159,183,203,203,223,223,243,243,243],"floor_reached":50,"playtime":4003,"items_purged":["Strike_B"],"score":650,"play_id":"be3fb036-7dfb-4680-b06e-040d6ef0e93b","local_time":"20180627000615","is_ascension_mode":false,"campfire_choices":[{"data":"Chaos","floor":6,"key":"SMITH"},{"data":"Dualcast","floor":13,"key":"SMITH"},{"data":"Capacitor","floor":15,"key":"SMITH"},{"data":"Redo","floor":24,"key":"SMITH"},{"data":"Rainbow","floor":30,"key":"SMITH"},{"data":"Machine Learning","floor":32,"key":"SMITH"},{"floor":40,"key":"REST"},{"data":"Storm","floor":42,"key":"SMITH"},{"data":"Redo","floor":45,"key":"SMITH"},{"data":"Chill","floor":49,"key":"SMITH"}],"neow_cost":"TEN_PERCENT_HP_LOSS","seed_source_timestamp":11798825891039,"circlet_count":0,"master_deck":["Strike_B+1","Strike_B","Defend_B","Defend_B","Defend_B","Defend_B","Zap+1","Dualcast+1","Redo+1","Chaos+1","Rainbow+1","Ball Lightning+1","Injury","Lockon+1","Capacitor+1","Machine Learning+1","Chill+1","Barrage","Echo Form","Compile Driver","Coolheaded","Fusion+1","Storm+1","Reboot","Capacitor","Blizzard","Loop+1","Redo+1","Loop+1"],"relics":["Cracked Core","Old Coin","Thread and Needle","Strawberry","Golden Idol","Omamori","Singing Bowl","Pear","Tiny House","Mercury Hourglass","Dream Catcher","Mummified Hand","Letter Opener","Nuclear Battery","Whetstone","Dead Branch","Dodecahedron","Oddly Smooth Stone"],"potions_floor_usage":[10,16,16,22,23,23,33,33,37,41,44,50,50],"damage_taken":[{"damage":6,"enemies":"Jaw Worm","floor":1,"turns":4},{"damage":0,"enemies":"Small Slimes","floor":3,"turns":2},{"damage":0,"enemies":"Cultist","floor":5,"turns":3},{"damage":0,"enemies":"3 Sentries","floor":7,"turns":5},{"damage":3,"enemies":"Lagavulin","floor":10,"turns":4},{"damage":8,"enemies":"3 Sentries","floor":12,"turns":5},{"damage":0,"enemies":"Large Slime","floor":14,"turns":4},{"damage":0,"enemies":"The Guardian","floor":16,"turns":7},{"damage":5,"enemies":"Shell Parasite","floor":18,"turns":5},{"damage":0,"enemies":"Chosen","floor":19,"turns":5},{"damage":0,"enemies":"Snecko","floor":22,"turns":4},{"damage":27,"enemies":"Book of Stabbing","floor":23,"turns":6},{"damage":21,"enemies":"Snake Plant","floor":25,"turns":4},{"damage":0,"enemies":"Chosen and Byrds","floor":27,"turns":4},{"damage":26,"enemies":"Collector","floor":33,"turns":8},{"damage":2,"enemies":"3 Shapes","floor":35,"turns":3},{"damage":17,"floor":37,"turns":3},{"damage":5,"enemies":"Orb Walker","floor":38,"turns":3},{"damage":14,"enemies":"Sphere and 2 Shapes","floor":39,"turns":3},{"damage":17,"enemies":"Giant Head","floor":41,"turns":8},{"damage":0,"enemies":"3 Darklings","floor":44,"turns":3},{"damage":34,"enemies":"Maw","floor":46,"turns":6},{"damage":1,"enemies":"Sphere and 2 Shapes","floor":48,"turns":4},{"damage":117,"enemies":"Awakened One","floor":50,"turns":7}],"seed_played":"-161573701194776746","potions_obtained":[{"floor":1,"key":"Poison Potion"},{"floor":5,"key":"Dexterity Potion"},{"floor":12,"key":"FocusPotion"},{"floor":12,"key":"Weak Potion"},{"floor":17,"key":"Fire Potion"},{"floor":18,"key":"GamblersBrew"},{"floor":19,"key":"SkillPotion"},{"floor":27,"key":"GamblersBrew"},{"floor":28,"key":"LiquidBronze"},{"floor":31,"key":"Fruit Juice"},{"floor":31,"key":"SpeedPotion"},{"floor":35,"key":"Explosive Potion"},{"floor":39,"key":"Block Potion"},{"floor":41,"key":"EssenceOfSteel"},{"floor":44,"key":"FearPotion"}],"is_trial":false,"path_per_floor":["M","?","M","$","M","R","E","?","T","E","?","?","R","M","R","B",null,"M","M","$","T","M","E","R","M","T","M","?","?","R","?","R","B",null,"M","$","?","M","M","R","E","R","T","M","R","M","?","M","R"],"character_chosen":"DEFECT","items_purchased":["Rainbow","Thread and Needle","Echo Form","Mercury Hourglass","Compile Driver","Capacitor","Whetstone"],"campfire_rested":1,"item_purchase_floors":[4,4,20,20,20,36,36],"current_hp_per_floor":[62,55,55,55,55,55,62,62,62,59,59,63,63,63,63,63,92,89,89,89,89,89,64,64,45,45,45,45,45,45,45,45,24,103,103,103,86,81,69,101,86,86,86,88,88,56,113,112,112,0],"gold":243,"neow_bonus":"ONE_RARE_RELIC","is_prod":false,"is_daily":false,"chose_seed":false,"campfire_upgraded":9,"win_rate":0,"timestamp":1530050775,"path_taken":["M","?","M","$","M","R","E","?","T","E","?","?","R","M","R","BOSS","M","M","?","?","M","E","R","M","T","M","?","?","R","?","R","BOSS","M","$","?","M","?","R","E","R","T","M","R","M","?","M","R","BOSS"],"build_version":"2018-06-21v2","purchased_purges":1,"victory":false,"max_hp_per_floor":[68,68,68,68,68,68,75,75,75,75,75,87,87,87,87,87,92,94,94,94,94,94,96,96,98,98,98,98,98,98,98,98,103,103,105,105,105,105,107,107,109,109,109,111,111,113,113,113,113,113],"card_choices":[{"not_picked":["Hello World","Steam Power"],"picked":"Redo","floor":1},{"not_picked":["Turbo","Skim"],"picked":"Chaos","floor":3},{"not_picked":["Streamline","Reinforced Body","Force Field"],"picked":"SKIP","floor":5},{"not_picked":["Leap","Reprogram"],"picked":"Ball Lightning","floor":7},{"not_picked":["Heatsinks","Go for the Eyes"],"picked":"Lockon","floor":10},{"not_picked":["Streamline","Conserve Battery","Go for the Eyes"],"picked":"Singing Bowl","floor":12},{"not_picked":["Reinforced Body","Beam Cell"],"picked":"Capacitor","floor":14},{"not_picked":["Amplify","Core Surge"],"picked":"Machine Learning","floor":16},{"not_picked":["Cold Snap","Storm"],"picked":"Chill","floor":17},{"not_picked":["Steam","Gash","Auto Shields"],"picked":"Singing Bowl","floor":18},{"not_picked":["Chill","Stack"],"picked":"Barrage","floor":19},{"not_picked":["Turbo","Sweeping Beam"],"picked":"Coolheaded","floor":22},{"not_picked":["BootSequence","Doom and Gloom+1","Cold Snap+1"],"picked":"Singing Bowl","floor":23},{"not_picked":["Compile Driver","Undo","Sweeping Beam"],"picked":"Singing Bowl","floor":25},{"not_picked":["Steam","Conserve Battery"],"picked":"Fusion+1","floor":27},{"not_picked":["Buffer","Thunder Strike"],"picked":"Reboot","floor":33},{"not_picked":["Turbo","Force Field","Ball Lightning"],"picked":"Singing Bowl","floor":35},{"not_picked":["Lockon+1","Conserve Battery"],"picked":"Blizzard","floor":37},{"not_picked":["Aggregate","Leap+1"],"picked":"Loop+1","floor":38},{"not_picked":["Consume","Hyperbeam","Coolheaded"],"picked":"Singing Bowl","floor":39},{"not_picked":["Steam","Cold Snap"],"picked":"Redo","floor":40},{"not_picked":["Force Field+1","Streamline+1","Heatsinks+1"],"picked":"Singing Bowl","floor":41},{"not_picked":["Cold Snap","Ball Lightning+1","Barrage+1"],"picked":"Singing Bowl","floor":44},{"not_picked":["Conserve Battery","Hologram+1","Sweeping Beam+1"],"picked":"Singing Bowl","floor":46},{"not_picked":["Rebound","Redo"],"picked":"Loop+1","floor":48}],"player_experience":189445,"relics_obtained":[{"floor":7,"key":"Strawberry"},{"floor":9,"key":"Omamori"},{"floor":10,"key":"Singing Bowl"},{"floor":12,"key":"Pear"},{"floor":21,"key":"Dream Catcher"},{"floor":23,"key":"Mummified Hand"},{"floor":26,"key":"Letter Opener"},{"floor":37,"key":"Dead Branch"},{"floor":41,"key":"Dodecahedron"},{"floor":43,"key":"Oddly Smooth Stone"}],"event_choices":[{"event_name":"Golden Wing","player_choice":"Card Removal","floor":2,"damage_taken":0},{"event_name":"Golden Idol","player_choice":"Take Wound","floor":8,"damage_taken":0},{"event_name":"Living Wall","player_choice":"Grow","floor":11,"damage_taken":0},{"event_name":"Dead Adventurer","player_choice":"Searched \u00271\u0027 times","floor":12,"damage_taken":0},{"event_name":"The Woman in Blue","player_choice":"Bought 1 Potion","floor":28,"damage_taken":0},{"event_name":"The Library","player_choice":"Read","floor":29,"damage_taken":0},{"event_name":"The Lab","player_choice":"Got Potions","floor":31,"damage_taken":0},{"event_name":"Mysterious Sphere","player_choice":"Fight","floor":37,"damage_taken":0},{"event_name":"MindBloom","player_choice":"Heal","floor":47,"damage_taken":0}],"boss_relics":[{"not_picked":["Ectoplasm","Runic Pyramid"],"picked":"Tiny House"},{"not_picked":["Lizard Tail","Orrery"],"picked":"Nuclear Battery"}],"items_purged_floors":[20],"is_endless":false,"potions_floor_spawned":[1,5,12,12,18,19,27,35,39,41,44],"killed_by":"Awakened One","ascension_level":0}