{"gold_per_floor":[15,28,5,5,15,15,15,15,41,70,70,84,119,119,119,217,217,231,231,1,1,20,47,47,47,47,47,76,96,96,121,121,226,226,243,253,253,273,66,95,95,95,119,119,149,160,195,195,195,195,195,195,23,58,58],"floor_reached":56,"playtime":4455,"items_purged":["Strike_G","Defend_G"],"score":1426,"play_id":"ce218edb-d8b6-4259-bc10-e92de577f45f","local_time":"20190127192957","is_ascension_mode":true,"campfire_choices":[{"data":"Neutralize","floor":6.0,"key":"SMITH"},{"data":"Caltrops","floor":8.0,"key":"SMITH"},{"data":"Crippling Poison","floor":11.0,"key":"SMITH"},{"data":"Noxious Fumes","floor":15.0,"key":"SMITH"},{"data":"Catalyst","floor":24,"key":"SMITH"},{"data":"Burst","floor":27,"key":"SMITH"},{"data":"Noxious Fumes","floor":30,"key":"SMITH"},{"data":"Bouncing Flask","floor":32,"key":"SMITH"},{"floor":41,"key":"RECALL"},{"data":"Corpse Explosion","floor":44,"key":"SMITH"},{"data":"Sadistic Nature","floor":49,"key":"SMITH"},{"data":"Survivor","floor":52,"key":"SMITH"}],"neow_cost":"NO_GOLD","seed_source_timestamp":0,"circlet_count":0,"master_deck":["Defend_G","Defend_G","Defend_G","Survivor+1","Neutralize+1","Dash","Poisoned Stab","Caltrops+1","Crippling Poison+1","Noxious Fumes+1","Burst+1","PiercingWail+1","Bouncing Flask+1","Catalyst+1","Poisoned Stab","Noxious Fumes+1","Noxious Fumes+1","Corpse Explosion+1","Backflip+1","Sadistic Nature+1","PiercingWail+1","Apotheosis","Noxious Fumes+1"],"special_seed":0,"relics":["Ring of the Serpent","Blood Vial","Bottled Tornado","Mummified Hand","Gambling Chip","Membership Card","Matryoshka","Orichalcum","Pantograph","Snake Skull","Lantern","Vajra","Meat on the Bone","Velvet Choker","Juzu Bracelet","Bronze Scales","Centennial Puzzle","Frozen Egg 2","Pear","Bottled Flame"],"potions_floor_usage":[55,55],"damage_taken":[{"damage":2.0,"enemies":"Cultist","floor":1.0,"turns":6.0},{"damage":0.0,"enemies":"2 Louse","floor":2.0,"turns":3.0},{"damage":2.0,"enemies":"Small Slimes","floor":5.0,"turns":5.0},{"damage":9.0,"enemies":"Lagavulin","floor":10.0,"turns":7.0},{"damage":0.0,"enemies":"Exordium Thugs","floor":12.0,"turns":3.0},{"damage":20.0,"enemies":"Gremlin Nob","floor":13.0,"turns":5.0},{"damage":29.0,"enemies":"Slime Boss","floor":16.0,"turns":9.0},{"damage":3.0,"enemies":"Spheric Guardian","floor":18.0,"turns":5.0},{"damage":0,"enemies":"3 Byrds","floor":22,"turns":3},{"damage":6,"enemies":"Gremlin Leader","floor":23,"turns":4},{"damage":16,"enemies":"Slavers","floor":28,"turns":4},{"damage":5,"enemies":"Shelled Parasite and Fungi","floor":29,"turns":3},{"damage":0,"enemies":"Gremlin Leader","floor":31,"turns":3},{"damage":11,"enemies":"Automaton","floor":33,"turns":5},{"damage":0,"enemies":"3 Shapes","floor":35,"turns":4},{"damage":4,"enemies":"Orb Walker","floor":36,"turns":3},{"damage":0,"enemies":"Sphere and 2 Shapes","floor":38,"turns":3},{"damage":17,"enemies":"Reptomancer","floor":40,"turns":3},{"damage":0,"enemies":"Giant Head","floor":45,"turns":4},{"damage":12,"enemies":"4 Shapes","floor":46,"turns":2},{"damage":0,"enemies":"Nemesis","floor":47,"turns":1},{"damage":25,"enemies":"Time Eater","floor":50,"turns":4},{"damage":14,"enemies":"Shield and Spear","floor":54,"turns":3},{"damage":69,"enemies":"The Heart","floor":55,"turns":6}],"seed_played":"-2625461119803187103","potions_obtained":[{"floor":1.0,"key":"SpeedPotion"},{"floor":2.0,"key":"Weak Potion"},{"floor":22,"key":"EssenceOfSteel"},{"floor":28,"key":"FearPotion"},{"floor":40,"key":"SkillPotion"}],"is_trial":false,"path_per_floor":["M","M","$","?","M","R","?","R","T","E","R","M","E","?","R","B",null,"M","?","$","?","M","E","R","T","T","R","E","M","R","E","R","B",null,"M","M","?","M","$","E","R","?","T","R","E","M","E","?","R","B",null,"R","$","E","B",null],"character_chosen":"THE_SILENT","items_purchased":["Poisoned Stab","Membership Card","Bouncing Flask","Sadistic Nature","Bronze Scales","Apotheosis","Noxious Fumes+1"],"campfire_rested":0,"item_purchase_floors":[3,20,20,39,39,53,53],"current_hp_per_floor":[68,68,68,68,66,66,59,59,59,52,52,54,36,29,29,2,70,67,54,54,54,56,52,52,52,52,52,38,35,35,37,37,53,75,75,71,71,73,73,58,58,58,58,58,60,50,62,62,62,60,85,85,85,71,28],"gold":58,"neow_bonus":"REMOVE_TWO","is_prod":false,"is_daily":false,"chose_seed":false,"campfire_upgraded":11,"win_rate":1,"timestamp":1548613797,"path_taken":["M","M","?","?","M","R","?","R","T","E","R","M","E","?","R","BOSS","M","?","$","?","M","E","R","?","T","R","E","?","R","E","R","BOSS","M","M","?","M","$","E","R","?","T","R","E","M","E","?","R","BOSS","R","$","E","BOSS"],"build_version":"2019-01-23","purchased_purges":2,"victory":true,"max_hp_per_floor":[70,70,70,70,70,70,70,70,70,70,70,70,70,70,70,70,70,70,75,75,75,75,75,75,75,75,75,75,75,75,75,75,75,75,75,75,75,75,75,75,75,75,75,75,75,75,85,85,85,85,85,85,85,85,85],"card_choices":[{"not_picked":["Flechettes","Skewer"],"picked":"Dash","floor":1.0},{"not_picked":["Blade Dance","Dash","Slice"],"picked":"SKIP","floor":2.0},{"not_picked":["Dodge and Roll","Blade Dance"],"picked":"Crippling Poison","floor":5.0},{"not_picked":["Unload","Bane","Endless Agony"],"picked":"SKIP","floor":10.0},{"not_picked":["Deflect","Slice"],"picked":"Noxious Fumes","floor":12.0},{"not_picked":["Terror","Underhanded Strike","Bane"],"picked":"SKIP","floor":13.0},{"not_picked":["Wraith Form v2","Doppelganger"],"picked":"Burst","floor":16.0},{"not_picked":["Backstab+1","Acrobatics"],"picked":"PiercingWail+1","floor":18},{"not_picked":["Riddle With Holes","Quick Slash+1","Flying Knee+1"],"picked":"SKIP","floor":22},{"not_picked":["Quick Slash","Prepared"],"picked":"Poisoned Stab","floor":23},{"not_picked":["A Thousand Cuts","Prepared"],"picked":"Noxious Fumes","floor":28},{"not_picked":["Sucker Punch","PiercingWail","Outmaneuver"],"picked":"SKIP","floor":29},{"not_picked":["Outmaneuver","Unload"],"picked":"Noxious Fumes+1","floor":31},{"not_picked":["Doppelganger","Die Die Die"],"picked":"Corpse Explosion","floor":33},{"not_picked":["PiercingWail+1","Deflect+1","Tactician"],"picked":"SKIP","floor":35},{"not_picked":["Calculated Gamble+1","Blade Dance"],"picked":"Backflip+1","floor":36},{"not_picked":["Reflex","Acrobatics+1","All Out Attack"],"picked":"SKIP","floor":38},{"not_picked":["Prepared","Quick Slash","Die Die Die"],"picked":"SKIP","floor":40},{"not_picked":["Doppelganger","Expertise+1","Dagger Spray+1"],"picked":"SKIP","floor":45},{"not_picked":["Bane","PiercingWail+1","Slice"],"picked":"SKIP","floor":46},{"not_picked":["Bane","Slice"],"picked":"PiercingWail+1","floor":46},{"not_picked":["Finisher+1","Expertise+1","Dagger Throw"],"picked":"SKIP","floor":47},{"not_picked":["Wraith Form v2+1","Dagger Spray+1","Quick Slash+1"],"picked":"SKIP","floor":54}],"player_experience":18535,"relics_obtained":[{"floor":9.0,"key":"Blood Vial"},{"floor":10.0,"key":"Bottled Tornado"},{"floor":13.0,"key":"Mummified Hand"},{"floor":23,"key":"Matryoshka"},{"floor":25,"key":"Orichalcum"},{"floor":25,"key":"Pantograph"},{"floor":26,"key":"Snake Skull"},{"floor":26,"key":"Lantern"},{"floor":28,"key":"Vajra"},{"floor":31,"key":"Meat on the Bone"},{"floor":40,"key":"Centennial Puzzle"},{"floor":45,"key":"Frozen Egg 2"},{"floor":47,"key":"Pear"},{"floor":54,"key":"Bottled Flame"}],"event_choices":[{"damage_healed":0.0,"max_hp_gain":0.0,"max_hp_loss":0.0,"gold_gain":0.0,"cards_transformed":["Strike_G"],"event_name":"Living Wall","player_choice":"Change","floor":4.0,"gold_loss":0.0,"damage_taken":0.0,"cards_obtained":["Caltrops"]},{"cards_removed":["Strike_G"],"damage_healed":0.0,"max_hp_gain":0.0,"max_hp_loss":0.0,"gold_gain":0.0,"event_name":"Golden Wing","player_choice":"Card Removal","floor":7.0,"gold_loss":0.0,"damage_taken":7.0},{"damage_healed":0.0,"max_hp_gain":0.0,"max_hp_loss":0.0,"gold_gain":0.0,"event_name":"Scrap Ooze","player_choice":"Success","floor":14.0,"gold_loss":0.0,"damage_taken":7.0,"relics_obtained":["Gambling Chip"]},{"damage_healed":0,"gold_gain":0,"player_choice":"Shed Blood","damage_taken":18,"max_hp_gain":5,"max_hp_loss":0,"event_name":"Forgotten Altar","floor":19,"gold_loss":0},{"damage_healed":0,"gold_gain":0,"player_choice":"Read","damage_taken":0,"max_hp_gain":0,"max_hp_loss":0,"event_name":"The Library","floor":21,"gold_loss":0,"cards_obtained":["Catalyst"]},{"damage_healed":0,"gold_gain":0,"player_choice":"Gave Potion","damage_taken":0,"relics_obtained":["Juzu Bracelet"],"max_hp_gain":0,"max_hp_loss":0,"event_name":"WeMeetAgain","floor":37,"gold_loss":0},{"cards_removed":["Defend_G"],"damage_healed":0,"gold_gain":0,"player_choice":"Offered Basic","damage_taken":0,"max_hp_gain":0,"max_hp_loss":0,"event_name":"Bonfire Elementals","floor":42,"gold_loss":0},{"damage_healed":0,"gold_gain":0,"player_choice":"Memory 1","damage_taken":0,"max_hp_gain":0,"max_hp_loss":0,"event_name":"SensoryStone","floor":48,"gold_loss":0}],"is_beta":false,"boss_relics":[{"not_picked":["White Beast Statue","Orrery"],"picked":"Ring of the Serpent"},{"not_picked":["Philosopher\u0027s Stone","Coffee Dripper"],"picked":"Velvet Choker"}],"items_purged_floors":[39,53],"is_endless":false,"potions_floor_spawned":[1,2,22,28,33,40,46],"ascension_level":1}