{"gold_per_floor":[112,212,223,235,235,268,268,284,284,284,300,314,314,279,279,279],"floor_reached":16,"playtime":770,"items_purged":[],"score":112,"play_id":"532cb1a2-dab6-4a96-afbc-86025b7cc11a","local_time":"20180924101916","is_ascension_mode":true,"campfire_choices":[{"data":"Demon Form","floor":7,"key":"SMITH"},{"data":"Rupture","floor":15,"key":"SMITH"}],"neow_cost":"NONE","seed_source_timestamp":917505248176960,"circlet_count":0,"master_deck":["Strike_R","Strike_R","Strike_R","Strike_R","Strike_R","Defend_R","Defend_R","Defend_R","Bash","Brutality","Armaments","Rupture+1","Demon Form+1","Warcry","Iron Wave","Intimidate","Seeing Red"],"special_seed":0,"relics":["Burning Blood","Matryoshka","Regal Pillow","Sundial","Pantograph","Letter Opener"],"potions_floor_usage":[16],"damage_taken":[{"damage":1,"enemies":"Cultist","floor":1,"turns":3},{"damage":0,"enemies":"2 Louse","floor":3,"turns":3},{"damage":4,"enemies":"Small Slimes","floor":4,"turns":4},{"damage":34,"enemies":"Gremlin Nob","floor":6,"turns":5},{"damage":22,"enemies":"Exordium Wildlife","floor":8,"turns":7},{"damage":16,"enemies":"Blue Slaver","floor":11,"turns":5},{"damage":4,"enemies":"3 Louse","floor":12,"turns":6},{"damage":69,"enemies":"Hexaghost","floor":16,"turns":9}],"seed_played":"-8534414823374410653","potions_obtained":[{"floor":6,"key":"Energy Potion"},{"floor":8,"key":"Ancient Potion"}],"is_trial":false,"path_per_floor":["M","?","M","M","?","E","R","M","T","?","M","M","T","?","R"],"character_chosen":"IRONCLAD","items_purchased":[],"campfire_rested":0,"item_purchase_floors":[],"current_hp_per_floor":[80,80,80,80,73,45,45,29,29,29,19,21,21,41,41,0],"gold":279,"neow_bonus":"ONE_RANDOM_RARE_CARD","is_prod":false,"is_daily":false,"chose_seed":false,"campfire_upgraded":2,"win_rate":0,"timestamp":1537777156,"path_taken":["M","?","M","M","?","E","R","M","T","?","M","?","?","?","R","BOSS"],"build_version":"2018-09-20","purchased_purges":0,"victory":false,"max_hp_per_floor":[80,80,80,80,80,80,80,80,80,80,80,80,80,80,80,80],"card_choices":[{"not_picked":["Pommel Strike","Clothesline"],"picked":"Armaments","floor":1},{"not_picked":["Armaments","True Grit"],"picked":"Rupture","floor":3},{"not_picked":["Rage","Shockwave"],"picked":"Demon Form","floor":4},{"not_picked":["Whirlwind","Iron Wave"],"picked":"Warcry","floor":6},{"not_picked":["Clothesline","Reckless Charge"],"picked":"Iron Wave","floor":8},{"not_picked":["Impervious","Burning Pact"],"picked":"Intimidate","floor":11},{"not_picked":["Carnage","Thunderclap"],"picked":"Seeing Red","floor":12}],"player_experience":101402,"relics_obtained":[{"floor":6,"key":"Matryoshka"},{"floor":9,"key":"Regal Pillow"},{"floor":9,"key":"Sundial"},{"floor":13,"key":"Pantograph"},{"floor":13,"key":"Letter Opener"}],"event_choices":[{"event_name":"Golden Shrine","player_choice":"Pray","floor":2,"damage_taken":0},{"event_name":"Golden Wing","player_choice":"Card Removal","floor":5,"damage_taken":0},{"event_name":"Shining Light","player_choice":"Ignored","floor":10,"damage_taken":0},{"event_name":"The Cleric","player_choice":"Healed","floor":14,"damage_taken":0}],"is_beta":true,"boss_relics":[],"items_purged_floors":[],"is_endless":false,"potions_floor_spawned":[6,8],"killed_by":"Hexaghost","ascension_level":2}