{"gold_per_floor":[109,34,52,72,72,72,116,116,140,159,173,173,189,209,209,330,330,349,11,41,64,64,64,79,79,150,184,184,200,225,239,239,367,367,386,407,430,450,672,705,717,66,66,86,86,105,143,143,143,143],"floor_reached":50,"playtime":4423,"items_purged":["Pain","Strike_G"],"score":612,"play_id":"81f7e5d7-0baa-46cf-9eb2-e20e70ba0caa","local_time":"20190204230934","is_ascension_mode":true,"campfire_choices":[{"data":"Blade Dance","floor":6.0,"key":"SMITH"},{"data":"After Image","floor":12.0,"key":"SMITH"},{"floor":15.0,"key":"REST"},{"data":"Burst","floor":23,"key":"SMITH"},{"data":"Terror","floor":25,"key":"SMITH"},{"data":"A Thousand Cuts","floor":28,"key":"SMITH"},{"data":"Finisher","floor":32,"key":"SMITH"},{"data":"After Image","floor":41,"key":"SMITH"},{"floor":45,"key":"REST"},{"floor":49,"key":"REST"}],"neow_cost":"CURSE","seed_source_timestamp":0,"circlet_count":0,"master_deck":["Defend_G","Defend_G","Defend_G","Defend_G","Defend_G","Strike_G","Strike_G","Strike_G","Strike_G","Survivor","Neutralize","Leg Sweep","Blade Dance+1","Cloak And Dagger","After Image+1","Dagger Spray","Terror+1","Blur","Blade Dance","Burst+1","Dash","A Thousand Cuts+1","Blade Dance+1","PiercingWail+1","Phantasmal Killer+1","Backstab","Finisher+1","Infinite Blades+1","After Image+1","Well Laid Plans","Bullet Time+1","Writhe","Blade Dance+1","Doubt"],"special_seed":0,"relics":["Ring of the Snake","Pocketwatch","Golden Idol","Blood Vial","Oddly Smooth Stone","Philosopher\u0027s Stone","Toxic Egg 2","Tiny Chest","Paper Crane","Red Mask","Cursed Key","MawBank","Kunai","Bag of Preparation","Happy Flower","Sundial"],"potions_floor_usage":[21,27,33,40,44,47,50],"damage_taken":[{"damage":7.0,"enemies":"2 Louse","floor":1.0,"turns":5.0},{"damage":0.0,"enemies":"Small Slimes","floor":3.0,"turns":6.0},{"damage":0.0,"enemies":"Jaw Worm","floor":4.0,"turns":4.0},{"damage":16.0,"enemies":"Lagavulin","floor":7.0,"turns":10.0},{"damage":4.0,"enemies":"Lots of Slimes","floor":8.0,"turns":6.0},{"damage":0.0,"enemies":"2 Fungi Beasts","floor":10.0,"turns":4.0},{"damage":1.0,"enemies":"Blue Slaver","floor":11.0,"turns":3.0},{"damage":22.0,"enemies":"Gremlin Gang","floor":13.0,"turns":5.0},{"damage":3.0,"enemies":"Exordium Wildlife","floor":14.0,"turns":8.0},{"damage":3.0,"enemies":"Hexaghost","floor":16.0,"turns":16.0},{"damage":0,"enemies":"3 Byrds","floor":18,"turns":7},{"damage":8,"enemies":"Shell Parasite","floor":21,"turns":4},{"damage":1,"enemies":"Sentry and Sphere","floor":24,"turns":6},{"damage":11,"enemies":"Masked Bandits","floor":27,"turns":5},{"damage":0,"enemies":"Shelled Parasite and Fungi","floor":29,"turns":5},{"damage":0,"enemies":"Centurion and Healer","floor":30,"turns":7},{"damage":7,"enemies":"Snake Plant","floor":31,"turns":4},{"damage":38,"enemies":"Collector","floor":33,"turns":7},{"damage":1,"enemies":"3 Darklings","floor":35,"turns":6},{"damage":10,"enemies":"3 Shapes","floor":36,"turns":3},{"damage":0,"enemies":"Spire Growth","floor":37,"turns":4},{"damage":0,"enemies":"Transient","floor":38,"turns":5},{"damage":23,"enemies":"Nemesis","floor":40,"turns":9},{"damage":5,"enemies":"Sphere and 2 Shapes","floor":44,"turns":3},{"damage":17,"enemies":"Jaw Worm Horde","floor":46,"turns":4},{"damage":0,"enemies":"Reptomancer","floor":47,"turns":5},{"damage":89,"enemies":"Time Eater","floor":50,"turns":12}],"seed_played":"167311301674909990","potions_obtained":[{"floor":3.0,"key":"GhostInAJar"},{"floor":4.0,"key":"FearPotion"},{"floor":10.0,"key":"LiquidBronze"},{"floor":16.0,"key":"AttackPotion"},{"floor":21,"key":"Block Potion"},{"floor":27,"key":"PowerPotion"},{"floor":29,"key":"Explosive Potion"},{"floor":35,"key":"Swift Potion"},{"floor":40,"key":"Explosive Potion"},{"floor":46,"key":"PowerPotion"}],"is_trial":false,"path_per_floor":["M","$","M","M","?","R","E","M","T","M","M","R","M","M","R","B",null,"M","$","?","M","?","R","M","R","T","?","R","M","M","M","R","B",null,"M","M","M","M","?","E","R","$","T","M","R","M","E","T","R","B"],"character_chosen":"THE_SILENT","items_purchased":["Toxic Egg 2","A Thousand Cuts","Kunai","Bag of Preparation","Bullet Time+1"],"campfire_rested":3,"item_purchase_floors":[19,19,42,42,42],"current_hp_per_floor":[63,63,63,63,46,46,30,28,28,30,31,31,11,10,31,30,70,70,70,70,62,62,62,63,63,63,54,54,56,58,53,53,17,70,69,60,62,64,64,43,43,43,43,40,61,46,48,48,69,0],"gold":143,"neow_bonus":"ONE_RARE_RELIC","is_prod":false,"is_daily":false,"chose_seed":false,"campfire_upgraded":7,"win_rate":0,"timestamp":1549339774,"path_taken":["M","$","M","M","?","R","E","M","T","M","M","R","M","M","R","BOSS","M","$","?","M","?","R","M","R","T","?","R","M","M","?","R","BOSS","M","M","?","M","?","E","R","$","T","M","R","M","E","?","R","BOSS"],"build_version":"2019-01-23","purchased_purges":2,"victory":false,"max_hp_per_floor":[70,70,70,70,70,70,70,70,70,70,70,70,70,70,70,70,70,70,70,70,70,70,70,70,70,70,70,70,70,70,70,70,70,70,70,70,70,70,70,70,70,70,70,70,70,70,70,70,70,70],"card_choices":[{"not_picked":["Predator","Endless Agony"],"picked":"Leg Sweep","floor":1.0},{"not_picked":["Acrobatics","Leg Sweep"],"picked":"Blade Dance","floor":3.0},{"not_picked":["Quick Slash","Finisher"],"picked":"Cloak And Dagger","floor":4.0},{"not_picked":["Sucker Punch","Endless Agony"],"picked":"After Image","floor":7.0},{"not_picked":["Quick Slash","Backflip"],"picked":"Dagger Spray","floor":8.0},{"not_picked":["Skewer","Acrobatics"],"picked":"Terror","floor":10.0},{"not_picked":["Outmaneuver","Sucker Punch","Deadly Poison"],"picked":"SKIP","floor":11.0},{"not_picked":["Sucker Punch","Dagger Spray"],"picked":"Blur","floor":13.0},{"not_picked":["Distraction","Backstab"],"picked":"Blade Dance","floor":14.0},{"not_picked":["Die Die Die","Unload"],"picked":"Burst","floor":16.0},{"not_picked":["Blade Dance","Distraction"],"picked":"Dash","floor":18},{"not_picked":["Leg Sweep+1","Well Laid Plans"],"picked":"Blade Dance+1","floor":21},{"not_picked":["Outmaneuver+1","Flying Knee","Poisoned Stab+1"],"picked":"SKIP","floor":24},{"not_picked":["Sucker Punch+1","Cloak And Dagger+1"],"picked":"Phantasmal Killer+1","floor":27},{"not_picked":["All Out Attack","Bouncing Flask+1"],"picked":"Backstab","floor":29},{"not_picked":["Crippling Poison+1","Flying Knee"],"picked":"Finisher","floor":30},{"not_picked":["Slice","Catalyst+1"],"picked":"Infinite Blades+1","floor":31},{"not_picked":["Storm of Steel+1","Corpse Explosion+1"],"picked":"After Image","floor":33},{"not_picked":["Bouncing Flask+1","Poisoned Stab+1","Deadly Poison+1"],"picked":"SKIP","floor":35},{"not_picked":["Slice+1","Underhanded Strike+1","Dodge and Roll+1"],"picked":"SKIP","floor":36},{"not_picked":["Concentrate+1","Prepared+1","Heel Hook"],"picked":"SKIP","floor":37},{"not_picked":["Flying Knee+1","Deadly Poison+1","Dagger Spray+1"],"picked":"SKIP","floor":38},{"not_picked":["Cloak And Dagger+1","Calculated Gamble+1"],"picked":"Well Laid Plans","floor":40},{"not_picked":["Underhanded Strike+1","Bane+1"],"picked":"Blade Dance+1","floor":44},{"not_picked":["Die Die Die","Quick Slash","Sucker Punch"],"picked":"SKIP","floor":46},{"not_picked":["All Out Attack+1","Sucker Punch+1","Catalyst+1"],"picked":"SKIP","floor":47}],"player_experience":215892,"relics_obtained":[{"floor":7.0,"key":"Blood Vial"},{"floor":9.0,"key":"Oddly Smooth Stone"},{"floor":26,"key":"Paper Crane"},{"floor":27,"key":"Red Mask"},{"floor":40,"key":"MawBank"},{"floor":47,"key":"Happy Flower"},{"floor":48,"key":"Sundial"}],"event_choices":[{"damage_healed":0.0,"max_hp_gain":0.0,"max_hp_loss":0.0,"gold_gain":0.0,"event_name":"Golden Idol","player_choice":"Take Damage","floor":5.0,"gold_loss":0.0,"damage_taken":17.0,"relics_obtained":["Golden Idol"]},{"damage_healed":0,"gold_gain":0,"player_choice":"Opened","damage_taken":0,"relics_obtained":["Tiny Chest"],"max_hp_gain":0,"max_hp_loss":0,"event_name":"The Mausoleum","floor":20,"gold_loss":0},{"damage_healed":0,"gold_gain":0,"player_choice":"Read","damage_taken":0,"max_hp_gain":0,"max_hp_loss":0,"event_name":"The Library","floor":22,"gold_loss":0,"cards_obtained":["PiercingWail"]},{"damage_healed":0,"gold_gain":0,"player_choice":"Fought Bandits","damage_taken":0,"max_hp_gain":0,"max_hp_loss":0,"event_name":"Masked Bandits","floor":27,"gold_loss":0},{"damage_healed":0,"gold_gain":222,"player_choice":"Wore Mask","damage_taken":0,"max_hp_gain":0,"max_hp_loss":0,"event_name":"Tomb of Lord Red Mask","floor":39,"gold_loss":0}],"is_beta":false,"boss_relics":[{"not_picked":["Busted Crown","Runic Pyramid"],"picked":"Philosopher\u0027s Stone"},{"not_picked":["Coffee Dripper","Tiny House"],"picked":"Cursed Key"}],"items_purged_floors":[2,42],"is_endless":false,"potions_floor_spawned":[3,4,10,16,21,27,29,30,35,37,40,46],"killed_by":"Time Eater","ascension_level":1}