{"gold_per_floor":[115,190,201,201,215,215,233,233,233,233,245,264,290,309,309,309],"floor_reached":16,"playtime":869,"items_purged":[],"score":104,"play_id":"61ce2538-b4e6-4108-8284-2c5a7719e615","local_time":"20190204113640","is_ascension_mode":false,"campfire_choices":[{"data":"Offering","floor":6,"key":"SMITH"},{"data":"Inflame","floor":8,"key":"SMITH"},{"floor":15,"key":"REST"}],"neow_cost":"NONE","seed_source_timestamp":254884680867145,"circlet_count":0,"master_deck":["Strike_R","Strike_R","Strike_R","Strike_R","Defend_R","Defend_R","Defend_R","Defend_R","Bash","Offering+1","Corruption","Pommel Strike","Inflame+1","Battle Trance","Dual Wield","Headbutt","Warcry"],"relics":["Burning Blood","Potion Belt","Meat on the Bone","Peace Pipe"],"potions_floor_usage":[16],"damage_taken":[{"damage":21,"enemies":"Jaw Worm","floor":1,"turns":4},{"damage":5,"enemies":"Small Slimes","floor":3,"turns":3},{"damage":7,"enemies":"Cultist","floor":5,"turns":3},{"damage":11,"enemies":"Blue Slaver","floor":7,"turns":4},{"damage":28,"enemies":"Gremlin Gang","floor":11,"turns":7},{"damage":0,"enemies":"Large Slime","floor":12,"turns":5},{"damage":41,"enemies":"Gremlin Nob","floor":13,"turns":4},{"damage":15,"enemies":"Lots of Slimes","floor":14,"turns":5},{"damage":63,"enemies":"Hexaghost","floor":16,"turns":11}],"seed_played":"8074621364895164856","potions_obtained":[{"floor":1,"key":"Swift Potion"},{"floor":5,"key":"Strength Potion"},{"floor":12,"key":"SkillPotion"}],"is_trial":false,"path_per_floor":["M","?","M","?","M","R","M","R","T","?","M","M","E","M","R","B"],"character_chosen":"IRONCLAD","items_purchased":[],"campfire_rested":1,"item_purchase_floors":[],"current_hp_per_floor":[65,54,55,55,54,54,49,49,49,49,39,57,34,37,61,0],"gold":309,"neow_bonus":"ONE_RANDOM_RARE_CARD","is_prod":false,"is_daily":false,"chose_seed":false,"campfire_upgraded":2,"win_rate":0,"timestamp":1549276600,"path_taken":["M","?","M","?","M","R","?","R","T","?","M","M","E","?","R","BOSS"],"build_version":"2019-01-23","purchased_purges":0,"victory":false,"max_hp_per_floor":[80,80,80,80,80,80,80,80,80,80,80,80,80,80,80,80],"card_choices":[{"not_picked":["Anger","Metallicize"],"picked":"Corruption","floor":1},{"not_picked":["Sword Boomerang","Searing Blow","Flex"],"picked":"SKIP","floor":3},{"not_picked":["Wild Strike","Sword Boomerang"],"picked":"Pommel Strike","floor":5},{"not_picked":["Sword Boomerang","Pommel Strike"],"picked":"Inflame","floor":7},{"not_picked":["Pommel Strike","Clash"],"picked":"Battle Trance","floor":11},{"not_picked":["Sever Soul","Exhume"],"picked":"Dual Wield","floor":12},{"not_picked":["Body Slam","Searing Blow"],"picked":"Headbutt","floor":13},{"not_picked":["Seeing Red","Armaments"],"picked":"Warcry","floor":14}],"player_experience":537942,"relics_obtained":[{"floor":9,"key":"Potion Belt"},{"floor":13,"key":"Peace Pipe"}],"event_choices":[{"damage_healed":0,"gold_gain":75,"player_choice":"Gather Gold","damage_taken":11,"max_hp_gain":0,"max_hp_loss":0,"event_name":"World of Goop","floor":2,"gold_loss":0},{"cards_removed":["Strike_R"],"damage_healed":0,"gold_gain":0,"player_choice":"Purged","damage_taken":0,"max_hp_gain":0,"max_hp_loss":0,"event_name":"Purifier","floor":4,"gold_loss":0},{"damage_healed":0,"gold_gain":0,"player_choice":"Gave Potion","damage_taken":0,"relics_obtained":["Meat on the Bone"],"max_hp_gain":0,"max_hp_loss":0,"event_name":"WeMeetAgain","floor":10,"gold_loss":0}],"is_beta":false,"boss_relics":[],"items_purged_floors":[],"is_endless":false,"potions_floor_spawned":[1,5,12],"killed_by":"Hexaghost","ascension_level":0}