{"gold_per_floor":[119,130,192,210,61,96,96,96,145,178,202,202,540,565,565,688,688,658,658,573,102,27,27,45,86,113,131,146,146,161,201,201,320,320,343,87,103,123,123,123,154,154,154,154,175,175,175,195,195,195,195,195,97,133,133],"floor_reached":55,"playtime":5457,"items_purged":["Strike_R","Clash","Strike_R"],"score":869,"play_id":"9ed93e77-612d-4b15-8f3a-93b571442716","local_time":"20190130215128","is_ascension_mode":true,"campfire_choices":[{"data":"Whirlwind","floor":8,"key":"SMITH"},{"data":"Inflame","floor":12,"key":"SMITH"},{"data":"Rage","floor":15,"key":"SMITH"},{"data":"Flame Barrier","floor":23,"key":"SMITH"},{"data":"Dual Wield","floor":29,"key":"SMITH"},{"floor":32,"key":"RECALL"},{"data":"Limit Break","floor":40,"key":"SMITH"},{"data":"True Grit","floor":42,"key":"SMITH"},{"data":"Metallicize","floor":47,"key":"SMITH"},{"data":"Flex","floor":49,"key":"SMITH"},{"data":"Impervious","floor":52,"key":"SMITH"}],"neow_cost":"NONE","seed_source_timestamp":1347286623295800,"circlet_count":0,"master_deck":["Strike_R","Strike_R","Strike_R","Defend_R","Defend_R","Defend_R","Defend_R","Intimidate","Inflame+1","Whirlwind+1","Flame Barrier+1","Shrug It Off","Dual Wield+1","Rage+1","Anger","Impervious+1","Armaments+1","Flex+1","Metallicize+1","Flame Barrier+1","Limit Break+1","Sever Soul","True Grit+1"],"relics":["Burning Blood","Centennial Puzzle","Golden Idol","Art of War","Bag of Preparation","Old Coin","Runic Pyramid","Mummified Hand","Chemical X","Vajra","Smiling Mask","PreservedInsect","Orichalcum","Snecko Eye","Oddly Smooth Stone","Mango","GremlinMask","Red Skull"],"potions_floor_usage":[4,4,10,13,16,16,33,37,50,50,54,55],"damage_taken":[{"damage":1,"enemies":"Cultist","floor":1,"turns":3},{"damage":5,"enemies":"Jaw Worm","floor":2,"turns":4},{"damage":5,"enemies":"Small Slimes","floor":4,"turns":3},{"damage":20,"enemies":"Gremlin Nob","floor":6,"turns":4},{"damage":9,"enemies":"3 Sentries","floor":10,"turns":5},{"damage":6,"enemies":"2 Fungi Beasts","floor":11,"turns":2},{"damage":9,"enemies":"Lagavulin","floor":13,"turns":6},{"damage":0,"enemies":"Blue Slaver","floor":14,"turns":4},{"damage":33,"enemies":"Hexaghost","floor":16,"turns":9},{"damage":14,"enemies":"2 Thieves","floor":18,"turns":5},{"damage":0,"enemies":"Colosseum Slavers","floor":19,"turns":7},{"damage":4,"enemies":"Shell Parasite","floor":24,"turns":4},{"damage":5,"enemies":"Gremlin Leader","floor":25,"turns":6},{"damage":0,"enemies":"Snake Plant","floor":27,"turns":4},{"damage":17,"enemies":"Shelled Parasite and Fungi","floor":28,"turns":6},{"damage":0,"enemies":"Snecko","floor":30,"turns":6},{"damage":0,"enemies":"Book of Stabbing","floor":31,"turns":3},{"damage":2,"enemies":"Collector","floor":33,"turns":8},{"damage":10,"enemies":"Orb Walker","floor":35,"turns":4},{"damage":1,"enemies":"3 Darklings","floor":37,"turns":4},{"damage":16,"enemies":"Spire Growth","floor":38,"turns":5},{"damage":0,"enemies":"Reptomancer","floor":41,"turns":2},{"damage":5,"enemies":"Transient","floor":45,"turns":5},{"damage":11,"enemies":"3 Darklings","floor":48,"turns":3},{"damage":66,"enemies":"Awakened One","floor":50,"turns":9},{"damage":0,"enemies":"Shield and Spear","floor":54,"turns":3},{"damage":104,"enemies":"The Heart","floor":55,"turns":6}],"seed_played":"80095532249101466","potions_obtained":[{"floor":1,"key":"EntropicBrew"},{"floor":4,"key":"FearPotion"},{"floor":11,"key":"Fire Potion"},{"floor":13,"key":"FearPotion"},{"floor":14,"key":"PowerPotion"},{"floor":28,"key":"SkillPotion"},{"floor":31,"key":"Dexterity Potion"},{"floor":33,"key":"BloodPotion"},{"floor":37,"key":"Regen Potion"},{"floor":41,"key":"FearPotion"},{"floor":45,"key":"AttackPotion"}],"is_trial":false,"path_per_floor":["M","M","?","M","$","E","?","R","T","E","M","R","E","M","R","B",null,"M","?","?","$","?","R","M","E","T","M","M","R","M","E","R","B",null,"M","$","M","M","?","R","E","R","T","?","M","?","R","M","R","B",null,"R","$","E","B"],"character_chosen":"IRONCLAD","items_purchased":["Whirlwind","Chemical X","Vajra","Flex","True Grit","Oddly Smooth Stone","SteroidPotion","SkillPotion"],"campfire_rested":0,"item_purchase_floors":[5,21,21,21,36,36,53,53],"current_hp_per_floor":[88,88,88,88,88,74,52,52,52,49,49,49,46,52,52,25,88,80,86,86,86,86,86,88,88,88,88,77,77,83,88,88,88,88,84,84,88,78,78,78,98,98,98,97,97,97,97,92,92,41,97,97,97,97,0],"gold":133,"neow_bonus":"TEN_PERCENT_HP_BONUS","is_prod":false,"is_daily":false,"chose_seed":false,"campfire_upgraded":10,"win_rate":0,"timestamp":1548903088,"path_taken":["M","?","?","M","$","E","?","R","T","E","M","R","E","M","R","BOSS","M","?","?","$","?","R","M","E","T","M","M","R","?","E","R","BOSS","M","$","M","M","?","R","E","R","T","?","M","?","R","?","R","BOSS","R","$","E","BOSS"],"build_version":"2019-01-23","purchased_purges":3,"victory":false,"max_hp_per_floor":[88,88,88,88,88,88,88,88,88,88,88,88,88,88,88,88,88,88,88,88,88,88,88,88,88,88,88,88,88,88,88,88,88,88,88,88,88,88,88,88,102,102,102,97,97,97,97,97,97,97,97,97,97,97,97],"card_choices":[{"not_picked":["Uppercut","Headbutt"],"picked":"Clash","floor":1},{"not_picked":["Disarm","Metallicize"],"picked":"Intimidate","floor":2},{"not_picked":["Fire Breathing","True Grit"],"picked":"Inflame","floor":4},{"not_picked":["Hemokinesis","Carnage"],"picked":"Flame Barrier","floor":6},{"not_picked":["Sword Boomerang","Twin Strike"],"picked":"Shrug It Off","floor":10},{"not_picked":["True Grit","Fire Breathing"],"picked":"Dual Wield","floor":11},{"not_picked":["Impervious","Perfected Strike"],"picked":"Rage","floor":13},{"not_picked":["Flame Barrier","Uppercut"],"picked":"Anger","floor":14},{"not_picked":["Barricade","Brutality"],"picked":"Impervious","floor":16},{"not_picked":["Burning Pact","Rupture"],"picked":"Armaments+1","floor":18},{"not_picked":["Second Wind+1","Wild Strike"],"picked":"Metallicize","floor":24},{"not_picked":["Burning Pact","Sword Boomerang","Exhume"],"picked":"SKIP","floor":25},{"not_picked":["Wild Strike","Perfected Strike","Infernal Blade"],"picked":"SKIP","floor":27},{"not_picked":["Rupture","Pummel","Corruption"],"picked":"SKIP","floor":28},{"not_picked":["Burning Pact+1","Corruption"],"picked":"Flame Barrier+1","floor":30},{"not_picked":["Power Through+1","Armaments","Entrench"],"picked":"SKIP","floor":31},{"not_picked":["Juggernaut","Offering"],"picked":"Limit Break","floor":33},{"not_picked":["Flex","Cleave"],"picked":"Sever Soul","floor":35},{"not_picked":["Shrug It Off","True Grit","Headbutt"],"picked":"SKIP","floor":37},{"not_picked":["Combust+1","Battle Trance","Blood for Blood"],"picked":"SKIP","floor":38},{"not_picked":["Thunderclap+1","Metallicize","Carnage+1"],"picked":"SKIP","floor":41},{"not_picked":["Entrench","Uppercut","Hemokinesis"],"picked":"SKIP","floor":45},{"not_picked":["Armaments","True Grit+1","Exhume"],"picked":"SKIP","floor":48},{"not_picked":["Whirlwind","Clash+1","Body Slam"],"picked":"SKIP","floor":54}],"player_experience":121209,"relics_obtained":[{"floor":6,"key":"Centennial Puzzle"},{"floor":9,"key":"Art of War"},{"floor":10,"key":"Bag of Preparation"},{"floor":13,"key":"Old Coin"},{"floor":25,"key":"Smiling Mask"},{"floor":26,"key":"PreservedInsect"},{"floor":31,"key":"Orichalcum"},{"floor":41,"key":"Mango"},{"floor":54,"key":"Red Skull"}],"event_choices":[{"damage_healed":0,"gold_gain":62,"player_choice":"Gained Gold","damage_taken":0,"max_hp_gain":0,"max_hp_loss":0,"event_name":"Golden Wing","floor":3,"gold_loss":0},{"damage_healed":0,"gold_gain":0,"player_choice":"Take Damage","damage_taken":22,"relics_obtained":["Golden Idol"],"max_hp_gain":0,"max_hp_loss":0,"event_name":"Golden Idol","floor":7,"gold_loss":0},{"damage_healed":0,"gold_gain":0,"player_choice":"Fight","damage_taken":0,"max_hp_gain":0,"max_hp_loss":0,"event_name":"Colosseum","floor":19,"gold_loss":0},{"damage_healed":0,"gold_gain":0,"player_choice":"Fled From Nobs","damage_taken":0,"max_hp_gain":0,"max_hp_loss":0,"event_name":"Colosseum","floor":19,"gold_loss":0},{"damage_healed":0,"gold_gain":0,"player_choice":"Obtained Relic","damage_taken":0,"relics_obtained":["Mummified Hand"],"max_hp_gain":0,"max_hp_loss":0,"event_name":"Addict","floor":20,"gold_loss":85},{"cards_removed":["Bash"],"damage_healed":0,"gold_gain":0,"player_choice":"Gave Gold","damage_taken":0,"max_hp_gain":0,"max_hp_loss":0,"event_name":"Beggar","floor":22,"gold_loss":75},{"damage_healed":0,"gold_gain":0,"player_choice":"Ignored","damage_taken":0,"max_hp_gain":0,"max_hp_loss":0,"event_name":"Mysterious Sphere","floor":39,"gold_loss":0},{"damage_healed":0,"gold_gain":0,"player_choice":"Max HP","damage_taken":0,"max_hp_gain":0,"max_hp_loss":5,"event_name":"Winding Halls","floor":44,"gold_loss":0},{"damage_healed":0,"gold_gain":0,"player_choice":"Trade","damage_taken":0,"relics_obtained":["GremlinMask"],"max_hp_gain":0,"max_hp_loss":0,"event_name":"FaceTrader","floor":46,"gold_loss":0}],"is_beta":false,"boss_relics":[{"not_picked":["Tiny House","Busted Crown"],"picked":"Runic Pyramid"},{"not_picked":["Orrery","Black Star"],"picked":"Snecko Eye"}],"items_purged_floors":[5,21,36],"is_endless":false,"potions_floor_spawned":[1,4,11,13,14,19,28,31,33,37,38,41,45],"killed_by":"The Heart","ascension_level":1}