{"gold_per_floor":[109,126,126,126,147,186,186,136,188,9,23,57,93,120,120,240,240,265,265,265,289,289,329,35,69,115,115,115,140,175,198,198,321,321,341,364,0,24,24,24,62,62,62,162,162,182,23,66,66,66],"floor_reached":50,"playtime":4143,"items_purged":["Defend_B","Strike_B"],"score":664,"play_id":"9164e29e-e97d-4468-8782-4a83c5e2c8d1","local_time":"20180627132633","is_ascension_mode":false,"campfire_choices":[{"data":"Zap","floor":7,"key":"SMITH"},{"data":"Defragment","floor":15,"key":"SMITH"},{"data":"Redo","floor":28,"key":"SMITH"},{"data":"Machine Learning","floor":32,"key":"SMITH"},{"data":"Mind Blast","floor":40,"key":"SMITH"},{"data":"Dualcast","floor":42,"key":"SMITH"},{"data":"Machine Learning","floor":45,"key":"SMITH"},{"data":"Fusion","floor":49,"key":"SMITH"}],"neow_cost":"NONE","seed_source_timestamp":1270154373951,"circlet_count":0,"master_deck":["Defend_B","Defend_B","Zap+1","Dualcast+1","Glacier+1","Static Discharge","Conserve Battery","Cold Snap","Ball Lightning","All For One","Leap+1","Defragment+1","Chill","Ball Lightning","Barrage","Redo+1","Self Repair","Machine Learning+1","Rainbow","Redo+1","Fusion+1","Blizzard","Cold Snap","Machine Learning+1","Loop","Chill+1","Bite","Bite","Bite","Bite","Bite","Ball Lightning","Electrodynamics","Tempest+1","Mind Blast+1","Redo+1","Rebound+1"],"relics":["Orrery","Anchor","Golden Idol","Boot","War Paint","Odd Mushroom","Singing Bowl","Lantern","Coffee Dripper","The Courier","Art of War","Strawberry","Bronze Scales","White Beast Statue","Red Mask","Blood Vial","Blue Candle","Lee\u0027s Waffle","Ancient Tea Set"],"potions_floor_usage":[6,11,12,13,21,23,23,25,29,33,33,41,48,48,50,50],"damage_taken":[{"damage":0,"enemies":"2 Louse","floor":1,"turns":3},{"damage":1,"enemies":"Jaw Worm","floor":2,"turns":4},{"damage":2,"enemies":"Small Slimes","floor":5,"turns":4},{"damage":13,"enemies":"Gremlin Nob","floor":6,"turns":6},{"damage":0,"enemies":"2 Fungi Beasts","floor":11,"turns":3},{"damage":13,"floor":12,"turns":3},{"damage":8,"enemies":"Lagavulin","floor":13,"turns":7},{"damage":25,"enemies":"Hexaghost","floor":16,"turns":10},{"damage":5,"enemies":"Spheric Guardian","floor":18,"turns":4},{"damage":0,"enemies":"2 Thieves","floor":21,"turns":4},{"damage":1,"enemies":"Slavers","floor":23,"turns":4},{"damage":21,"enemies":"Book of Stabbing","floor":25,"turns":5},{"damage":20,"enemies":"Snecko","floor":29,"turns":5},{"damage":15,"enemies":"Slavers","floor":30,"turns":5},{"damage":16,"enemies":"Snake Plant","floor":31,"turns":3},{"damage":13,"enemies":"Automaton","floor":33,"turns":10},{"damage":0,"enemies":"Orb Walker","floor":35,"turns":4},{"damage":10,"enemies":"3 Shapes","floor":36,"turns":5},{"damage":10,"enemies":"Maw","floor":38,"turns":7},{"damage":32,"enemies":"Nemesis","floor":41,"turns":7},{"damage":0,"enemies":"3 Darklings","floor":46,"turns":3},{"damage":22,"enemies":"Giant Head","floor":48,"turns":9},{"damage":86,"enemies":"Awakened One","floor":50,"turns":9}],"seed_played":"-447180247357600101","potions_obtained":[{"floor":1,"key":"Block Potion"},{"floor":2,"key":"FearPotion"},{"floor":5,"key":"Block Potion"},{"floor":6,"key":"Explosive Potion"},{"floor":20,"key":"Explosive Potion"},{"floor":20,"key":"FocusPotion"},{"floor":20,"key":"Block Potion"},{"floor":21,"key":"FearPotion"},{"floor":23,"key":"Dexterity Potion"},{"floor":25,"key":"GamblersBrew"},{"floor":31,"key":"Weak Potion"},{"floor":35,"key":"Energy Potion"},{"floor":36,"key":"FearPotion"},{"floor":38,"key":"LiquidBronze"},{"floor":41,"key":"Block Potion"},{"floor":46,"key":"SkillPotion"},{"floor":48,"key":"SkillPotion"}],"is_trial":false,"path_per_floor":["M","M","?","?","M","E","R","?","T","$","M","?","E","T","R","B",null,"M","?","?","M","?","E","$","E","T","?","R","M","E","M","R","B",null,"M","M","?","M","?","R","E","R","T","?","R","M","$","E","R"],"character_chosen":"DEFECT","items_purchased":["Ball Lightning","Barrage","Blizzard","Cold Snap","Machine Learning","Loop","Lee\u0027s Waffle"],"campfire_rested":0,"item_purchase_floors":[10,10,24,24,24,24,47],"current_hp_per_floor":[75,74,74,56,54,41,41,41,41,41,41,28,29,29,29,11,77,79,79,79,79,79,79,79,58,65,60,60,51,53,43,43,42,64,64,56,56,65,65,65,48,48,48,48,48,52,75,68,68,0],"gold":66,"neow_bonus":"BOSS_RELIC","is_prod":false,"is_daily":false,"chose_seed":false,"campfire_upgraded":8,"win_rate":0,"timestamp":1530098793,"path_taken":["M","M","?","?","M","E","R","?","T","?","?","?","E","?","R","BOSS","M","?","?","M","?","E","$","E","T","?","R","M","E","M","R","BOSS","M","M","?","M","?","R","E","R","T","?","R","M","?","E","R","BOSS"],"build_version":"2018-06-21v2","purchased_purges":2,"victory":false,"max_hp_per_floor":[75,75,75,75,75,75,75,75,75,75,75,75,77,77,77,77,77,79,79,79,79,79,79,79,79,86,60,60,62,64,64,64,64,64,64,66,66,68,68,68,68,68,68,68,68,68,75,77,77,77],"card_choices":[{"not_picked":["Sunder","Barrage"],"picked":"Glacier","floor":0},{"not_picked":["Hologram","Stack"],"picked":"Static Discharge","floor":0},{"not_picked":["Reprogram","Go for the Eyes"],"picked":"Conserve Battery","floor":0},{"not_picked":["Steam","Compile Driver"],"picked":"Cold Snap","floor":0},{"not_picked":["Genetic Algorithm","Go for the Eyes"],"picked":"Ball Lightning","floor":0},{"not_picked":["Melter","Turbo"],"picked":"All For One","floor":1},{"not_picked":["Steam","Sweeping Beam"],"picked":"Leap","floor":2},{"not_picked":["Undo","Compile Driver"],"picked":"Defragment","floor":5},{"not_picked":["Compile Driver","Stack"],"picked":"Chill","floor":6},{"not_picked":["Genetic Algorithm","Stack"],"picked":"Redo","floor":11},{"not_picked":["Undo","Melter"],"picked":"Self Repair","floor":12},{"not_picked":["Heatsinks","FTL","All For One"],"picked":"Singing Bowl","floor":13},{"not_picked":["All For One","Amplify"],"picked":"Machine Learning","floor":16},{"not_picked":["Hologram","Rip and Tear","Leap"],"picked":"Singing Bowl","floor":18},{"not_picked":["Reprogram","Steam"],"picked":"Redo+1","floor":21},{"not_picked":["Compile Driver","Go for the Eyes"],"picked":"Fusion","floor":23},{"not_picked":["Leap","Scrape"],"picked":"Chill+1","floor":25},{"not_picked":["Go for the Eyes","Turbo","Beam Cell+1"],"picked":"Singing Bowl","floor":29},{"not_picked":["Buffer","Heatsinks","Static Discharge+1"],"picked":"Singing Bowl","floor":30},{"not_picked":["Genetic Algorithm","Static Discharge"],"picked":"Ball Lightning","floor":31},{"not_picked":["Buffer","Meteor Strike"],"picked":"Electrodynamics","floor":33},{"not_picked":["Compile Driver+1","Aggregate+1"],"picked":"Tempest+1","floor":35},{"not_picked":["Coolheaded","Hologram","BootSequence+1"],"picked":"Singing Bowl","floor":36},{"not_picked":["Darkness","Scrape+1","Conserve Battery+1"],"picked":"Singing Bowl","floor":38},{"not_picked":["Dark Shackles","Flash of Steel"],"picked":"Mind Blast","floor":39},{"not_picked":["Streamline+1","Reinforced Body"],"picked":"Redo+1","floor":41},{"not_picked":["Cold Snap+1","Chill+1"],"picked":"Rebound+1","floor":46},{"not_picked":["Consume+1","Reboot","Scrape+1"],"picked":"Singing Bowl","floor":48}],"player_experience":199307,"relics_obtained":[{"floor":6,"key":"Boot"},{"floor":9,"key":"War Paint"},{"floor":12,"key":"Odd Mushroom"},{"floor":13,"key":"Singing Bowl"},{"floor":14,"key":"Lantern"},{"floor":23,"key":"The Courier"},{"floor":25,"key":"Art of War"},{"floor":26,"key":"Strawberry"},{"floor":30,"key":"Bronze Scales"},{"floor":41,"key":"Blood Vial"},{"floor":43,"key":"Blue Candle"},{"floor":48,"key":"Ancient Tea Set"}],"event_choices":[{"event_name":"Big Fish","player_choice":"Box","floor":3,"damage_taken":0},{"event_name":"Golden Idol","player_choice":"Take Damage","floor":4,"damage_taken":0},{"event_name":"The Cleric","player_choice":"Card Removal","floor":8,"damage_taken":0},{"event_name":"Mushrooms","player_choice":"Fought Mushrooms","floor":12,"damage_taken":0},{"event_name":"Transmorgrifier","player_choice":"Transform","floor":19,"damage_taken":0},{"event_name":"The Lab","player_choice":"Got Potions","floor":20,"damage_taken":0},{"event_name":"Ghosts","player_choice":"Ignored","floor":22,"damage_taken":0},{"event_name":"Vampires","player_choice":"Became a vampire","floor":27,"damage_taken":0},{"event_name":"Tomb of Lord Red Mask","player_choice":"Paid","floor":37,"damage_taken":0},{"event_name":"SensoryStone","player_choice":"Memory 1","floor":39,"damage_taken":0},{"event_name":"Golden Shrine","player_choice":"Pray","floor":44,"damage_taken":0}],"boss_relics":[{"not_picked":["Calling Bell","Nuclear Battery"],"picked":"Coffee Dripper"},{"not_picked":["Snecko Eye","Black Star"],"picked":"White Beast Statue"}],"items_purged_floors":[10,24],"is_endless":false,"potions_floor_spawned":[1,2,5,6,21,23,25,31,35,36,38,41,46,48],"killed_by":"Awakened One","ascension_level":0}