{"gold_per_floor":[112,112,112,129,29,29,57,57,57,232,232,262,274,284,284,385,385,405,405,405,419,51,86,86,113,136,148,183,210,222,250,262,371,383,410,438,450,462,493,505,517,529],"floor_reached":42,"playtime":3536,"items_purged":["Doubt"],"score":555,"play_id":"37f52180-0b45-45be-9332-e0180bdf77b6","local_time":"20190128143048","is_ascension_mode":true,"campfire_choices":[{"data":"Blade Dance","floor":6,"key":"SMITH"},{"data":"Well Laid Plans","floor":8,"key":"SMITH"},{"floor":15,"key":"REST"},{"floor":24,"key":"REST"},{"floor":27,"key":"REST"},{"floor":30,"key":"REST"},{"data":"Wraith Form v2","floor":32,"key":"SMITH"},{"data":"Enlightenment","floor":40,"key":"SMITH"}],"neow_cost":"TEN_PERCENT_HP_LOSS","seed_source_timestamp":1445195445000975,"circlet_count":0,"master_deck":["Defend_G","Defend_G","Defend_G","Defend_G","Defend_G","Survivor","Neutralize","Enlightenment+1","Apotheosis","Well Laid Plans+1","Terror","Masterful Stab+1","Finisher","Blade Dance+1","Dagger Spray","Dagger Throw","Grand Finale","Reflex","Malaise","Underhanded Strike+1","Bite","Bite","Bite","Bite","Bite","Bullet Time","Wraith Form v2+1","Noxious Fumes+1","Phantasmal Killer","Blade Dance+1","Mind Blast","Dagger Throw+1","Madness","Madness"],"relics":["Ring of the Snake","Strawberry","Incense Burner","Whetstone","Runic Pyramid","Pocketwatch","Blood Vial","MawBank","Ancient Tea Set","Snecko Eye"],"potions_floor_usage":[7,12,12,16,23,23,23],"damage_taken":[{"damage":0,"enemies":"2 Louse","floor":1,"turns":3},{"damage":1,"enemies":"Jaw Worm","floor":4,"turns":5},{"damage":12,"enemies":"Gremlin Nob","floor":7,"turns":3},{"damage":10,"enemies":"Lagavulin","floor":12,"turns":4},{"damage":0,"enemies":"Cultist","floor":13,"turns":3},{"damage":3,"enemies":"Looter","floor":14,"turns":2},{"damage":47,"enemies":"Hexaghost","floor":16,"turns":10},{"damage":33,"enemies":"Spheric Guardian","floor":18,"turns":4},{"damage":1,"enemies":"3 Byrds","floor":21,"turns":4},{"damage":24,"enemies":"Slavers","floor":23,"turns":5},{"damage":19,"enemies":"Book of Stabbing","floor":25,"turns":5},{"damage":12,"enemies":"Sentry and Sphere","floor":29,"turns":6},{"damage":16,"enemies":"Chosen and Byrds","floor":31,"turns":5},{"damage":35,"enemies":"Automaton","floor":33,"turns":9},{"damage":12,"enemies":"Orb Walker","floor":35,"turns":5},{"damage":2,"enemies":"3 Shapes","floor":36,"turns":5},{"damage":13,"enemies":"Sphere and 2 Shapes","floor":39,"turns":6},{"damage":71,"enemies":"Giant Head","floor":42,"turns":9}],"seed_played":"-8351244207180498098","potions_obtained":[{"floor":1,"key":"Strength Potion"},{"floor":3,"key":"Energy Potion"},{"floor":3,"key":"Poison Potion"},{"floor":3,"key":"Dexterity Potion"},{"floor":7,"key":"Swift Potion"},{"floor":13,"key":"Strength Potion"},{"floor":16,"key":"Weak Potion"},{"floor":21,"key":"GhostInAJar"},{"floor":23,"key":"Strength Potion"},{"floor":29,"key":"SneckoOil"},{"floor":36,"key":"SpeedPotion"}],"is_trial":false,"path_per_floor":["M","?","?","M","$","R","E","R","T","?","?","E","M","M","R","B",null,"M","?","?","M","$","E","R","E","T","R","T","M","R","M","R","B",null,"M","M","?","?","M","R","?","E"],"character_chosen":"THE_SILENT","items_purchased":["Finisher","Blade Dance","Bullet Time","Wraith Form v2"],"campfire_rested":4,"item_purchase_floors":[5,5,22,22],"current_hp_per_floor":[63,63,63,62,62,62,57,57,57,57,57,47,47,44,65,18,70,37,37,30,37,37,21,37,28,28,44,44,47,54,46,46,30,54,45,52,52,52,50,50,43,0],"gold":529,"neow_bonus":"RANDOM_COLORLESS_2","is_prod":false,"is_daily":false,"chose_seed":false,"campfire_upgraded":4,"win_rate":0,"timestamp":1548664248,"path_taken":["M","?","?","?","$","R","E","R","T","?","?","E","?","M","R","BOSS","M","?","?","M","$","E","R","E","T","R","?","?","R","M","R","BOSS","M","M","?","?","M","R","?","E"],"build_version":"2019-01-23","purchased_purges":1,"victory":false,"max_hp_per_floor":[63,63,63,63,63,63,70,70,70,70,70,70,70,70,70,70,70,70,49,54,54,54,54,54,54,54,54,54,54,54,54,54,54,54,54,54,54,54,54,54,54,54],"card_choices":[{"not_picked":["Flying Knee","Poisoned Stab"],"picked":"Well Laid Plans","floor":1},{"not_picked":["Cloak And Dagger","Flying Knee"],"picked":"Masterful Stab","floor":4},{"not_picked":["Prepared","Accuracy"],"picked":"Dagger Spray","floor":7},{"not_picked":["Prepared","Bane"],"picked":"Dagger Throw","floor":12},{"not_picked":["PiercingWail","Sucker Punch"],"picked":"Grand Finale","floor":13},{"not_picked":["Outmaneuver","Sucker Punch"],"picked":"Reflex","floor":14},{"not_picked":["Storm of Steel","Glass Knife"],"picked":"Malaise","floor":16},{"not_picked":["Deflect","Dagger Spray"],"picked":"Underhanded Strike+1","floor":18},{"not_picked":["Outmaneuver+1","Well Laid Plans","Prepared"],"picked":"SKIP","floor":21},{"not_picked":["Well Laid Plans","Underhanded Strike+1","Blade Dance+1"],"picked":"SKIP","floor":23},{"not_picked":["Prepared","Sucker Punch","Escape Plan+1"],"picked":"SKIP","floor":25},{"not_picked":["Underhanded Strike","Sucker Punch","Infinite Blades"],"picked":"SKIP","floor":29},{"not_picked":["Dagger Throw","Flechettes+1"],"picked":"Noxious Fumes+1","floor":31},{"not_picked":["A Thousand Cuts","Envenom"],"picked":"Phantasmal Killer","floor":33},{"not_picked":["Predator+1","Underhanded Strike+1","Poisoned Stab+1"],"picked":"SKIP","floor":35},{"not_picked":["Distraction","Eviscerate"],"picked":"Blade Dance+1","floor":36},{"not_picked":["PanicButton","Apotheosis"],"picked":"Mind Blast","floor":38},{"not_picked":["Slice","Dodge and Roll"],"picked":"Dagger Throw+1","floor":39}],"player_experience":674159,"relics_obtained":[{"floor":7,"key":"Strawberry"},{"floor":9,"key":"Incense Burner"},{"floor":12,"key":"Whetstone"},{"floor":23,"key":"Pocketwatch"},{"floor":25,"key":"Blood Vial"},{"floor":26,"key":"MawBank"},{"floor":28,"key":"Ancient Tea Set"}],"event_choices":[{"damage_healed":0,"gold_gain":0,"cards_transformed":["Strike_G"],"player_choice":"Change","damage_taken":0,"max_hp_gain":0,"max_hp_loss":0,"event_name":"Living Wall","floor":2,"gold_loss":0,"cards_obtained":["Terror"]},{"damage_healed":0,"gold_gain":0,"player_choice":"Got Potions","damage_taken":0,"max_hp_gain":0,"max_hp_loss":0,"event_name":"Lab","floor":3,"gold_loss":0},{"damage_healed":0,"gold_gain":175,"player_choice":"AGREE","damage_taken":0,"max_hp_gain":0,"max_hp_loss":0,"event_name":"Liars Game","floor":10,"gold_loss":0,"cards_obtained":["Doubt"]},{"damage_healed":0,"gold_gain":0,"cards_transformed":["Strike_G"],"player_choice":"Transformed","damage_taken":0,"max_hp_gain":0,"max_hp_loss":0,"event_name":"Transmorgrifier","floor":11,"gold_loss":0,"cards_obtained":["Die Die Die"]},{"damage_healed":0,"gold_gain":0,"player_choice":"Became a vampire","damage_taken":0,"max_hp_gain":0,"max_hp_loss":21,"event_name":"Vampires","floor":19,"gold_loss":0,"cards_obtained":["Bite","Bite","Bite","Bite","Bite"]},{"damage_healed":0,"gold_gain":0,"player_choice":"Shed Blood","damage_taken":12,"max_hp_gain":5,"max_hp_loss":0,"event_name":"Forgotten Altar","floor":20,"gold_loss":0},{"cards_removed":["Die Die Die"],"damage_healed":0,"gold_gain":0,"player_choice":"Removed Attack","damage_taken":0,"max_hp_gain":0,"max_hp_loss":0,"event_name":"Falling","floor":37,"gold_loss":0},{"damage_healed":0,"gold_gain":0,"player_choice":"Memory 1","damage_taken":0,"max_hp_gain":0,"max_hp_loss":0,"event_name":"SensoryStone","floor":38,"gold_loss":0},{"damage_healed":0,"gold_gain":0,"player_choice":"Embrace Madness","damage_taken":7,"max_hp_gain":0,"max_hp_loss":0,"event_name":"Winding Halls","floor":41,"gold_loss":0,"cards_obtained":["Madness","Madness"]}],"is_beta":false,"boss_relics":[{"not_picked":["Runic Dome","Fusion Hammer"],"picked":"Runic Pyramid"},{"not_picked":["Velvet Choker","Black Star"],"picked":"Snecko Eye"}],"items_purged_floors":[22],"is_endless":false,"potions_floor_spawned":[1,7,13,16,21,23,29,36],"killed_by":"Giant Head","ascension_level":4}