{"gold_per_floor":[115,38,56,56,56,156,156,166,166,166,197,217,245,273,273,370,370,385,29,30,44,64,64],"floor_reached":23,"playtime":1809,"items_purged":[],"score":226,"play_id":"9975b8fb-2fbb-4ea1-9d76-8e5704ef90f5","local_time":"20190205174919","is_ascension_mode":false,"campfire_choices":[{"data":"Barricade","floor":7,"key":"SMITH"},{"data":"Bash","floor":10,"key":"SMITH"},{"data":"Metallicize","floor":15,"key":"SMITH"}],"neow_cost":"CURSE","seed_source_timestamp":112058499694530,"circlet_count":0,"master_deck":["Strike_R","Strike_R","Strike_R","Strike_R","Strike_R","Defend_R","Defend_R","Defend_R","Defend_R","Bash+1","Barricade+1","Feel No Pain","Metallicize+1","Shrug It Off+1","True Grit+1","Sentinel+1","Offering+1","Wild Strike+1","True Grit+1","Havoc+1"],"relics":["Black Blood","Toxic Egg 2","Bottled Tornado","Pantograph","Odd Mushroom","Champion Belt"],"potions_floor_usage":[11],"damage_taken":[{"damage":5,"enemies":"2 Louse","floor":1,"turns":4},{"damage":8,"enemies":"Small Slimes","floor":3,"turns":5},{"damage":7,"enemies":"Cultist","floor":8,"turns":5},{"damage":16,"enemies":"Gremlin Nob","floor":11,"turns":6},{"damage":9,"enemies":"Blue Slaver","floor":12,"turns":6},{"damage":16,"enemies":"3 Sentries","floor":13,"turns":17},{"damage":24,"enemies":"The Mushroom Lair","floor":14,"turns":12},{"damage":1,"enemies":"The Guardian","floor":16,"turns":21},{"damage":11,"enemies":"Spheric Guardian","floor":18,"turns":12},{"damage":6,"enemies":"2 Thieves","floor":20,"turns":5},{"damage":27,"enemies":"Sentry and Sphere","floor":21,"turns":16},{"damage":23,"enemies":"Snake Plant","floor":22,"turns":7},{"damage":68,"enemies":"Gremlin Leader","floor":23,"turns":4}],"seed_played":"4135377675572897082","potions_obtained":[{"floor":1,"key":"Block Potion"},{"floor":11,"key":"SteroidPotion"},{"floor":12,"key":"EntropicBrew"},{"floor":13,"key":"Dexterity Potion"}],"is_trial":false,"path_per_floor":["M","$","M","$","?","?","R","M","T","R","E","M","E","?","R","B",null,"M","$","M","M","M","E"],"character_chosen":"IRONCLAD","items_purchased":["Barricade","Champion Belt","True Grit+1"],"campfire_rested":0,"item_purchase_floors":[2,19,19],"current_hp_per_floor":[96,96,94,94,94,94,94,93,93,93,83,80,70,52,52,82,96,95,95,96,79,66,0],"gold":64,"neow_bonus":"TWENTY_PERCENT_HP_BONUS","is_prod":false,"is_daily":false,"chose_seed":false,"campfire_upgraded":3,"win_rate":0,"timestamp":1549367359,"path_taken":["M","$","M","$","?","?","R","M","T","R","E","?","E","?","R","BOSS","M","$","M","M","M","E"],"build_version":"2019-01-23","purchased_purges":0,"victory":false,"max_hp_per_floor":[96,96,96,96,96,96,96,96,96,96,96,96,96,96,96,96,96,96,96,96,96,96,96],"card_choices":[{"not_picked":["Havoc","Rupture","Iron Wave"],"picked":"SKIP","floor":1},{"not_picked":["True Grit","Shockwave"],"picked":"Feel No Pain","floor":3},{"not_picked":["Headbutt","Sword Boomerang"],"picked":"Metallicize","floor":8},{"not_picked":["Thunderclap","Clothesline"],"picked":"Shrug It Off+1","floor":11},{"not_picked":["Offering+1","Burning Pact+1"],"picked":"True Grit+1","floor":12},{"not_picked":["Anger","Seeing Red+1"],"picked":"Sentinel+1","floor":13},{"not_picked":["Barricade","Brutality"],"picked":"Offering+1","floor":16},{"not_picked":["Whirlwind","Cleave+1"],"picked":"Wild Strike+1","floor":18},{"not_picked":["Clash","Armaments+1","Shrug It Off+1"],"picked":"SKIP","floor":20},{"not_picked":["Spot Weakness+1","Cleave+1","Iron Wave"],"picked":"SKIP","floor":21},{"not_picked":["Rampage","Thunderclap"],"picked":"Havoc+1","floor":22}],"player_experience":730993,"relics_obtained":[{"floor":9,"key":"Toxic Egg 2"},{"floor":11,"key":"Bottled Tornado"},{"floor":13,"key":"Pantograph"},{"floor":14,"key":"Odd Mushroom"}],"event_choices":[{"cards_removed":["Injury"],"damage_healed":0,"gold_gain":0,"player_choice":"Forget","damage_taken":0,"max_hp_gain":0,"max_hp_loss":0,"event_name":"Living Wall","floor":5,"gold_loss":0},{"damage_healed":0,"gold_gain":100,"player_choice":"Pray","damage_taken":0,"max_hp_gain":0,"max_hp_loss":0,"event_name":"Golden Shrine","floor":6,"gold_loss":0},{"damage_healed":0,"gold_gain":0,"player_choice":"Fought Mushrooms","damage_taken":0,"max_hp_gain":0,"max_hp_loss":0,"event_name":"Mushrooms","floor":14,"gold_loss":0}],"is_beta":false,"boss_relics":[{"not_picked":["Cursed Key","Lizard Tail"],"picked":"Black Blood"}],"items_purged_floors":[],"is_endless":false,"potions_floor_spawned":[1,11,12,13,20,21],"killed_by":"Gremlin Leader","ascension_level":0}