{"gold_per_floor":[117,134,34,52,68,68,17,17,17,51,61,95,95,122,122,220,220,230,247,247,258,273,273,125,152,177,191,106,106,123,21,21,118,118,135,235,235,235,245,272,284,310,310,328,345,345,377,121,121,121],"floor_reached":51,"playtime":3090,"items_purged":["Strike_R","Strike_R","Strike_R"],"score":891,"play_id":"5744326b-d7a8-49a0-b9b6-e95e6cef67cc","local_time":"20190205110337","is_ascension_mode":true,"campfire_choices":[{"data":"Armaments","floor":6.0,"key":"SMITH"},{"data":"Shrug It Off","floor":8.0,"key":"SMITH"},{"data":"Armaments","floor":15,"key":"SMITH"},{"floor":23,"key":"REST"},{"floor":29,"key":"REST"},{"data":"Shrug It Off","floor":32,"key":"SMITH"},{"floor":46,"key":"REST"},{"data":"Offering","floor":49,"key":"SMITH"}],"neow_cost":"NONE","seed_source_timestamp":0,"circlet_count":0,"master_deck":["Strike_R","Strike_R","Defend_R","Defend_R","Defend_R","Defend_R","Bash","Bludgeon","Headbutt","Iron Wave","Shrug It Off+1","Armaments+1","Pommel Strike","Armaments+1","Seeing Red","Limit Break","Pommel Strike+1","Spot Weakness","Disarm","Disarm","Shrug It Off+1","Anger","Intimidate+1","Flex","Inflame","Shrug It Off","Offering+1","Flex+1","Limit Break","Headbutt","Heavy Blade+1","Shrug It Off","Inflame+1","Limit Break","Armaments","Inflame"],"special_seed":0,"relics":["Burning Blood","Sundial","Calipers","Paper Frog","Red Skull","White Beast Statue","Pear","Regal Pillow","Vajra","Runic Dome","Ice Cream","Prayer Wheel","Lantern","Question Card","Letter Opener"],"potions_floor_usage":[16,19,21,25,25,33,39,40,42,47,50,50,50],"damage_taken":[{"damage":0.0,"enemies":"Cultist","floor":1.0,"turns":2.0},{"damage":4.0,"enemies":"2 Louse","floor":2.0,"turns":3.0},{"damage":6.0,"enemies":"Jaw Worm","floor":4.0,"turns":2.0},{"damage":10.0,"enemies":"Gremlin Gang","floor":5.0,"turns":3.0},{"damage":16.0,"enemies":"Lagavulin","floor":10.0,"turns":8.0},{"damage":0.0,"enemies":"2 Fungi Beasts","floor":11.0,"turns":3.0},{"damage":10,"enemies":"3 Sentries","floor":12,"turns":6},{"damage":10,"enemies":"Gremlin Nob","floor":14,"turns":4},{"damage":16,"enemies":"The Guardian","floor":16,"turns":7},{"damage":13,"enemies":"Shell Parasite","floor":18,"turns":8},{"damage":11,"enemies":"3 Byrds","floor":19,"turns":4},{"damage":28,"enemies":"Snake Plant","floor":21,"turns":5},{"damage":37,"enemies":"3 Cultists","floor":22,"turns":5},{"damage":49,"enemies":"Slavers","floor":25,"turns":6},{"damage":13,"enemies":"Centurion and Healer","floor":27,"turns":7},{"damage":3,"enemies":"Snake Plant","floor":30,"turns":5},{"damage":65,"enemies":"Collector","floor":33,"turns":9},{"damage":6,"enemies":"Orb Walker","floor":35,"turns":3},{"damage":0,"enemies":"Mind Bloom Boss Battle","floor":36,"turns":6},{"damage":14,"enemies":"3 Shapes","floor":39,"turns":4},{"damage":27,"enemies":"Giant Head","floor":40,"turns":6},{"damage":11,"enemies":"3 Darklings","floor":41,"turns":7},{"damage":29,"enemies":"Reptomancer","floor":42,"turns":6},{"damage":6,"enemies":"Jaw Worm Horde","floor":44,"turns":3},{"damage":23,"enemies":"Writhing Mass","floor":45,"turns":3},{"damage":6,"enemies":"Nemesis","floor":47,"turns":5},{"damage":53,"enemies":"Donu and Deca","floor":50,"turns":6}],"seed_played":"-7073124549740100048","potions_obtained":[{"floor":2.0,"key":"PowerPotion"},{"floor":5.0,"key":"EssenceOfSteel"},{"floor":10.0,"key":"FairyPotion"},{"floor":12,"key":"FairyPotion"},{"floor":18,"key":"GamblersBrew"},{"floor":19,"key":"Swift Potion"},{"floor":21,"key":"Strength Potion"},{"floor":22,"key":"EssenceOfSteel"},{"floor":25,"key":"SpeedPotion"},{"floor":27,"key":"SteroidPotion"},{"floor":30,"key":"BloodPotion"},{"floor":33,"key":"Ancient Potion"},{"floor":35,"key":"SpeedPotion"},{"floor":36,"key":"SteroidPotion"},{"floor":39,"key":"Dexterity Potion"},{"floor":40,"key":"Dexterity Potion"},{"floor":41,"key":"SteroidPotion"},{"floor":42,"key":"EssenceOfSteel"},{"floor":44,"key":"AttackPotion"},{"floor":47,"key":"LiquidBronze"}],"is_trial":false,"path_per_floor":["M","M","$","M","M","R","$","R","T","E","M","E","?","E","R","B",null,"M","M","?","M","M","R","$","E","T","M","?","R","M","$","R","B",null,"M","?","?","?","M","E","M","E","T","M","M","R","E","$","R","B",null],"character_chosen":"IRONCLAD","items_purchased":["Iron Wave","Pommel Strike","Shrug It Off","Inflame","Shrug It Off","Armaments","Inflame"],"campfire_rested":3,"item_purchase_floors":[3,7,24,31,31,48,48],"current_hp_per_floor":[80,80,80,80,76,76,76,76,76,66,72,68,68,64,64,54,80,73,68,68,46,15,39,39,22,22,15,15,57,60,60,60,10,90,90,90,90,90,82,61,56,33,33,33,16,58,58,58,58,11],"gold":121,"neow_bonus":"ONE_RANDOM_RARE_CARD","is_prod":false,"is_daily":false,"chose_seed":false,"campfire_upgraded":5,"win_rate":1,"timestamp":1549361017,"path_taken":["M","M","$","M","M","R","$","R","T","E","?","E","?","E","R","BOSS","M","M","?","?","M","R","$","E","T","M","?","R","M","$","R","BOSS","M","?","?","?","M","E","M","E","T","M","M","R","E","$","R","BOSS"],"build_version":"2019-01-23","purchased_purges":3,"victory":true,"max_hp_per_floor":[80,80,80,80,80,80,80,80,80,80,80,80,80,80,80,80,80,80,80,80,80,80,80,80,90,90,90,90,90,90,90,90,90,90,90,90,90,90,90,90,90,90,90,90,90,90,90,90,90,90],"card_choices":[{"not_picked":["Body Slam","Burning Pact"],"picked":"Combust","floor":1.0},{"not_picked":["Power Through","Dropkick"],"picked":"Headbutt","floor":2.0},{"not_picked":["Flex","Uppercut"],"picked":"Shrug It Off","floor":4.0},{"not_picked":["Combust","Sword Boomerang"],"picked":"Armaments","floor":5.0},{"not_picked":["Cleave","Flex","Burning Pact"],"picked":"SKIP","floor":10.0},{"not_picked":["Cleave","Flex"],"picked":"Armaments","floor":11.0},{"not_picked":["Clash","Cleave","Perfected Strike"],"picked":"SKIP","floor":12},{"not_picked":["Reckless Charge","Fire Breathing"],"picked":"Seeing Red","floor":14},{"not_picked":["Berserk","Feed"],"picked":"Limit Break","floor":16},{"not_picked":["Warcry","Cleave"],"picked":"Pommel Strike+1","floor":18},{"not_picked":["True Grit","Clash"],"picked":"Spot Weakness","floor":19},{"not_picked":["Anger","Sword Boomerang"],"picked":"Disarm","floor":21},{"not_picked":["Sever Soul","Iron Wave+1"],"picked":"Disarm","floor":22},{"not_picked":["Power Through","Barricade"],"picked":"Anger","floor":25},{"not_picked":["Twin Strike","Warcry"],"picked":"Intimidate+1","floor":27},{"not_picked":["Thunderclap","Perfected Strike"],"picked":"Flex","floor":30},{"not_picked":["Fiend Fire","Impervious"],"picked":"Offering","floor":33},{"not_picked":["Combust","Bloodletting"],"picked":"Flex+1","floor":35},{"not_picked":["Twin Strike","Anger"],"picked":"Limit Break","floor":36},{"not_picked":["Entrench+1","Body Slam"],"picked":"Headbutt","floor":39},{"not_picked":["Warcry","Reckless Charge","Thunderclap"],"picked":"SKIP","floor":40},{"not_picked":["Infernal Blade+1","Entrench"],"picked":"Heavy Blade+1","floor":41},{"not_picked":["Dual Wield","Body Slam","Rampage"],"picked":"SKIP","floor":41},{"not_picked":["Corruption","Burning Pact"],"picked":"Shrug It Off","floor":42},{"not_picked":["Entrench","Searing Blow+1","Anger+1","Bludgeon"],"picked":"SKIP","floor":44},{"not_picked":["Shrug It Off","Armaments","Body Slam+1","Anger"],"picked":"SKIP","floor":44},{"not_picked":["Brutality","Body Slam","Heavy Blade+1"],"picked":"Inflame+1","floor":45},{"not_picked":["Shrug It Off","Ghostly Armor","Twin Strike+1","Clothesline+1"],"picked":"SKIP","floor":45},{"not_picked":["Warcry","Offering","Clash"],"picked":"Limit Break","floor":47}],"player_experience":12022,"relics_obtained":[{"floor":9.0,"key":"Sundial"},{"floor":10.0,"key":"Calipers"},{"floor":12,"key":"Paper Frog"},{"floor":14,"key":"Red Skull"},{"floor":25,"key":"Pear"},{"floor":26,"key":"Regal Pillow"},{"floor":36,"key":"Ice Cream"},{"floor":40,"key":"Prayer Wheel"},{"floor":42,"key":"Lantern"},{"floor":43,"key":"Question Card"},{"floor":47,"key":"Letter Opener"}],"event_choices":[{"damage_healed":0,"gold_gain":0,"player_choice":"Ignored","damage_taken":0,"max_hp_gain":0,"max_hp_loss":0,"event_name":"Liars Game","floor":13,"gold_loss":0},{"damage_healed":0,"gold_gain":0,"player_choice":"Ignored","damage_taken":0,"max_hp_gain":0,"max_hp_loss":0,"event_name":"N\u0027loth","floor":20,"gold_loss":0},{"damage_healed":0,"gold_gain":0,"player_choice":"Obtained Relic","damage_taken":0,"relics_obtained":["Vajra"],"max_hp_gain":0,"max_hp_loss":0,"event_name":"Addict","floor":28,"gold_loss":85},{"damage_healed":0,"gold_gain":0,"player_choice":"Fight","damage_taken":0,"max_hp_gain":0,"max_hp_loss":0,"event_name":"MindBloom","floor":36,"gold_loss":0},{"cards_removed":["Combust"],"damage_healed":0,"gold_gain":0,"player_choice":"Removed Power","damage_taken":0,"max_hp_gain":0,"max_hp_loss":0,"event_name":"Falling","floor":37,"gold_loss":0},{"damage_healed":0,"gold_gain":0,"player_choice":"Ignored","damage_taken":0,"max_hp_gain":0,"max_hp_loss":0,"event_name":"Tomb of Lord Red Mask","floor":38,"gold_loss":0}],"is_beta":false,"boss_relics":[{"not_picked":["Lizard Tail","Runic Pyramid"],"picked":"White Beast Statue"},{"not_picked":["Empty Cage","Eternal Feather"],"picked":"Runic Dome"}],"items_purged_floors":[3,24,48],"is_endless":false,"potions_floor_spawned":[2,5,10,12,14,18,19,21,22,25,27,30,33,35,36,39,40,41,42,44,45,47],"ascension_level":1}