{"gold_per_floor":[111,131,131,131,156,200,200,235,235,41,41,66,66,100,100,100],"floor_reached":16,"playtime":1005,"items_purged":[],"score":130,"play_id":"f0803de1-c762-474f-ad43-ac45a9916fe1","local_time":"20180704111231","is_ascension_mode":true,"campfire_choices":[{"data":"Zap","floor":7,"key":"SMITH"},{"floor":13,"key":"REST"},{"floor":15,"key":"REST"}],"neow_cost":"NONE","seed_source_timestamp":29212545987970,"circlet_count":0,"master_deck":["Strike_B","Strike_B","Strike_B","Defend_B","Defend_B","Defend_B","Defend_B","Zap+1","Dualcast","Conserve Battery","Gash","Injury","Rebound","Conserve Battery","Leap+1","Sweeping Beam"],"relics":["Cracked Core","Golden Idol","The Courier","Ancient Tea Set","Mango","Toxic Egg 2","Mummified Hand","Bottled Lightning","Matryoshka"],"potions_floor_usage":[5,14,14,16],"damage_taken":[{"damage":0,"enemies":"Small Slimes","floor":1,"turns":4},{"damage":0,"enemies":"2 Louse","floor":2,"turns":2},{"damage":2,"enemies":"Jaw Worm","floor":5,"turns":3},{"damage":35,"enemies":"Lagavulin","floor":6,"turns":10},{"damage":35,"enemies":"3 Sentries","floor":8,"turns":7},{"damage":7,"enemies":"Exordium Thugs","floor":12,"turns":5},{"damage":16,"enemies":"Lagavulin","floor":14,"turns":5},{"damage":50,"enemies":"Slime Boss","floor":16,"turns":10}],"seed_played":"-2719567787137799900","potions_obtained":[{"floor":1,"key":"SpeedPotion"},{"floor":6,"key":"FocusPotion"},{"floor":12,"key":"Poison Potion"},{"floor":14,"key":"Ancient Potion"}],"is_trial":false,"path_per_floor":["M","M","?","T","M","E","R","E","T","$","T","M","R","E","R"],"character_chosen":"DEFECT","items_purchased":["Mummified Hand"],"campfire_rested":2,"item_purchase_floors":[10],"current_hp_per_floor":[75,75,75,75,73,38,38,17,17,17,17,10,36,20,46,0],"gold":100,"neow_bonus":"REMOVE_CARD","is_prod":false,"is_daily":false,"chose_seed":false,"campfire_upgraded":1,"win_rate":0,"timestamp":1530695551,"path_taken":["M","M","?","?","?","E","R","E","T","?","?","M","R","E","R","BOSS"],"build_version":"2018-06-28","purchased_purges":0,"victory":false,"max_hp_per_floor":[75,75,75,75,75,75,75,89,89,89,89,89,89,89,89,89],"card_choices":[{"not_picked":["Scrape","Barrage"],"picked":"Conserve Battery","floor":1},{"not_picked":["Coolheaded","Force Field"],"picked":"Gash","floor":2},{"not_picked":["Conserve Battery","Streamline","Stack"],"picked":"SKIP","floor":5},{"not_picked":["Coolheaded","Fusion"],"picked":"Rebound","floor":6},{"not_picked":["Darkness","Sweeping Beam"],"picked":"Conserve Battery","floor":8},{"not_picked":["Turbo+1","Fusion+1"],"picked":"Leap+1","floor":12},{"not_picked":["Steam+1","BootSequence+1"],"picked":"Sweeping Beam","floor":14}],"player_experience":260572,"relics_obtained":[{"floor":4,"key":"The Courier"},{"floor":6,"key":"Ancient Tea Set"},{"floor":8,"key":"Mango"},{"floor":9,"key":"Toxic Egg 2"},{"floor":11,"key":"Bottled Lightning"},{"floor":14,"key":"Matryoshka"}],"event_choices":[{"event_name":"Golden Idol","player_choice":"Take Wound","floor":3,"damage_taken":0}],"boss_relics":[],"items_purged_floors":[],"is_endless":false,"potions_floor_spawned":[1,6,12,14],"killed_by":"Slime Boss","ascension_level":2}