{"gold_per_floor":[110,110,110,126,139,168,178,192,270,270,37,67,67,79,79,183,183,200,200,200,200,27,57,57,86,137,137,162,162,197,212,212,212],"floor_reached":33,"playtime":1704,"items_purged":[],"score":373,"play_id":"cb44ca88-30ba-4f61-b161-4cda1e11025e","local_time":"20190129170913","is_ascension_mode":true,"campfire_choices":[{"floor":10,"key":"REST"},{"floor":13,"key":"REST"},{"data":"True Grit","floor":15,"key":"SMITH"},{"data":"Fiend Fire","floor":24,"key":"SMITH"},{"floor":27,"key":"REST"},{"floor":32,"key":"REST"}],"neow_cost":"NONE","seed_source_timestamp":1542932539462211,"circlet_count":0,"master_deck":["Strike_R+1","Strike_R+1","Strike_R+1","Strike_R+1","Strike_R+1","Defend_R+1","Defend_R+1","Defend_R+1","Defend_R+1","Bash","Purity","Metallicize","Iron Wave","Havoc","Reckless Charge","Battle Trance","True Grit+1","Fiend Fire+1","Exhume","Immolate","Sever Soul+1","Metallicize","True Grit","Dark Embrace","Iron Wave"],"relics":["Black Blood","Orichalcum","NlothsMask","Charon\u0027s Ashes","Membership Card","Omamori","Lee\u0027s Waffle","Blue Candle","Turnip","Pear","Meat on the Bone","Dream Catcher"],"potions_floor_usage":[5,6,12,23,23,28,30,31,33],"damage_taken":[{"damage":8,"enemies":"Small Slimes","floor":1,"turns":3},{"damage":1,"enemies":"Cultist","floor":4,"turns":4},{"damage":0,"enemies":"2 Louse","floor":5,"turns":5},{"damage":25,"enemies":"Gremlin Nob","floor":6,"turns":5},{"damage":11,"enemies":"Large Slime","floor":7,"turns":6},{"damage":8,"enemies":"Red Slaver","floor":8,"turns":3},{"damage":26,"enemies":"Lagavulin","floor":12,"turns":6},{"damage":0,"enemies":"2 Fungi Beasts","floor":14,"turns":2},{"damage":10,"enemies":"Slime Boss","floor":16,"turns":9},{"damage":0,"enemies":"Chosen","floor":18,"turns":4},{"damage":48,"enemies":"Slavers","floor":23,"turns":4},{"damage":45,"enemies":"Book of Stabbing","floor":25,"turns":6},{"damage":24,"enemies":"Gremlin Leader","floor":28,"turns":5},{"damage":4,"enemies":"Slavers","floor":30,"turns":3},{"damage":11,"enemies":"2 Thieves","floor":31,"turns":3},{"damage":128,"enemies":"Champ","floor":33,"turns":20}],"seed_played":"-6337199745554957022","potions_obtained":[{"floor":4,"key":"Energy Potion"},{"floor":5,"key":"Fruit Juice"},{"floor":8,"key":"Strength Potion"},{"floor":14,"key":"Regen Potion"},{"floor":16,"key":"BloodPotion"},{"floor":25,"key":"AttackPotion"},{"floor":28,"key":"Block Potion"},{"floor":30,"key":"PowerPotion"},{"floor":31,"key":"Fire Potion"}],"is_trial":false,"path_per_floor":["M","?","?","M","M","E","M","M","T","R","$","E","R","M","R","B",null,"M","?","?","?","$","E","R","E","T","R","E","T","E","M","R","B"],"character_chosen":"IRONCLAD","items_purchased":["Membership Card","True Grit","Immolate","Lee\u0027s Waffle"],"campfire_rested":4,"item_purchase_floors":[11,11,22,22],"current_hp_per_floor":[78,53,53,58,69,50,45,43,43,68,68,48,73,79,79,75,85,85,69,69,69,97,77,77,42,42,71,67,67,73,72,104,0],"gold":212,"neow_bonus":"RANDOM_COLORLESS","is_prod":false,"is_daily":false,"chose_seed":false,"campfire_upgraded":2,"win_rate":0,"timestamp":1548760153,"path_taken":["M","?","?","M","M","E","M","?","T","R","?","E","R","M","R","BOSS","M","?","?","?","$","E","R","E","T","R","E","?","E","M","R","BOSS"],"build_version":"2019-01-23","purchased_purges":0,"victory":false,"max_hp_per_floor":[80,80,80,80,85,85,85,85,85,85,85,85,85,85,85,85,85,85,90,90,90,97,97,97,97,97,97,107,107,107,107,107,107],"card_choices":[{"not_picked":["Uppercut","Ghostly Armor"],"picked":"Metallicize","floor":1},{"not_picked":["Pommel Strike","Body Slam"],"picked":"Iron Wave","floor":4},{"not_picked":["Headbutt","Thunderclap"],"picked":"Havoc","floor":5},{"not_picked":["Double Tap","Power Through"],"picked":"Reckless Charge","floor":6},{"not_picked":["Clothesline","Thunderclap"],"picked":"Battle Trance","floor":7},{"not_picked":["Wild Strike","Blood for Blood","Headbutt"],"picked":"SKIP","floor":8},{"not_picked":["Dropkick","Searing Blow"],"picked":"Fiend Fire","floor":12},{"not_picked":["Headbutt","Pommel Strike","Flex"],"picked":"SKIP","floor":14},{"not_picked":["Impervious","Feed"],"picked":"Exhume","floor":16},{"not_picked":["Cleave","Body Slam+1","Heavy Blade"],"picked":"SKIP","floor":18},{"not_picked":["Combust","Warcry"],"picked":"Sever Soul+1","floor":23},{"not_picked":["Double Tap","Thunderclap"],"picked":"Metallicize","floor":25},{"not_picked":["Hemokinesis","Thunderclap+1"],"picked":"True Grit","floor":28},{"not_picked":["Infernal Blade","Warcry"],"picked":"Dark Embrace","floor":30},{"not_picked":["Pommel Strike","Havoc","Heavy Blade"],"picked":"SKIP","floor":31},{"not_picked":["Pommel Strike+1","Anger"],"picked":"Iron Wave","floor":32}],"player_experience":691008,"relics_obtained":[{"floor":6,"key":"Charon\u0027s Ashes"},{"floor":12,"key":"Omamori"},{"floor":23,"key":"Blue Candle"},{"floor":25,"key":"Turnip"},{"floor":28,"key":"Pear"},{"floor":29,"key":"Meat on the Bone"},{"floor":30,"key":"Dream Catcher"}],"event_choices":[{"damage_healed":0,"gold_gain":0,"player_choice":"Success","damage_taken":25,"relics_obtained":["Orichalcum"],"max_hp_gain":0,"max_hp_loss":0,"event_name":"Scrap Ooze","floor":2,"gold_loss":0},{"damage_healed":0,"gold_gain":0,"player_choice":"Trade","damage_taken":0,"relics_obtained":["NlothsMask"],"max_hp_gain":0,"max_hp_loss":0,"event_name":"FaceTrader","floor":3,"gold_loss":0},{"damage_healed":0,"gold_gain":0,"player_choice":"Shed Blood","damage_taken":21,"max_hp_gain":5,"max_hp_loss":0,"event_name":"Forgotten Altar","floor":19,"gold_loss":0},{"damage_healed":0,"gold_gain":0,"player_choice":"Simplicity","damage_taken":0,"max_hp_gain":0,"max_hp_loss":0,"event_name":"Back to Basics","floor":20,"gold_loss":0,"cards_upgraded":["Strike_R","Strike_R","Strike_R","Strike_R","Strike_R","Defend_R","Defend_R","Defend_R","Defend_R"]},{"damage_healed":0,"gold_gain":0,"player_choice":"Ignored","damage_taken":0,"max_hp_gain":0,"max_hp_loss":0,"event_name":"Vampires","floor":21,"gold_loss":0}],"is_beta":false,"boss_relics":[{"not_picked":["Cursed Key","Runic Pyramid"],"picked":"Black Blood"}],"items_purged_floors":[],"is_endless":false,"potions_floor_spawned":[4,5,8,14,16,25,28,30,31],"killed_by":"Champ","ascension_level":1}