{"gold_per_floor":[117,137,209,7,21,47,322,322,322,336,24,24,37,37,37,134,134,152,177,177,192,192,192,13,47,74,74,74,88,33,64,64,162,162,173,55,66,66,83,83,101,132,132,132,14,33,48,76,76,76],"floor_reached":51,"playtime":2764,"items_purged":["Regret","Strike_G"],"score":1055,"play_id":"7556d1e7-031c-4bf0-8617-f36eb4844d1f","local_time":"20190131193540","is_ascension_mode":true,"campfire_choices":[{"floor":8.0,"key":"REST"},{"floor":12.0,"key":"REST"},{"data":"Footwork","floor":15.0,"key":"SMITH"},{"floor":23.0,"key":"REST"},{"data":"After Image","floor":28.0,"key":"SMITH"},{"data":"Footwork","floor":32.0,"key":"SMITH"},{"data":"Terror","floor":40.0,"key":"SMITH"},{"data":"Die Die Die","floor":44,"key":"SMITH"},{"data":"Leg Sweep","floor":49,"key":"SMITH"}],"neow_cost":"NONE","seed_source_timestamp":0,"circlet_count":0,"master_deck":["Defend_G","Defend_G+1","Defend_G","Defend_G","Survivor","Neutralize","Die Die Die+1","Backstab","Backflip","Blade Dance+1","Footwork+1","Cloak And Dagger","Leg Sweep+1","After Image+1","Accuracy+1","Well Laid Plans","Necronomicurse","PiercingWail","Footwork+1","Terror+1","Blade Dance+1","Bullet Time","Finisher+1","A Thousand Cuts+1","Dash+1","Backstab+1","Prepared+1","Calculated Gamble+1"],"special_seed":0,"relics":["Ring of the Snake","Vajra","The Courier","War Paint","Shuriken","Eternal Feather","Red Mask","Necronomicon","PreservedInsect","Pear","Juzu Bracelet","Ancient Tea Set","Astrolabe","Dream Catcher","FossilizedHelix","Bag of Preparation","Blood Vial"],"potions_floor_usage":[42,47,48,50,50],"damage_taken":[{"damage":0.0,"enemies":"2 Louse","floor":1.0,"turns":1.0},{"damage":0.0,"enemies":"Jaw Worm","floor":2.0,"turns":4.0},{"damage":0.0,"enemies":"Cultist","floor":5.0,"turns":2.0},{"damage":37.0,"enemies":"Lagavulin","floor":6.0,"turns":9.0},{"damage":0.0,"enemies":"Red Slaver","floor":10.0,"turns":2.0},{"damage":0.0,"enemies":"Exordium Thugs","floor":13.0,"turns":4.0},{"damage":24.0,"enemies":"Hexaghost","floor":16.0,"turns":13.0},{"damage":0.0,"enemies":"3 Byrds","floor":18.0,"turns":6.0},{"damage":9.0,"enemies":"Masked Bandits","floor":19.0,"turns":6.0},{"damage":3.0,"enemies":"2 Thieves","floor":21.0,"turns":5.0},{"damage":7.0,"enemies":"Book of Stabbing","floor":25.0,"turns":6.0},{"damage":0.0,"enemies":"Centurion and Healer","floor":29.0,"turns":11.0},{"damage":26.0,"enemies":"Slavers","floor":31.0,"turns":8.0},{"damage":54.0,"enemies":"Champ","floor":33.0,"turns":14.0},{"damage":7.0,"enemies":"3 Shapes","floor":35.0,"turns":10.0},{"damage":2.0,"enemies":"3 Darklings","floor":37.0,"turns":7.0},{"damage":4.0,"enemies":"Spire Growth","floor":39.0,"turns":5.0},{"damage":0.0,"enemies":"Sphere and 2 Shapes","floor":41.0,"turns":3.0},{"damage":18,"enemies":"Reptomancer","floor":42,"turns":4},{"damage":0,"enemies":"4 Shapes","floor":46,"turns":5},{"damage":0,"enemies":"Spire Growth","floor":47,"turns":5},{"damage":16,"enemies":"Nemesis","floor":48,"turns":11},{"damage":29,"enemies":"Awakened One","floor":50,"turns":16}],"seed_played":"-2031075598175307149","potions_obtained":[{"floor":1.0,"key":"LiquidBronze"},{"floor":10.0,"key":"Energy Potion"},{"floor":16.0,"key":"Block Potion"},{"floor":19.0,"key":"SkillPotion"},{"floor":25.0,"key":"PowerPotion"},{"floor":35.0,"key":"Block Potion"},{"floor":39.0,"key":"Ancient Potion"},{"floor":46,"key":"GamblersBrew"},{"floor":48,"key":"PowerPotion"}],"is_trial":false,"path_per_floor":["M","M","?","$","M","E","?","R","T","M","$","R","M","$","R","B",null,"M","?","?","M","?","R","$","E","T","?","R","M","$","E","R","B",null,"M","$","M","?","M","R","M","E","T","R","$","M","M","E","R","B",null],"character_chosen":"THE_SILENT","items_purchased":["Vajra","Backflip","Shuriken","Cloak And Dagger","PreservedInsect","Footwork","Terror","Block Potion","Bag of Preparation"],"campfire_rested":3,"item_purchase_floors":[4,4,11,11,24,24,30,36,45],"current_hp_per_floor":[63,63,63,63,63,26,26,47,47,47,47,68,68,68,68,44,64,64,55,39,36,36,69,69,72,72,64,76,76,76,50,65,11,63,56,56,54,54,50,65,65,47,47,62,62,62,62,46,61,34],"gold":76,"neow_bonus":"TRANSFORM_CARD","is_prod":false,"is_daily":false,"chose_seed":false,"campfire_upgraded":6,"win_rate":0,"timestamp":1548981340,"path_taken":["M","M","?","$","M","E","?","R","T","?","$","R","M","?","R","BOSS","M","?","?","M","?","R","$","E","T","?","R","M","$","E","R","BOSS","M","$","M","?","M","R","M","E","T","R","?","M","M","E","R","BOSS"],"build_version":"2019-01-23","purchased_purges":2,"victory":true,"max_hp_per_floor":[70,70,70,70,70,70,70,70,70,70,70,70,70,70,70,70,70,70,70,70,70,70,70,70,80,80,80,80,80,80,80,80,80,80,80,80,80,80,80,80,80,80,80,80,80,80,80,80,80,80],"card_choices":[{"not_picked":["Riddle With Holes","Reflex"],"picked":"Backstab","floor":1.0},{"not_picked":["Reflex","Masterful Stab","Expertise"],"picked":"SKIP","floor":2.0},{"not_picked":["Acrobatics","Flying Knee"],"picked":"Blade Dance","floor":5.0},{"not_picked":["Prepared","Outmaneuver","Tactician"],"picked":"SKIP","floor":6.0},{"not_picked":["Underhanded Strike","Eviscerate"],"picked":"Footwork","floor":10.0},{"not_picked":["Catalyst","Prepared"],"picked":"Leg Sweep","floor":13.0},{"not_picked":["Venomology","A Thousand Cuts"],"picked":"After Image","floor":16.0},{"not_picked":["Prepared+1","Masterful Stab+1"],"picked":"Accuracy+1","floor":18.0},{"not_picked":["Quick Slash","Underhanded Strike"],"picked":"Well Laid Plans","floor":19.0},{"not_picked":["Dagger Spray","Underhanded Strike","Cloak And Dagger"],"picked":"SKIP","floor":21.0},{"not_picked":["Deflect","Night Terror","Outmaneuver"],"picked":"SKIP","floor":25.0},{"not_picked":["Dagger Throw","Poisoned Stab","Deflect+1"],"picked":"SKIP","floor":29.0},{"not_picked":["Flying Knee","Accuracy"],"picked":"Blade Dance+1","floor":31.0},{"not_picked":["Adrenaline","Malaise"],"picked":"Bullet Time","floor":33.0},{"not_picked":["Dagger Throw","PiercingWail"],"picked":"Backstab+1","floor":35.0},{"not_picked":["Sucker Punch","Bouncing Flask"],"picked":"Prepared+1","floor":37.0},{"not_picked":["Flying Knee+1","Setup+1"],"picked":"Calculated Gamble+1","floor":39.0},{"not_picked":["Expertise+1","Distraction","Underhanded Strike"],"picked":"SKIP","floor":41.0},{"not_picked":["Backflip","Acrobatics+1","Bane+1"],"picked":"SKIP","floor":42},{"not_picked":["Deflect+1","Eviscerate","Poisoned Stab"],"picked":"SKIP","floor":46},{"not_picked":["Bane","Prepared","Flying Knee+1"],"picked":"SKIP","floor":47},{"not_picked":["Cloak And Dagger","Poisoned Stab","Tactician+1"],"picked":"SKIP","floor":48}],"player_experience":189204,"relics_obtained":[{"floor":6.0,"key":"The Courier"},{"floor":9.0,"key":"War Paint"},{"floor":19.0,"key":"Red Mask"},{"floor":20.0,"key":"Necronomicon"},{"floor":25.0,"key":"Pear"},{"floor":26.0,"key":"Juzu Bracelet"},{"floor":31.0,"key":"Ancient Tea Set"},{"floor":42,"key":"Dream Catcher"},{"floor":43,"key":"FossilizedHelix"},{"floor":48,"key":"Blood Vial"}],"event_choices":[{"damage_healed":0.0,"max_hp_gain":0.0,"max_hp_loss":0.0,"gold_gain":72.0,"event_name":"Golden Wing","player_choice":"Gained Gold","floor":3.0,"gold_loss":0.0,"damage_taken":0.0},{"damage_healed":0.0,"max_hp_gain":0.0,"max_hp_loss":0.0,"gold_gain":275.0,"event_name":"Golden Shrine","player_choice":"Desecrate","floor":7.0,"gold_loss":0.0,"damage_taken":0.0,"cards_obtained":["Regret"]},{"damage_healed":0.0,"max_hp_gain":0.0,"max_hp_loss":0.0,"gold_gain":0.0,"event_name":"Masked Bandits","player_choice":"Fought Bandits","floor":19.0,"gold_loss":0.0,"damage_taken":0.0},{"damage_healed":0.0,"max_hp_gain":0.0,"max_hp_loss":0.0,"gold_gain":0.0,"event_name":"Cursed Tome","player_choice":"Obtained Book","floor":20.0,"gold_loss":0.0,"damage_taken":16.0},{"damage_healed":0.0,"max_hp_gain":0.0,"max_hp_loss":0.0,"gold_gain":0.0,"event_name":"The Library","player_choice":"Read","floor":22.0,"gold_loss":0.0,"damage_taken":0.0,"cards_obtained":["PiercingWail"]},{"damage_healed":0.0,"max_hp_gain":0.0,"max_hp_loss":0.0,"gold_gain":0.0,"event_name":"Knowing Skull","player_choice":"","floor":27.0,"potions_obtained":[],"gold_loss":0.0,"damage_taken":8.0,"cards_obtained":[]},{"cards_removed":["Defend_G"],"damage_healed":0.0,"max_hp_gain":0.0,"max_hp_loss":0.0,"gold_gain":0.0,"event_name":"Purifier","player_choice":"Purged","floor":38.0,"gold_loss":0.0,"damage_taken":0.0}],"is_beta":false,"boss_relics":[{"not_picked":["Velvet Choker","Snecko Eye"],"picked":"Eternal Feather"},{"not_picked":["Lizard Tail","White Beast Statue"],"picked":"Astrolabe"}],"items_purged_floors":[11,36],"is_endless":false,"potions_floor_spawned":[1,10,16,18,19,25,35,39,46,48],"ascension_level":9}