{"gold_per_floor":[117,117,129,129,4,4,29,204,204,222,122,134,84,95,95,197,197,211,225,245,245,425,458,458],"floor_reached":24,"playtime":1689,"items_purged":["Strike_R","Doubt"],"score":238,"play_id":"0779dd4d-0515-4cec-9cb8-37905f5c1297","local_time":"20180924110645","is_ascension_mode":true,"campfire_choices":[{"data":"Armaments","floor":6,"key":"SMITH"},{"data":"Rampage","floor":15,"key":"SMITH"}],"neow_cost":"TEN_PERCENT_HP_LOSS","seed_source_timestamp":919446843948013,"circlet_count":0,"master_deck":["Strike_R","Strike_R","Defend_R","Defend_R","Defend_R","Defend_R","Bash","Armaments+1","Shrug It Off","Pommel Strike","Rampage+1","Flex","Impervious","True Grit"],"relics":["Burning Blood","Incense Burner","Lantern","Omamori","Black Star","MutagenicStrength","Question Card","Letter Opener"],"potions_floor_usage":[12,18,23],"damage_taken":[{"damage":11,"enemies":"2 Louse","floor":1,"turns":3},{"damage":0,"enemies":"Cultist","floor":3,"turns":4},{"damage":21,"enemies":"Lagavulin","floor":7,"turns":8},{"damage":0,"enemies":"Small Slimes","floor":10,"turns":4},{"damage":0,"enemies":"3 Louse","floor":12,"turns":4},{"damage":0,"enemies":"Gremlin Gang","floor":14,"turns":5},{"damage":5,"enemies":"Hexaghost","floor":16,"turns":9},{"damage":14,"enemies":"3 Byrds","floor":18,"turns":8},{"damage":0,"enemies":"Spheric Guardian","floor":19,"turns":5},{"damage":5,"enemies":"Snecko","floor":20,"turns":7},{"damage":52,"enemies":"Gremlin Leader","floor":23,"turns":15},{"damage":24,"enemies":"Shelled Parasite and Fungi","floor":24,"turns":4}],"seed_played":"-8006216746630265947","potions_obtained":[{"floor":3,"key":"EntropicBrew"},{"floor":7,"key":"Fire Potion"},{"floor":10,"key":"Block Potion"},{"floor":16,"key":"GamblersBrew"},{"floor":19,"key":"SpeedPotion"}],"is_trial":false,"path_per_floor":["M","?","M","?","$","R","E","?","T","M","$","M","?","M","R","B",null,"M","M","M","?","?","E"],"character_chosen":"IRONCLAD","items_purchased":["Pommel Strike"],"campfire_rested":0,"item_purchase_floors":[5],"current_hp_per_floor":[67,60,66,71,71,71,56,56,56,62,62,68,68,74,74,75,77,69,75,76,76,55,9,0],"gold":458,"neow_bonus":"ONE_RARE_RELIC","is_prod":false,"is_daily":false,"chose_seed":false,"campfire_upgraded":2,"win_rate":0,"timestamp":1537780005,"path_taken":["M","?","M","?","?","R","E","?","T","?","$","M","?","M","R","BOSS","M","M","M","?","?","E","?"],"build_version":"2018-09-20","purchased_purges":2,"victory":false,"max_hp_per_floor":[72,72,72,77,77,77,77,77,77,77,77,77,77,77,77,77,77,77,77,77,77,77,77,77],"card_choices":[{"not_picked":["True Grit","Clothesline"],"picked":"Armaments","floor":1},{"not_picked":["Sentinel","Evolve"],"picked":"Shrug It Off","floor":3},{"not_picked":["Heavy Blade","Battle Trance"],"picked":"Rampage","floor":7},{"not_picked":["True Grit","Perfected Strike","Second Wind"],"picked":"SKIP","floor":10},{"not_picked":["Sentinel","True Grit"],"picked":"Flex","floor":12},{"not_picked":["Body Slam","True Grit","Rupture"],"picked":"SKIP","floor":14},{"not_picked":["Barricade","Demon Form"],"picked":"Impervious","floor":16},{"not_picked":["Fire Breathing","Twin Strike+1","Perfected Strike+1"],"picked":"SKIP","floor":18},{"not_picked":["Pommel Strike+1","Whirlwind+1","Blood for Blood"],"picked":"SKIP","floor":19},{"not_picked":["Shrug It Off","Blood for Blood"],"picked":"True Grit","floor":20},{"not_picked":["Armaments","Anger","Heavy Blade+1"],"picked":"SKIP","floor":23}],"player_experience":103244,"relics_obtained":[{"floor":7,"key":"Lantern"},{"floor":9,"key":"Omamori"},{"floor":23,"key":"Question Card"},{"floor":23,"key":"Letter Opener"}],"event_choices":[{"event_name":"Golden Wing","player_choice":"Card Removal","floor":2,"damage_taken":0},{"event_name":"Big Fish","player_choice":"Donut","floor":4,"damage_taken":0},{"event_name":"Liars Game","player_choice":"agreed","floor":8,"damage_taken":0},{"event_name":"The Cleric","player_choice":"Card Removal","floor":13,"damage_taken":0},{"event_name":"Drug Dealer","player_choice":"Inject Mutagens","floor":21,"damage_taken":0},{"event_name":"Knowing Skull","player_choice":"GOLD GOLD ","floor":22,"damage_taken":0}],"is_beta":true,"boss_relics":[{"not_picked":["White Beast Statue","Velvet Choker"],"picked":"Black Star"}],"items_purged_floors":[5,11],"is_endless":false,"potions_floor_spawned":[3,7,10,16,19],"killed_by":"Shelled Parasite and Fungi","ascension_level":2}