{"gold_per_floor":[368,388,388,109,184,184,213,213,213,247,247,74,74,74,74,148,148,167,266,266,266,266,266,283,283],"floor_reached":25,"playtime":995,"items_purged":["Strike_R","Strike_R"],"score":335,"play_id":"c30509b8-a6f8-43a4-8fcf-d26dcfb9611a","local_time":"20181027204450","is_ascension_mode":true,"campfire_choices":[{"data":"Flex","floor":6,"key":"SMITH"},{"floor":8,"key":"REST"},{"floor":11,"key":"REST"},{"data":"1","floor":13,"key":"LIFT"},{"data":"2","floor":15,"key":"LIFT"},{"data":"3","floor":23,"key":"LIFT"}],"neow_cost":"PERCENT_DAMAGE","seed_source_timestamp":1513794373628853,"circlet_count":0,"master_deck":["Strike_R","Defend_R","Defend_R","Defend_R","Bash","AscendersBane","Flex+1","Heavy Blade","Headbutt","Whirlwind","Sentinel","Carnage"],"relics":["Burning Blood","Anchor","Girya","Lantern","Orichalcum","Snecko Eye"],"potions_floor_usage":[7,16],"damage_taken":[{"damage":8,"enemies":"Small Slimes","floor":1,"turns":4},{"damage":14,"enemies":"Jaw Worm","floor":2,"turns":3},{"damage":30,"enemies":"Lagavulin","floor":7,"turns":6},{"damage":35,"enemies":"3 Sentries","floor":10,"turns":10},{"damage":18,"enemies":"Slime Boss","floor":16,"turns":9},{"damage":25,"enemies":"Shell Parasite","floor":18,"turns":5},{"damage":12,"enemies":"2 Thieves","floor":24,"turns":3},{"damage":49,"enemies":"Book of Stabbing","floor":25,"turns":4}],"seed_played":"4443710570017163210","potions_obtained":[{"floor":1,"key":"Fire Potion"},{"floor":10,"key":"GamblersBrew"},{"floor":24,"key":"Fire Potion"}],"is_trial":false,"path_per_floor":["M","M","?","$","?","R","E","R","T","E","R","$","R","?","R","B",null,"M","?","?","?","?","R","M"],"character_chosen":"IRONCLAD","items_purchased":["Heavy Blade","Anchor","Whirlwind"],"campfire_rested":2,"item_purchase_floors":[4,4,12],"current_hp_per_floor":[49,41,46,46,35,35,11,36,36,7,32,32,32,32,32,20,69,50,50,50,50,50,50,44,0],"gold":283,"neow_bonus":"TWO_FIFTY_GOLD","is_prod":false,"is_daily":false,"chose_seed":false,"campfire_upgraded":1,"win_rate":0,"timestamp":1540665890,"path_taken":["M","M","?","$","?","R","E","R","T","E","R","$","R","?","R","BOSS","M","?","?","?","?","R","?","E"],"build_version":"2018-10-25v2","purchased_purges":2,"victory":false,"max_hp_per_floor":[80,80,85,85,85,85,85,85,85,85,85,85,85,85,85,85,85,85,85,85,85,85,85,85,85],"card_choices":[{"not_picked":["Bloodletting","Headbutt"],"picked":"Flex","floor":1},{"not_picked":["Iron Wave","Bloodletting","Second Wind"],"picked":"SKIP","floor":2},{"not_picked":["Clash","Carnage","Power Through"],"picked":"SKIP","floor":7},{"not_picked":["Heavy Blade","Intimidate"],"picked":"Headbutt","floor":10},{"not_picked":["Havoc","Reckless Charge+1","Pummel"],"picked":"SKIP","floor":18},{"not_picked":["Thunderclap","Pummel"],"picked":"Carnage","floor":24}],"player_experience":415999,"relics_obtained":[{"floor":7,"key":"Girya"},{"floor":9,"key":"Lantern"},{"floor":10,"key":"Orichalcum"}],"event_choices":[{"damage_healed":0,"gold_gain":0,"player_choice":"Donut","damage_taken":0,"max_hp_gain":5,"max_hp_loss":0,"event_name":"Big Fish","floor":3,"gold_loss":0},{"damage_healed":0,"gold_gain":75,"player_choice":"Gather Gold","damage_taken":11,"max_hp_gain":0,"max_hp_loss":0,"event_name":"World of Goop","floor":5,"gold_loss":0},{"cards_removed":["Strike_R"],"damage_healed":0,"gold_gain":0,"player_choice":"Offered Basic","damage_taken":0,"max_hp_gain":0,"max_hp_loss":0,"event_name":"Bonfire Elementals","floor":14,"gold_loss":0},{"damage_healed":0,"gold_gain":99,"player_choice":"Stole From Cult","damage_taken":0,"max_hp_gain":0,"max_hp_loss":0,"event_name":"Nest","floor":19,"gold_loss":0},{"damage_healed":0,"gold_gain":0,"cards_transformed":["Strike_R"],"player_choice":"Transformed","damage_taken":0,"max_hp_gain":0,"max_hp_loss":0,"event_name":"Transmorgrifier","floor":20,"gold_loss":0,"cards_obtained":["Sentinel"]},{"cards_removed":["Defend_R"],"damage_healed":0,"gold_gain":0,"player_choice":"Elegance","damage_taken":0,"max_hp_gain":0,"max_hp_loss":0,"event_name":"Back to Basics","floor":21,"gold_loss":0},{"damage_healed":0,"gold_gain":0,"player_choice":"Ignored","damage_taken":0,"max_hp_gain":0,"max_hp_loss":0,"event_name":"Vampires","floor":22,"gold_loss":0}],"is_beta":true,"boss_relics":[{"not_picked":["Orrery","Busted Crown"],"picked":"Snecko Eye"}],"items_purged_floors":[4,12],"is_endless":false,"potions_floor_spawned":[1,10,24],"killed_by":"Book of Stabbing","ascension_level":13}