{"gold_per_floor":[118,118,129,143,155,155,182,192,215,244,254,254,204,215,215,319,319,330,342,542,557,570,570,137,152,152,183,202,36,69,89,89,184,184,199,199,77,77,9,41,63,75,87,99,142,154,182,194,206,218],"floor_reached":51,"playtime":8063,"items_purged":["Defend_B","Zap+1","Skim"],"score":809,"play_id":"8968ab51-00be-4405-870a-63de75f98763","local_time":"20190128011330","is_ascension_mode":false,"campfire_choices":[{"data":"Defragment","floor":6,"key":"SMITH"},{"data":"Chill","floor":15,"key":"SMITH"},{"data":"Biased Cognition","floor":23,"key":"SMITH"},{"floor":32,"key":"REST"},{"floor":44,"key":"REST"},{"data":"Reinforced Body","floor":49,"key":"SMITH"}],"neow_cost":"PERCENT_DAMAGE","seed_source_timestamp":1097565915523000,"circlet_count":0,"master_deck":["Strike_B","Strike_B","Strike_B","Strike_B","Defend_B","Dualcast","Defragment+1","Coolheaded","Genetic Algorithm","Glacier+1","Chill+1","Rebound","FTL","Conserve Battery","Melter","Biased Cognition+1","Cold Snap+1","Sweeping Beam","Lockon","Leap","Self Repair","Beam Cell","FTL","Turbo+1","Reprogram+1","Blizzard","Defragment","Beam Cell","Sweeping Beam","Streamline","Machine Learning","Loop+1","Reinforced Body+1","Sunder","Barrage+1","Undo","Writhe","Melter+1","Undo+1","Glacier+1"],"relics":["Cracked Core","Mango","Pocketwatch","War Paint","Bronze Scales","White Beast Statue","Membership Card","Dream Catcher","Darkstone Periapt","Blood Vial","Juzu Bracelet","Pantograph","Black Star","Matryoshka","Vajra","Incense Burner","MawBank","Bag of Marbles","Potion Belt","Prayer Wheel","Boot"],"potions_floor_usage":[7,10,10,18,18,19,22,25,27,30,30,31,33,40,40,41,45,50,50],"damage_taken":[{"damage":0,"enemies":"Jaw Worm","floor":1,"turns":4},{"damage":2,"enemies":"Cultist","floor":3,"turns":6},{"damage":0,"enemies":"2 Louse","floor":4,"turns":3},{"damage":2,"enemies":"Large Slime","floor":5,"turns":7},{"damage":3,"enemies":"Lagavulin","floor":7,"turns":20},{"damage":0,"enemies":"3 Louse","floor":8,"turns":5},{"damage":0,"enemies":"3 Sentries","floor":10,"turns":5},{"damage":0,"enemies":"Exordium Thugs","floor":11,"turns":4},{"damage":1,"enemies":"Lots of Slimes","floor":14,"turns":3},{"damage":6,"enemies":"Slime Boss","floor":16,"turns":15},{"damage":0,"enemies":"Chosen","floor":18,"turns":7},{"damage":8,"enemies":"2 Thieves","floor":19,"turns":4},{"damage":2,"enemies":"3 Cultists","floor":21,"turns":6},{"damage":10,"enemies":"Snake Plant","floor":22,"turns":4},{"damage":6,"enemies":"Shelled Parasite and Fungi","floor":25,"turns":6},{"damage":22,"enemies":"Book of Stabbing","floor":27,"turns":5},{"damage":1,"enemies":"Centurion and Healer","floor":28,"turns":8},{"damage":58,"enemies":"Gremlin Leader","floor":30,"turns":8},{"damage":10,"enemies":"Snake Plant","floor":31,"turns":6},{"damage":62,"enemies":"Collector","floor":33,"turns":15},{"damage":9,"enemies":"Orb Walker","floor":35,"turns":5},{"damage":109,"enemies":"Giant Head","floor":40,"turns":16},{"damage":11,"enemies":"3 Shapes","floor":41,"turns":6},{"damage":36,"enemies":"Reptomancer","floor":45,"turns":10},{"damage":0,"enemies":"Sphere and 2 Shapes","floor":47,"turns":4},{"damage":123,"enemies":"Donu and Deca","floor":50,"turns":20}],"seed_played":"7810145416041575018","potions_obtained":[{"floor":3,"key":"FocusPotion"},{"floor":4,"key":"Poison Potion"},{"floor":7,"key":"Fruit Juice"},{"floor":8,"key":"AttackPotion"},{"floor":14,"key":"Energy Potion"},{"floor":16,"key":"SkillPotion"},{"floor":18,"key":"FearPotion"},{"floor":19,"key":"FairyPotion"},{"floor":21,"key":"FairyPotion"},{"floor":22,"key":"FearPotion"},{"floor":25,"key":"Explosive Potion"},{"floor":27,"key":"SpeedPotion"},{"floor":28,"key":"EssenceOfSteel"},{"floor":30,"key":"Regen Potion"},{"floor":31,"key":"EssenceOfSteel"},{"floor":33,"key":"EssenceOfSteel"},{"floor":35,"key":"Strength Potion"},{"floor":38,"key":"LiquidBronze"},{"floor":40,"key":"FearPotion"},{"floor":41,"key":"FocusPotion"},{"floor":45,"key":"Regen Potion"},{"floor":47,"key":"Regen Potion"}],"is_trial":false,"path_per_floor":["M","?","M","M","M","R","E","M","T","E","M","?","?","M","R","B",null,"M","M","?","M","M","R","$","M","T","E","M","$","E","M","R","B",null,"M","?","$","?","?","E","M","?","T","R","E","?","M","?","R","B",null],"character_chosen":"DEFECT","items_purchased":["Membership Card","Dream Catcher","Self Repair","Beam Cell","FTL","Defragment","Juzu Bracelet","Reinforced Body","Sunder"],"campfire_rested":2,"item_purchase_floors":[24,24,24,24,24,29,29,37,37],"current_hp_per_floor":[68,68,66,66,64,64,66,66,66,66,66,71,71,70,70,64,99,99,91,91,89,79,79,79,80,80,65,73,73,24,35,64,29,99,90,90,90,90,90,16,7,38,38,69,42,92,92,92,92,8],"gold":230,"neow_bonus":"ONE_RARE_RELIC","is_prod":false,"is_daily":false,"chose_seed":false,"campfire_upgraded":4,"win_rate":0.0,"timestamp":1548656010,"path_taken":["M","?","?","M","M","R","E","?","T","E","M","?","?","M","R","BOSS","M","M","?","M","M","R","$","M","T","E","M","?","E","M","R","BOSS","M","?","$","?","?","E","M","?","T","R","E","?","M","?","R","BOSS"],"build_version":"2019-01-23","purchased_purges":3,"victory":true,"max_hp_per_floor":[89,89,89,89,89,89,94,94,94,94,94,99,99,99,99,99,99,99,99,99,99,99,99,99,99,99,99,99,99,99,99,99,99,99,99,99,99,99,99,99,99,105,105,105,105,92,92,92,92,92],"card_choices":[{"not_picked":["Leap","Barrage"],"picked":"Defragment","floor":1},{"not_picked":["Turbo","Blizzard"],"picked":"Coolheaded","floor":3},{"not_picked":["Reprogram","Rip and Tear"],"picked":"Genetic Algorithm","floor":4},{"not_picked":["Redo","Double Energy"],"picked":"Glacier","floor":5},{"not_picked":["Gash","Electrodynamics"],"picked":"Chill","floor":7},{"not_picked":["Ball Lightning","Gash"],"picked":"Rebound","floor":8},{"not_picked":["Ball Lightning","Stack"],"picked":"FTL","floor":10},{"not_picked":["Redo","Chaos"],"picked":"Conserve Battery","floor":11},{"not_picked":["Go for the Eyes","Streamline"],"picked":"Melter","floor":14},{"not_picked":["Buffer","Meteor Strike"],"picked":"Biased Cognition","floor":16},{"not_picked":["Go for the Eyes+1","Darkness"],"picked":"Cold Snap+1","floor":18},{"not_picked":["Ball Lightning","Stack"],"picked":"Sweeping Beam","floor":19},{"not_picked":["Conserve Battery","Multi-Cast"],"picked":"Lockon","floor":21},{"not_picked":["Genetic Algorithm+1","Ball Lightning"],"picked":"Leap","floor":22},{"not_picked":["Cold Snap","Undo"],"picked":"Turbo+1","floor":25},{"not_picked":["Redo","Self Repair"],"picked":"Reprogram+1","floor":27},{"not_picked":["Ball Lightning+1","Go for the Eyes"],"picked":"Blizzard","floor":28},{"not_picked":["Doom and Gloom","Fission"],"picked":"Beam Cell","floor":30},{"not_picked":["Tempest+1","Compile Driver"],"picked":"Sweeping Beam","floor":31},{"not_picked":["Beam Cell","Steam+1"],"picked":"Streamline","floor":32},{"not_picked":["Thunder Strike","Electrodynamics"],"picked":"Machine Learning","floor":33},{"not_picked":["Redo","Darkness+1"],"picked":"Loop+1","floor":35},{"not_picked":["Sweeping Beam+1","Thunder Strike"],"picked":"Barrage+1","floor":40},{"not_picked":["Gash+1","Coolheaded+1"],"picked":"Undo","floor":41},{"not_picked":["Turbo","Streamline"],"picked":"Melter+1","floor":44},{"not_picked":["Loop","Ball Lightning+1"],"picked":"Undo+1","floor":45},{"not_picked":["Sweeping Beam+1","Stack+1"],"picked":"Glacier+1","floor":47},{"not_picked":["Streamline","Hologram","Conserve Battery"],"picked":"SKIP","floor":47}],"player_experience":20383,"relics_obtained":[{"floor":7,"key":"Pocketwatch"},{"floor":9,"key":"War Paint"},{"floor":10,"key":"Bronze Scales"},{"floor":26,"key":"Darkstone Periapt"},{"floor":27,"key":"Blood Vial"},{"floor":30,"key":"Pantograph"},{"floor":36,"key":"Matryoshka"},{"floor":40,"key":"Incense Burner"},{"floor":40,"key":"MawBank"},{"floor":43,"key":"Bag of Marbles"},{"floor":43,"key":"Potion Belt"},{"floor":45,"key":"Prayer Wheel"},{"floor":45,"key":"Boot"}],"event_choices":[{"damage_healed":0,"gold_gain":0,"player_choice":"1 cards matched","damage_taken":0,"max_hp_gain":0,"max_hp_loss":0,"event_name":"Match and Keep!","floor":2,"gold_loss":0,"cards_obtained":["Skim"]},{"damage_healed":0,"gold_gain":0,"player_choice":"Donut","damage_taken":0,"max_hp_gain":5,"max_hp_loss":0,"event_name":"Big Fish","floor":12,"gold_loss":0},{"cards_removed":["Defend_B"],"damage_healed":0,"gold_gain":0,"player_choice":"Card Removal","damage_taken":0,"max_hp_gain":0,"max_hp_loss":0,"event_name":"The Cleric","floor":13,"gold_loss":50},{"damage_healed":0,"gold_gain":250,"player_choice":"Bet on Owner","damage_taken":0,"max_hp_gain":0,"max_hp_loss":0,"event_name":"The Joust","floor":20,"gold_loss":50},{"damage_healed":0,"gold_gain":0,"player_choice":"Relic","damage_taken":0,"max_hp_gain":0,"max_hp_loss":0,"event_name":"Wheel of Change","floor":36,"gold_loss":0},{"damage_healed":0,"gold_gain":0,"player_choice":"Got Potions","damage_taken":0,"max_hp_gain":0,"max_hp_loss":0,"event_name":"Lab","floor":38,"gold_loss":0},{"damage_healed":0,"gold_gain":0,"player_choice":"Paid Gold","damage_taken":0,"relics_obtained":["Vajra"],"max_hp_gain":0,"max_hp_loss":0,"event_name":"WeMeetAgain","floor":39,"gold_loss":68},{"damage_healed":25,"gold_gain":0,"player_choice":"Writhe","damage_taken":0,"max_hp_gain":0,"max_hp_loss":0,"event_name":"Winding Halls","floor":42,"gold_loss":0,"cards_obtained":["Writhe"]},{"damage_healed":92,"gold_gain":0,"player_choice":"Heal","damage_taken":0,"max_hp_gain":0,"max_hp_loss":13,"event_name":"The Moai Head","floor":46,"gold_loss":0},{"cards_removed":["Defend_B"],"damage_healed":0,"gold_gain":0,"player_choice":"Offered Basic","damage_taken":0,"max_hp_gain":0,"max_hp_loss":0,"event_name":"Bonfire Elementals","floor":48,"gold_loss":0}],"is_beta":false,"boss_relics":[{"not_picked":["Snecko Eye","Busted Crown"],"picked":"White Beast Statue"},{"not_picked":["Lizard Tail","FrozenCore"],"picked":"Black Star"}],"items_purged_floors":[24,29,37],"is_endless":false,"potions_floor_spawned":[3,4,7,8,14,16,18,19,21,22,25,27,28,30,31,33,35,40,41,45,47],"ascension_level":0}