{"gold_per_floor":[17,36,54,8,8,8,41,53,53,72,72,72,97,97],"floor_reached":14,"playtime":740,"items_purged":[],"score":92,"play_id":"70a2d5a1-f316-4f58-8bfa-4c178c946000","local_time":"20190128233913","is_ascension_mode":false,"campfire_choices":[{"data":"Armaments","floor":6,"key":"SMITH"},{"data":"Heavy Blade","floor":12,"key":"SMITH"}],"neow_cost":"NO_GOLD","seed_source_timestamp":1185660272136000,"circlet_count":0,"master_deck":["Strike_R","Strike_R","Strike_R","Strike_R","Strike_R","Defend_R","Defend_R","Defend_R","Defend_R","Bash","Armaments+1","Cleave","Twin Strike","Heavy Blade+1","Headbutt","Flame Barrier","Rage"],"relics":["Burning Blood","Shovel","Orichalcum","Pear","Centennial Puzzle","Golden Idol"],"potions_floor_usage":[7],"damage_taken":[{"damage":7,"enemies":"Cultist","floor":1,"turns":5},{"damage":4,"enemies":"2 Louse","floor":2,"turns":3},{"damage":1,"enemies":"Jaw Worm","floor":3,"turns":4},{"damage":60,"enemies":"Gremlin Nob","floor":7,"turns":6},{"damage":2,"enemies":"Exordium Wildlife","floor":8,"turns":3},{"damage":9,"enemies":"Blue Slaver","floor":10,"turns":5},{"damage":27,"enemies":"Gremlin Gang","floor":13,"turns":5},{"damage":14,"enemies":"Large Slime","floor":14,"turns":9}],"seed_played":"4313248800700793250","potions_obtained":[{"floor":3,"key":"Swift Potion"},{"floor":7,"key":"Dexterity Potion"}],"is_trial":false,"path_per_floor":["M","M","M","$","?","R","E","M","T","M","?","R","M","M"],"character_chosen":"IRONCLAD","items_purchased":["Heavy Blade"],"campfire_rested":0,"item_purchase_floors":[4],"current_hp_per_floor":[79,80,80,80,77,77,33,37,37,34,34,34,13,0],"gold":97,"neow_bonus":"ONE_RARE_RELIC","is_prod":false,"is_daily":false,"chose_seed":false,"campfire_upgraded":2,"win_rate":0.0,"timestamp":1548736753,"path_taken":["M","M","M","?","?","R","E","M","T","M","?","R","?","M"],"build_version":"2019-01-23","purchased_purges":0,"victory":false,"max_hp_per_floor":[80,80,80,80,80,80,90,90,90,90,83,83,83,83],"card_choices":[{"not_picked":["Rampage","Dual Wield"],"picked":"Armaments","floor":1},{"not_picked":["True Grit","Entrench"],"picked":"Cleave","floor":2},{"not_picked":["Infernal Blade","Whirlwind"],"picked":"Twin Strike","floor":3},{"not_picked":["Feel No Pain","Wild Strike"],"picked":"Headbutt","floor":7},{"not_picked":["Evolve","Iron Wave","Feel No Pain"],"picked":"SKIP","floor":8},{"not_picked":["Entrench","Combust"],"picked":"Flame Barrier","floor":10},{"not_picked":["Thunderclap","Body Slam"],"picked":"Rage","floor":13}],"player_experience":61358,"relics_obtained":[{"floor":7,"key":"Pear"},{"floor":9,"key":"Centennial Puzzle"}],"event_choices":[{"damage_healed":0,"gold_gain":0,"player_choice":"Success","damage_taken":3,"relics_obtained":["Orichalcum"],"max_hp_gain":0,"max_hp_loss":0,"event_name":"Scrap Ooze","floor":5,"gold_loss":0},{"damage_healed":0,"gold_gain":0,"player_choice":"Lose Max HP","damage_taken":0,"relics_obtained":["Golden Idol"],"max_hp_gain":0,"max_hp_loss":7,"event_name":"Golden Idol","floor":11,"gold_loss":0}],"is_beta":false,"boss_relics":[],"items_purged_floors":[],"is_endless":false,"potions_floor_spawned":[3,7],"killed_by":"Large Slime","ascension_level":0}