{"path_per_floor":["M","?","?","M","M","R","?","E","T","E","R","M","?","E","R","B",null,"M","?","?","M","M","R","$","M","T","?","R","$","R","E","R","B",null,"M","T","?","M","M","R","$","T","T","R","E","M","M","$","R"],"character_chosen":"THE_SILENT","items_purchased":["Gremlin Horn","Well Laid Plans","Deadly Poison","Choke","Infinite Blades","Finisher"],"gold_per_floor":[118,118,118,134,145,145,145,180,264,295,295,312,312,344,344,449,449,464,464,464,481,495,495,80,93,120,35,35,0,0,30,30,130,130,142,217,217,235,250,250,76,103,103,103,131,149,168,9,9,9],"floor_reached":50,"campfire_rested":4,"playtime":3993,"current_hp_per_floor":[68,68,68,67,63,63,60,53,53,52,52,52,57,53,53,31,75,68,68,68,58,58,58,58,46,46,46,46,46,68,52,74,32,75,74,74,65,67,52,52,52,52,66,89,54,42,37,37,63,0],"items_purged":["Defend_G","Writhe","Strike_G"],"gold":9,"score":556,"play_id":"ac9f5fbc-bbd4-4964-a05a-aae141f0fdf3","local_time":"20180511131307","is_prod":false,"is_daily":false,"chose_seed":false,"is_ascension_mode":false,"campfire_upgraded":6,"timestamp":1526037187,"path_taken":["M","?","?","M","M","R","?","E","T","E","R","?","?","E","R","BOSS","M","?","?","M","?","R","?","M","T","?","R","$","R","E","R","BOSS","M","?","?","M","M","R","$","?","T","R","E","M","M","$","R","BOSS"],"build_version":"2018-05-10","seed_source_timestamp":0,"purchased_purges":3,"victory":false,"master_deck":["Defend_G","Defend_G+1","Defend_G+1","Strike_G+1","Strike_G","Strike_G","Survivor","Neutralize+1","Poisoned Stab","Adrenaline+1","Sucker Punch","Choke+1","Infinite Blades","Poisoned Stab","Blade Dance+1","Quick Slash","Dagger Throw","Envenom+1","Venomology+1","Quick Slash+1","Deadly Poison","Well Laid Plans","Deadly Poison","Flying Knee","Choke","Glass Knife","Blade Dance","Acrobatics+1","A Thousand Cuts+1","Madness","Madness","Bane+1","Catalyst+1","Infinite Blades","Parasite","Writhe","Catalyst+1","Finisher","Backflip+1"],"max_hp_per_floor":[70,70,70,70,70,70,70,70,70,70,70,70,75,75,75,75,75,75,75,75,75,75,75,75,75,75,75,75,75,75,75,75,75,75,75,75,75,75,75,75,75,75,89,89,89,89,89,89,89,89],"relics":["Ring of the Snake","Snake Skull","Dream Catcher","Tiny Chest","Orichalcum","War Paint","Philosopher\u0027s Stone","Gremlin Horn","Blood Vial","Happy Flower","Whetstone","Cursed Key","Blue Candle","Prayer Wheel","Mango","Toolbox"],"card_choices":[{"not_picked":["Deflect","PiercingWail"],"picked":"Poisoned Stab","floor":1.0},{"not_picked":["Deflect","Unload"],"picked":"Infinite Blades","floor":4.0},{"not_picked":["Deadly Poison","Slice"],"picked":"Poisoned Stab","floor":5.0},{"not_picked":["Malaise","Doppelganger"],"picked":"Blade Dance","floor":8.0},{"not_picked":["Flying Knee","Deflect"],"picked":"Quick Slash","floor":10.0},{"not_picked":["Predator","Acrobatics"],"picked":"Dagger Throw","floor":12.0},{"not_picked":["Doppelganger","Glass Knife"],"picked":"Envenom","floor":16.0},{"not_picked":["Slice","Dagger Spray"],"picked":"Quick Slash","floor":21.0},{"not_picked":["Caltrops","Skewer"],"picked":"Deadly Poison","floor":22.0},{"not_picked":["Predator","Caltrops"],"picked":"Flying Knee","floor":25.0},{"not_picked":["Well Laid Plans","Dagger Spray"],"picked":"Glass Knife","floor":30.0},{"not_picked":["Leg Sweep","Underhanded Strike"],"picked":"Blade Dance","floor":31.0},{"not_picked":["Slice","Deadly Poison"],"picked":"Acrobatics","floor":32.0},{"not_picked":["Envenom","After Image"],"picked":"A Thousand Cuts","floor":33.0},{"not_picked":["Sucker Punch","Acrobatics"],"picked":"Bane","floor":38.0},{"not_picked":["Sucker Punch","Dagger Throw"],"picked":"Catalyst","floor":39.0},{"not_picked":["Poisoned Stab","Caltrops"],"picked":"Catalyst","floor":44.0},{"not_picked":["Finisher","Endless Agony"],"picked":"Backflip","floor":49.0}],"player_experience":105931,"potions_floor_usage":[50,50,50,50],"damage_taken":[{"damage":2.0,"enemies":"2 Louse","floor":1.0,"turns":3.0},{"damage":1.0,"enemies":"Jaw Worm","floor":4.0,"turns":3.0},{"damage":4.0,"enemies":"Cultist","floor":5.0,"turns":3.0},{"damage":16.0,"enemies":"Lagavulin","floor":8.0,"turns":4.0},{"damage":1.0,"enemies":"3 Sentries","floor":10.0,"turns":7.0},{"damage":0.0,"enemies":"Exordium Wildlife","floor":12.0,"turns":2.0},{"damage":4.0,"enemies":"Gremlin Nob","floor":14.0,"turns":3.0},{"damage":22.0,"enemies":"The Guardian","floor":16.0,"turns":11.0},{"damage":7.0,"enemies":"Spheric Guardian","floor":18.0,"turns":4.0},{"damage":10.0,"enemies":"3 Byrds","floor":21.0,"turns":3.0},{"damage":0.0,"enemies":"Centurion and Healer","floor":22.0,"turns":5.0},{"damage":12.0,"enemies":"Snake Plant","floor":25.0,"turns":2.0},{"damage":33.0,"enemies":"Slavers","floor":31.0,"turns":5.0},{"damage":43.0,"enemies":"Collector","floor":33.0,"turns":6.0},{"damage":1.0,"enemies":"Orb Walker","floor":35.0,"turns":2.0},{"damage":0.0,"enemies":"3 Shapes","floor":38.0,"turns":2.0},{"damage":17.0,"enemies":"Sphere and 2 Shapes","floor":39.0,"turns":4.0},{"damage":35.0,"enemies":"2 Orb Walkers","floor":45.0,"turns":3.0},{"damage":14.0,"enemies":"3 Darklings","floor":46.0,"turns":3.0},{"damage":11.0,"enemies":"4 Shapes","floor":47.0,"turns":3.0},{"damage":78,"enemies":"Donu and Deca","floor":50,"turns":4}],"event_choices":[{"event_name":"Living Wall","player_choice":"Forget","floor":2.0,"damage_taken":0.0},{"event_name":"Match and Keep!","player_choice":"3 cards matched","floor":3.0,"damage_taken":0.0},{"event_name":"Scrap Ooze","player_choice":"success","floor":7.0,"damage_taken":3.0},{"event_name":"Big Fish","player_choice":"Donut","floor":13.0,"damage_taken":0.0},{"event_name":"Ghosts","player_choice":"Ignored","floor":19.0,"damage_taken":0.0},{"event_name":"Transmorgrifier","player_choice":"Transform","floor":20.0,"damage_taken":0.0},{"event_name":"Addict","player_choice":"Obtained Relic","floor":27.0,"damage_taken":0.0},{"event_name":"Winding Halls","player_choice":"Embrace Madness","floor":37.0,"damage_taken":0.0}],"boss_relics":[],"potions_floor_spawned":[1,5,8,12,14,21,22,35,39,46],"seed_played":"-2837799743071803674","killed_by":"Donu and Deca","ascension_level":0,"is_trial":false}