{"path_per_floor":["M","$","M","$","?","R","M","R","T","?","T","M","?","?","R","B",null,"M","M","?","M","?","E","$","M","T","$","?","R"],"character_chosen":"IRONCLAD","items_purchased":["Juzu Bracelet","Omamori","Fiend Fire"],"gold_per_floor":[365,63,80,5,5,5,19,19,19,19,72,96,96,159,159,278,278,291,262,262,275,198,232,132,147,198,54,54,54,54],"floor_reached":30,"campfire_rested":1,"playtime":1900,"item_purchase_floors":[2,2,27],"current_hp_per_floor":[72,72,72,72,65,65,71,71,71,53,53,55,60,16,37,9,72,69,58,58,42,42,29,29,13,13,13,13,13,0],"items_purged":["Defend_R","Strike_R"],"gold":54,"score":236,"play_id":"af173e80-de34-48b8-9d8e-4c04c44e3749","local_time":"20180526111037","is_prod":false,"is_daily":false,"chose_seed":false,"is_ascension_mode":false,"campfire_upgraded":3,"win_rate":0,"timestamp":1527325837,"campfire_choices":[{"data":"Armaments","floor":6,"key":"SMITH"},{"data":"Warcry","floor":8,"key":"SMITH"},{"floor":15,"key":"REST"},{"data":"Fiend Fire","floor":29,"key":"SMITH"}],"path_taken":["M","$","M","?","?","R","M","R","T","?","?","M","?","?","R","BOSS","M","M","?","M","?","E","$","M","T","?","?","R","M"],"build_version":"2018-05-25","seed_source_timestamp":2462690238425,"purchased_purges":2,"victory":false,"master_deck":["Strike_R","Strike_R","Strike_R","Defend_R","Defend_R","Defend_R","Bash","Shrug It Off","Armaments+1","Warcry+1","Clothesline","Offering","Cleave","Anger","J.A.X.","Reaper","Power Through+1","Fiend Fire+1"],"max_hp_per_floor":[72,72,72,72,72,72,72,72,72,72,72,72,72,72,72,72,72,72,72,72,72,72,72,72,72,72,72,72,72,72],"relics":["Burning Blood","Juzu Bracelet","Omamori","Matryoshka","Golden Idol","Dodecahedron","Bronze Scales","Potion Belt","Runic Cube","Darkstone Periapt","Self Forming Clay","Toolbox","Oddly Smooth Stone"],"card_choices":[{"not_picked":["Reckless Charge","Flex"],"picked":"Shrug It Off","floor":1},{"not_picked":["Carnage","Dropkick"],"picked":"Armaments","floor":3},{"not_picked":["Havoc","Evolve"],"picked":"Warcry","floor":7},{"not_picked":["Perfected Strike","True Grit"],"picked":"Twin Strike","floor":12},{"not_picked":["Searing Blow","Armaments"],"picked":"Clothesline","floor":14},{"not_picked":["Exhume","Double Tap"],"picked":"Offering","floor":16},{"not_picked":["Carnage","Burning Pact","Clash"],"picked":"SKIP","floor":18},{"not_picked":["Heavy Blade+1","Havoc"],"picked":"Cleave","floor":19},{"not_picked":["Dropkick","Flex"],"picked":"Anger","floor":21},{"not_picked":["Double Tap","Spot Weakness"],"picked":"Reaper","floor":23},{"not_picked":["True Grit","Carnage"],"picked":"Power Through+1","floor":25}],"player_experience":69306,"potions_floor_usage":[16],"damage_taken":[{"damage":1,"enemies":"Cultist","floor":1,"turns":3},{"damage":3,"enemies":"Jaw Worm","floor":3,"turns":3},{"damage":0,"enemies":"Small Slimes","floor":7,"turns":3},{"damage":4,"enemies":"2 Fungi Beasts","floor":12,"turns":4},{"damage":50,"enemies":"Lagavulin Event","floor":14,"turns":9},{"damage":41,"enemies":"The Guardian","floor":16,"turns":13},{"damage":9,"enemies":"3 Byrds","floor":18,"turns":5},{"damage":17,"enemies":"2 Thieves","floor":19,"turns":5},{"damage":22,"enemies":"Slaver and Parasite","floor":21,"turns":9},{"damage":19,"enemies":"Gremlin Leader","floor":23,"turns":5},{"damage":39,"enemies":"Chosen and Byrds","floor":25,"turns":6},{"damage":15,"enemies":"Snecko","floor":30,"turns":2}],"relics_obtained":[{"floor":9,"key":"Matryoshka"},{"floor":11,"key":"Dodecahedron"},{"floor":11,"key":"Bronze Scales"},{"floor":14,"key":"Potion Belt"},{"floor":23,"key":"Self Forming Clay"},{"floor":26,"key":"Toolbox"},{"floor":26,"key":"Oddly Smooth Stone"}],"event_choices":[{"event_name":"Golden Wing","player_choice":"Card Removal","floor":5,"damage_taken":0},{"event_name":"Golden Idol","player_choice":"Take Damage","floor":10,"damage_taken":0},{"event_name":"Bonfire Elementals","player_choice":"COMMON","floor":13,"damage_taken":0},{"event_name":"Dead Adventurer","player_choice":"Searched \u00273\u0027 times","floor":14,"damage_taken":0},{"event_name":"The Mausoleum","player_choice":"Yes","floor":20,"damage_taken":0},{"event_name":"Drug Dealer","player_choice":"Got JAXXED","floor":22,"damage_taken":0},{"event_name":"Beggar","player_choice":"Ignored","floor":28,"damage_taken":0}],"boss_relics":[{"not_picked":["Runic Dome","Eternal Feather"],"picked":"Runic Cube"}],"items_purged_floors":[4,24],"potions_floor_spawned":[1,25],"seed_played":"979467783422215232","killed_by":"Snecko","ascension_level":0,"potions_obtained":[{"floor":1,"key":"BloodPotion"},{"floor":25,"key":"Strength Potion"}],"is_trial":false}