{"gold_per_floor":[113,45,60,60,75,75,92,118,195,212,243,258,287,304,304,378,378,393,407,407,285,296,326,358,368,368,368,368],"floor_reached":28,"playtime":1947,"items_purged":[],"score":432,"play_id":"b04d602e-4460-4fa6-9ae7-f94d57738e8a","local_time":"20181025234647","is_ascension_mode":true,"campfire_choices":[{"data":"Carnage","floor":6,"key":"SMITH"},{"data":"Corruption","floor":15,"key":"SMITH"},{"floor":23,"key":"DIG"}],"neow_cost":"NONE","seed_source_timestamp":1350947267681592,"circlet_count":0,"master_deck":["Strike_R","Strike_R","Strike_R","Defend_R","Defend_R+1","Defend_R","Defend_R+1","Bash","AscendersBane","Perfected Strike","Twin Strike","Flex","Carnage+1","Ghostly Armor","Clothesline","Intimidate","Uppercut","Corruption+1","Armaments","Thunderclap","Pommel Strike","Exhume","Flex+1","Battle Trance","Battle Trance","Infernal Blade","Warcry","Feel No Pain","Havoc","Clash+1","Feel No Pain","Whirlwind+1","Exhume","Seeing Red+1"],"relics":["Burning Blood","Prayer Wheel","Bronze Scales","Meat on the Bone","War Paint","Shovel","Black Star","Tiny Chest","Frozen Egg 2","Question Card","Toxic Egg 2"],"potions_floor_usage":[18,24,28],"damage_taken":[{"damage":0,"enemies":"Small Slimes","floor":1,"turns":4},{"damage":7,"enemies":"Jaw Worm","floor":3,"turns":2},{"damage":0,"enemies":"Cultist","floor":5,"turns":3},{"damage":9,"enemies":"Blue Slaver","floor":7,"turns":4},{"damage":25,"enemies":"Gremlin Nob","floor":8,"turns":4},{"damage":7,"enemies":"Exordium Wildlife","floor":10,"turns":3},{"damage":20,"enemies":"Lagavulin","floor":11,"turns":6},{"damage":0,"enemies":"2 Fungi Beasts","floor":12,"turns":3},{"damage":20,"enemies":"Gremlin Nob","floor":13,"turns":4},{"damage":8,"enemies":"Large Slime","floor":14,"turns":3},{"damage":30,"enemies":"Slime Boss","floor":16,"turns":9},{"damage":2,"enemies":"Spheric Guardian","floor":18,"turns":4},{"damage":17,"enemies":"Shell Parasite","floor":19,"turns":4},{"damage":30,"enemies":"Chosen and Byrds","floor":22,"turns":7},{"damage":53,"enemies":"Slavers","floor":24,"turns":7},{"damage":19,"enemies":"Sentry and Sphere","floor":25,"turns":4},{"damage":38,"enemies":"Gremlin Leader","floor":28,"turns":5}],"seed_played":"7612067853469749355","potions_obtained":[{"floor":3,"key":"Poison Potion"},{"floor":8,"key":"Regen Potion"},{"floor":14,"key":"Block Potion"},{"floor":24,"key":"SteroidPotion"},{"floor":25,"key":"Block Potion"}],"is_trial":false,"path_per_floor":["M","$","M","?","M","R","M","E","T","M","E","M","E","M","R","B",null,"M","M","?","$","M","R","E","M","T","?"],"character_chosen":"IRONCLAD","items_purchased":["Twin Strike","Flex","Feel No Pain","Havoc"],"campfire_rested":0,"item_purchase_floors":[2,2,21,21],"current_hp_per_floor":[86,86,85,78,84,84,81,62,62,61,59,65,51,61,61,49,78,82,71,71,71,59,59,39,38,38,38,0],"gold":368,"neow_bonus":"TEN_PERCENT_HP_BONUS","is_prod":false,"is_daily":false,"chose_seed":false,"campfire_upgraded":2,"win_rate":0,"timestamp":1540504007,"path_taken":["M","$","M","?","M","R","M","E","T","?","E","M","E","M","R","BOSS","M","M","?","$","M","R","E","M","T","?","E"],"build_version":"2018-10-24v2","purchased_purges":0,"victory":false,"max_hp_per_floor":[88,88,88,88,88,88,88,88,88,88,88,88,88,88,88,88,88,88,88,88,88,88,88,88,88,88,88,88],"card_choices":[{"not_picked":["True Grit","Armaments"],"picked":"Perfected Strike","floor":1},{"not_picked":["Iron Wave","Bloodletting"],"picked":"Carnage","floor":3},{"not_picked":["Spot Weakness","True Grit"],"picked":"Ghostly Armor","floor":5},{"not_picked":["Thunderclap","Sword Boomerang"],"picked":"Clothesline","floor":5},{"not_picked":["Combust","Hemokinesis"],"picked":"Intimidate","floor":7},{"not_picked":["Cleave","Clash","Flex"],"picked":"SKIP","floor":7},{"not_picked":["Disarm","Dropkick","Exhume"],"picked":"SKIP","floor":8},{"not_picked":["Disarm","Clothesline","Twin Strike"],"picked":"SKIP","floor":10},{"not_picked":["Spot Weakness","Intimidate","Bloodletting"],"picked":"SKIP","floor":10},{"not_picked":["Iron Wave","Dark Embrace"],"picked":"Uppercut","floor":11},{"not_picked":["Blood for Blood","Headbutt"],"picked":"Corruption","floor":12},{"not_picked":["Armaments","True Grit","Dropkick"],"picked":"SKIP","floor":12},{"not_picked":["True Grit","Dropkick"],"picked":"Armaments","floor":12},{"not_picked":["Second Wind","Clash"],"picked":"Thunderclap","floor":13},{"not_picked":["Body Slam","Flex"],"picked":"Pommel Strike","floor":14},{"not_picked":["Sever Soul","Body Slam","Sword Boomerang"],"picked":"SKIP","floor":14},{"not_picked":["Demon Form","Brutality"],"picked":"Exhume","floor":16},{"not_picked":["Wild Strike","Power Through+1"],"picked":"Flex+1","floor":18},{"not_picked":["Second Wind","Intimidate","Fire Breathing"],"picked":"SKIP","floor":18},{"not_picked":["Carnage","Sentinel"],"picked":"Battle Trance","floor":19},{"not_picked":["Body Slam","Twin Strike"],"picked":"Battle Trance","floor":19},{"not_picked":["Armaments","Iron Wave"],"picked":"Clash+1","floor":22},{"not_picked":["Shockwave","Burning Pact"],"picked":"Feel No Pain","floor":22},{"not_picked":["Pummel+1","Armaments"],"picked":"Whirlwind+1","floor":24},{"not_picked":["Second Wind","Heavy Blade","Headbutt"],"picked":"Exhume","floor":25},{"not_picked":["Battle Trance","Corruption+1","Dropkick"],"picked":"Seeing Red+1","floor":25}],"player_experience":403562,"relics_obtained":[{"floor":8,"key":"Bronze Scales"},{"floor":9,"key":"Meat on the Bone"},{"floor":11,"key":"War Paint"},{"floor":13,"key":"Shovel"},{"floor":23,"key":"Tiny Chest"},{"floor":24,"key":"Frozen Egg 2"},{"floor":24,"key":"Question Card"},{"floor":26,"key":"Toxic Egg 2"}],"event_choices":[{"damage_healed":0,"gold_gain":0,"player_choice":"Success","damage_taken":7,"relics_obtained":["Prayer Wheel"],"max_hp_gain":0,"max_hp_loss":0,"event_name":"Scrap Ooze","floor":4,"gold_loss":0},{"damage_healed":0,"gold_gain":0,"cards_transformed":["Strike_R","Strike_R"],"player_choice":"Became Test Subject","damage_taken":0,"max_hp_gain":0,"max_hp_loss":0,"event_name":"Drug Dealer","floor":20,"gold_loss":0,"cards_obtained":["Infernal Blade","Warcry"]},{"damage_healed":0,"gold_gain":0,"player_choice":"Ignored","damage_taken":0,"max_hp_gain":0,"max_hp_loss":0,"event_name":"Ghosts","floor":27,"gold_loss":0}],"is_beta":true,"boss_relics":[{"not_picked":["Coffee Dripper","Orrery"],"picked":"Black Star"}],"items_purged_floors":[],"is_endless":false,"potions_floor_spawned":[3,8,11,13,14,24,25],"killed_by":"Gremlin Leader","ascension_level":13}