{"gold_per_floor":[112,128,142,152,165,196,196,216,266,294,25,42,42,56,56,56],"floor_reached":16,"playtime":965,"items_purged":["Strike_R"],"score":133,"play_id":"5c68b9a9-1c01-4fa2-b81d-d027beaf644c","local_time":"20190201020557","is_ascension_mode":true,"campfire_choices":[{"data":"Armaments","floor":7,"key":"SMITH"},{"data":"Impervious","floor":15,"key":"SMITH"}],"neow_cost":"NONE","seed_source_timestamp":1453437746731600,"circlet_count":0,"master_deck":["Strike_R","Strike_R","Strike_R","Strike_R","Defend_R","Defend_R","Defend_R","Defend_R+1","Bash+1","Double Tap","Armaments+1","Clothesline","Cleave+1","Headbutt","Flame Barrier+1","Impervious+1","Heavy Blade+1"],"relics":["Burning Blood","Anchor","War Paint","Whetstone","Vajra"],"potions_floor_usage":[6,10,12,16],"damage_taken":[{"damage":6,"enemies":"Cultist","floor":1,"turns":4},{"damage":2,"enemies":"2 Louse","floor":2,"turns":4},{"damage":0,"enemies":"Small Slimes","floor":3,"turns":3},{"damage":9,"enemies":"Gremlin Gang","floor":4,"turns":6},{"damage":8,"enemies":"Red Slaver","floor":5,"turns":5},{"damage":12,"enemies":"Gremlin Nob","floor":6,"turns":4},{"damage":0,"enemies":"2 Fungi Beasts","floor":8,"turns":2},{"damage":12,"enemies":"3 Sentries","floor":10,"turns":5},{"damage":28,"enemies":"Gremlin Gang","floor":12,"turns":4},{"damage":0,"enemies":"Looter","floor":14,"turns":3},{"damage":56,"enemies":"Hexaghost","floor":16,"turns":11}],"seed_played":"8628520868083154204","potions_obtained":[{"floor":1,"key":"SpeedPotion"},{"floor":4,"key":"AttackPotion"},{"floor":5,"key":"Explosive Potion"},{"floor":8,"key":"Swift Potion"},{"floor":14,"key":"EssenceOfSteel"}],"is_trial":false,"path_per_floor":["M","M","M","M","M","E","R","M","T","E","$","M","?","M","R","B"],"character_chosen":"IRONCLAD","items_purchased":["Heavy Blade","Vajra"],"campfire_rested":0,"item_purchase_floors":[11,11],"current_hp_per_floor":[80,80,80,77,75,69,69,75,75,69,69,47,47,53,53,0],"gold":56,"neow_bonus":"ONE_RANDOM_RARE_CARD","is_prod":false,"is_daily":false,"chose_seed":false,"campfire_upgraded":2,"win_rate":0,"timestamp":1549004757,"path_taken":["M","M","M","M","M","E","R","M","T","E","$","M","?","?","R","BOSS"],"build_version":"2019-01-23","purchased_purges":1,"victory":false,"max_hp_per_floor":[80,80,80,80,80,80,80,80,80,80,80,80,80,80,80,80],"card_choices":[{"not_picked":["Reckless Charge","Flex"],"picked":"Armaments","floor":1},{"not_picked":["Wild Strike","Combust"],"picked":"Clothesline","floor":2},{"not_picked":["Power Through","Limit Break"],"picked":"Cleave","floor":3},{"not_picked":["Disarm","Body Slam"],"picked":"Headbutt","floor":4},{"not_picked":["Armaments","Carnage"],"picked":"Flame Barrier","floor":5},{"not_picked":["Fire Breathing","Wild Strike","Cleave"],"picked":"SKIP","floor":6},{"not_picked":["Clothesline","Sword Boomerang","Headbutt"],"picked":"SKIP","floor":8},{"not_picked":["Intimidate","Twin Strike"],"picked":"Impervious","floor":10},{"not_picked":["Wild Strike","Body Slam","Clothesline"],"picked":"SKIP","floor":12},{"not_picked":["Warcry","Brutality","Body Slam"],"picked":"SKIP","floor":14}],"player_experience":174675,"relics_obtained":[{"floor":6,"key":"Anchor"},{"floor":9,"key":"War Paint"},{"floor":10,"key":"Whetstone"}],"event_choices":[{"damage_healed":0,"gold_gain":0,"player_choice":"Upgraded","damage_taken":0,"max_hp_gain":0,"max_hp_loss":0,"event_name":"Upgrade Shrine","floor":13,"gold_loss":0,"cards_upgraded":["Heavy Blade"]}],"is_beta":false,"boss_relics":[],"items_purged_floors":[11],"is_endless":false,"potions_floor_spawned":[1,4,5,8,14],"killed_by":"Hexaghost","ascension_level":3}