{"gold_per_floor":[112,112,37,37,61,61,85,120,144,144,180,180,199,178,178,178],"floor_reached":16,"playtime":661,"items_purged":["Strike_R"],"score":178,"play_id":"07c7d375-83b5-425e-8cc5-73cf70dd8680","local_time":"20181025223731","is_ascension_mode":true,"campfire_choices":[{"data":"Flex","floor":6.0,"key":"SMITH"},{"data":"Swift Strike","floor":10.0,"key":"SMITH"},{"floor":15,"key":"REST"}],"neow_cost":"TEN_PERCENT_HP_LOSS","seed_source_timestamp":0,"circlet_count":0,"master_deck":["Strike_R","Strike_R","Strike_R","Strike_R","Defend_R","Defend_R","Defend_R","Defend_R","Bash","AscendersBane","Swift Strike+1","Purity","Flex+1","Armaments","Iron Wave"],"special_seed":0,"relics":["Burning Blood","Golden Idol","Ancient Tea Set","FossilizedHelix","Oddly Smooth Stone","Bag of Preparation"],"potions_floor_usage":[16],"damage_taken":[{"damage":7.0,"enemies":"Small Slimes","floor":1.0,"turns":4.0},{"damage":0.0,"enemies":"2 Louse","floor":7.0,"turns":3.0},{"damage":38.0,"enemies":"Gremlin Nob","floor":8.0,"turns":5.0},{"damage":22.0,"enemies":"3 Sentries","floor":11.0,"turns":9.0},{"damage":0,"enemies":"Jaw Worm","floor":13,"turns":4},{"damage":13,"enemies":"Exordium Thugs","floor":14,"turns":5},{"damage":31,"enemies":"The Guardian","floor":16,"turns":10}],"seed_played":"-5900764696207886702","potions_obtained":[{"floor":1.0,"key":"Energy Potion"},{"floor":13,"key":"SteroidPotion"}],"is_trial":false,"path_per_floor":["M","?","$","?","T","R","M","E","T","R","E","$","M","M","R"],"character_chosen":"IRONCLAD","items_purchased":[],"campfire_rested":1,"item_purchase_floors":[],"current_hp_per_floor":[71,53,53,53,53,53,59,27,27,27,11,11,17,10,31,0],"gold":178,"neow_bonus":"RANDOM_COLORLESS_2","is_prod":false,"is_daily":false,"chose_seed":false,"campfire_upgraded":2,"win_rate":0,"timestamp":1540499851,"path_taken":["M","?","?","?","?","R","M","E","T","R","E","$","?","M","R","BOSS"],"build_version":"2018-10-24v2","purchased_purges":1,"victory":false,"max_hp_per_floor":[72,72,72,72,72,72,72,72,72,72,72,72,72,72,72,72],"card_choices":[{"not_picked":["Perfected Strike","Metallicize"],"picked":"Flex","floor":1.0},{"not_picked":["Combust","True Grit","Wild Strike"],"picked":"SKIP","floor":7.0},{"not_picked":["Sword Boomerang","Inflame","Wild Strike"],"picked":"SKIP","floor":8.0},{"not_picked":["Perfected Strike","Seeing Red"],"picked":"Armaments","floor":11.0},{"not_picked":["Feed","Metallicize"],"picked":"Iron Wave","floor":13},{"not_picked":["Perfected Strike","Wild Strike","Rupture"],"picked":"SKIP","floor":14}],"player_experience":400742,"relics_obtained":[{"floor":5.0,"key":"Ancient Tea Set"},{"floor":8.0,"key":"FossilizedHelix"},{"floor":9.0,"key":"Oddly Smooth Stone"},{"floor":11.0,"key":"Bag of Preparation"}],"event_choices":[{"damage_healed":0.0,"max_hp_gain":0.0,"max_hp_loss":0.0,"gold_gain":0.0,"event_name":"Golden Idol","player_choice":"Take Damage","floor":2.0,"gold_loss":0.0,"damage_taken":18.0,"relics_obtained":["Golden Idol"]},{"damage_healed":0.0,"max_hp_gain":0.0,"max_hp_loss":0.0,"gold_gain":0.0,"event_name":"Liars Game","player_choice":"Ignored","floor":4.0,"gold_loss":0.0,"damage_taken":0.0}],"is_beta":true,"boss_relics":[],"items_purged_floors":[3],"is_endless":false,"potions_floor_spawned":[1,13],"killed_by":"The Guardian","ascension_level":13}