{"gold_per_floor":[112,112,130,130,153,187,197,225,273,15,15],"floor_reached":11,"playtime":172,"items_purged":["Strike_G"],"score":212,"play_id":"d64fd81c-3cc5-4cd2-8b14-0a42d83976e6","local_time":"20190205192613","is_ascension_mode":true,"campfire_choices":[],"neow_cost":"NONE","seed_source_timestamp":9495525814400,"circlet_count":0,"master_deck":["AscendersBane","Defend_G","Defend_G","Defend_G","Defend_G","Defend_G","Strike_G","Strike_G","Strike_G","Strike_G","Survivor","Neutralize","Well Laid Plans","Glass Knife","All Out Attack"],"relics":["Ring of the Snake","NeowsBlessing","Pear","Art of War","Dream Catcher","Boot","Oddly Smooth Stone","Membership Card"],"potions_floor_usage":[8,8],"damage_taken":[{"damage":0,"enemies":"Small Slimes","floor":1,"turns":1},{"damage":0,"enemies":"Cultist","floor":3,"turns":1},{"damage":0,"enemies":"3 Sentries","floor":6,"turns":1},{"damage":13,"enemies":"Jaw Worm","floor":7,"turns":5},{"damage":28,"enemies":"Lagavulin","floor":8,"turns":6},{"damage":6,"enemies":"Lots of Slimes","floor":11,"turns":1}],"seed_played":"-7697871219603189308","potions_obtained":[{"floor":2,"key":"Explosive Potion"},{"floor":2,"key":"Energy Potion"},{"floor":6,"key":"Poison Potion"},{"floor":7,"key":"GhostInAJar"}],"is_trial":false,"path_per_floor":["M","?","M","?","T","E","M","E","T","$","M"],"character_chosen":"THE_SILENT","items_purchased":["Membership Card"],"campfire_rested":0,"item_purchase_floors":[10],"current_hp_per_floor":[59,59,59,43,43,43,30,2,2,2,0],"gold":15,"neow_bonus":"THREE_ENEMY_KILL","is_prod":false,"is_daily":false,"chose_seed":false,"campfire_upgraded":0,"win_rate":0,"timestamp":1549387573,"path_taken":["M","?","?","?","?","E","M","E","T","$","?"],"build_version":"2019-01-23","purchased_purges":1,"victory":false,"max_hp_per_floor":[66,66,66,76,76,76,76,76,76,76,76],"card_choices":[{"not_picked":["Dagger Throw","Quick Slash"],"picked":"Well Laid Plans","floor":1},{"not_picked":["Dash","Calculated Gamble","Riddle With Holes"],"picked":"SKIP","floor":3},{"not_picked":["Blade Dance","Crippling Poison"],"picked":"Glass Knife","floor":6},{"not_picked":["Dagger Throw","Outmaneuver","Distraction"],"picked":"SKIP","floor":7},{"not_picked":["Expertise","Dodge and Roll"],"picked":"All Out Attack","floor":8}],"player_experience":628272,"relics_obtained":[{"floor":5,"key":"Art of War"},{"floor":6,"key":"Dream Catcher"},{"floor":8,"key":"Boot"},{"floor":9,"key":"Oddly Smooth Stone"}],"event_choices":[{"damage_healed":0,"gold_gain":0,"player_choice":"Got Potions","damage_taken":0,"max_hp_gain":0,"max_hp_loss":0,"event_name":"Lab","floor":2,"gold_loss":0},{"damage_healed":0,"gold_gain":0,"player_choice":"Success","damage_taken":26,"relics_obtained":["Pear"],"max_hp_gain":0,"max_hp_loss":0,"event_name":"Scrap Ooze","floor":4,"gold_loss":0}],"is_beta":false,"boss_relics":[],"items_purged_floors":[10],"is_endless":false,"potions_floor_spawned":[3,6,7],"killed_by":"Lots of Slimes","ascension_level":20}