{"gold_per_floor":[211,211,23,41,41,56,70,80,80,80],"floor_reached":10,"playtime":495,"items_purged":["Decay"],"score":60,"play_id":"0933525b-dcab-4dc4-8117-9998f8c9fa04","local_time":"20190206101943","is_ascension_mode":false,"campfire_choices":[],"neow_cost":"NONE","seed_source_timestamp":170343823970423,"circlet_count":0,"master_deck":["Defend_G","Defend_G","Defend_G","Defend_G","Defend_G","Strike_G","Strike_G","Strike_G","Strike_G","Strike_G","Survivor","Neutralize","Quick Slash","Footwork","Distraction","Footwork","Deadly Poison","Tactician","Dagger Throw"],"relics":["Ring of the Snake","Art of War","The Courier"],"potions_floor_usage":[10,10],"damage_taken":[{"damage":0,"enemies":"2 Louse","floor":1,"turns":3},{"damage":0,"enemies":"Cultist","floor":4,"turns":5},{"damage":7,"enemies":"Jaw Worm","floor":6,"turns":7},{"damage":19,"enemies":"Gremlin Gang","floor":7,"turns":6},{"damage":29,"enemies":"Exordium Thugs","floor":8,"turns":7},{"damage":29,"enemies":"Lagavulin","floor":10,"turns":5}],"seed_played":"5172396613900672848","potions_obtained":[{"floor":4,"key":"GamblersBrew"},{"floor":7,"key":"EssenceOfSteel"},{"floor":8,"key":"AttackPotion"}],"is_trial":false,"path_per_floor":["M","?","$","M","?","M","M","M","T","E"],"character_chosen":"THE_SILENT","items_purchased":["Footwork","Distraction"],"campfire_rested":0,"item_purchase_floors":[3,3],"current_hp_per_floor":[70,70,70,70,70,63,44,15,15,0],"gold":80,"neow_bonus":"HUNDRED_GOLD","is_prod":false,"is_daily":false,"chose_seed":false,"campfire_upgraded":0,"win_rate":0.0,"timestamp":1549419583,"path_taken":["M","?","?","?","?","M","M","M","T","E"],"build_version":"2019-01-23","purchased_purges":1,"victory":false,"max_hp_per_floor":[70,70,70,70,70,70,70,70,70,70],"card_choices":[{"not_picked":["Bane","Dodge and Roll"],"picked":"Quick Slash","floor":1},{"not_picked":["Bouncing Flask","Deadly Poison"],"picked":"Footwork","floor":4},{"not_picked":["Underhanded Strike","Dagger Spray"],"picked":"Deadly Poison","floor":6},{"not_picked":["PiercingWail","Flying Knee"],"picked":"Tactician","floor":7},{"not_picked":["PiercingWail","Flying Knee"],"picked":"Dagger Throw","floor":8}],"player_experience":199976,"relics_obtained":[{"floor":9,"key":"The Courier"}],"event_choices":[{"damage_healed":0,"gold_gain":0,"player_choice":"Cursed","damage_taken":0,"max_hp_gain":0,"max_hp_loss":0,"event_name":"Wheel of Change","floor":2,"gold_loss":0,"cards_obtained":["Decay"]},{"damage_healed":0,"gold_gain":0,"player_choice":"Gave Potion","damage_taken":0,"relics_obtained":["Art of War"],"max_hp_gain":0,"max_hp_loss":0,"event_name":"WeMeetAgain","floor":5,"gold_loss":0}],"is_beta":false,"boss_relics":[],"items_purged_floors":[3],"is_endless":false,"potions_floor_spawned":[4,7,8],"killed_by":"Lagavulin","ascension_level":0}