{"gold_per_floor":[112,130,140,140,154,185,185,185,185,185,205,231,247,261,261,359,359,371,65,65,84,95,95,126,146,146,146,177,177,212,212,212,212],"floor_reached":33,"playtime":2575,"items_purged":[],"score":342,"play_id":"c05cc3a6-18fb-4dc6-a978-416124b1892c","local_time":"20190128144801","is_ascension_mode":false,"campfire_choices":[{"data":"Whirlwind","floor":7,"key":"SMITH"},{"data":"Juggernaut","floor":15,"key":"SMITH"},{"data":"Body Slam","floor":23,"key":"SMITH"},{"data":"True Grit","floor":29,"key":"SMITH"},{"floor":32,"key":"REST"}],"neow_cost":"NONE","seed_source_timestamp":1151951959520400,"circlet_count":0,"master_deck":["Defend_R","Defend_R","Defend_R+1","Defend_R","Bash","Feed","Iron Wave","Power Through+1","Cleave","Flex","Whirlwind+1","Iron Wave","Seeing Red","Juggernaut+1","Armaments+1","Body Slam+1","Feed","Dual Wield","Armaments+1","Feel No Pain+1","Bite","Bite","Bite","Bite","Bite","True Grit+1","Flex"],"relics":["Burning Blood","Bird Faced Urn","Shovel","Calipers","Velvet Choker","War Paint","Anchor","Unceasing Top","Dodecahedron","Pen Nib","Bag of Marbles","MutagenicStrength"],"potions_floor_usage":[6,16,16,24,30,30],"damage_taken":[{"damage":3,"enemies":"Jaw Worm","floor":1,"turns":6},{"damage":7,"enemies":"2 Louse","floor":2,"turns":3},{"damage":5,"enemies":"Cultist","floor":3,"turns":4},{"damage":11,"enemies":"Lots of Slimes","floor":5,"turns":3},{"damage":11,"enemies":"Gremlin Nob","floor":6,"turns":4},{"damage":12,"enemies":"Blue Slaver","floor":11,"turns":2},{"damage":16,"enemies":"3 Sentries","floor":12,"turns":7},{"damage":0,"enemies":"2 Fungi Beasts","floor":13,"turns":3},{"damage":7,"enemies":"3 Louse","floor":14,"turns":2},{"damage":36,"enemies":"Slime Boss","floor":16,"turns":9},{"damage":18,"enemies":"3 Byrds","floor":18,"turns":5},{"damage":20,"enemies":"Spheric Guardian","floor":21,"turns":4},{"damage":13,"enemies":"Centurion and Healer","floor":22,"turns":7},{"damage":33,"enemies":"Gremlin Leader","floor":24,"turns":6},{"damage":0,"enemies":"Snake Plant","floor":25,"turns":4},{"damage":36,"enemies":"Slavers","floor":28,"turns":6},{"damage":61,"enemies":"Book of Stabbing","floor":30,"turns":6},{"damage":81,"enemies":"Collector","floor":33,"turns":5}],"seed_played":"1840945687612594374","potions_obtained":[{"floor":2,"key":"FearPotion"},{"floor":11,"key":"Strength Potion"},{"floor":12,"key":"Strength Potion"},{"floor":13,"key":"Regen Potion"},{"floor":22,"key":"PowerPotion"},{"floor":25,"key":"Regen Potion"},{"floor":28,"key":"SteroidPotion"}],"is_trial":false,"path_per_floor":["M","M","M","?","M","E","R","?","T","?","M","E","M","M","R","B",null,"M","$","$","M","M","R","E","M","T","?","E","R","E","?","R","B"],"character_chosen":"IRONCLAD","items_purchased":["War Paint","Anchor"],"campfire_rested":1,"item_purchase_floors":[19,19],"current_hp_per_floor":[83,85,89,89,87,82,82,82,82,82,79,69,80,82,82,57,104,94,94,94,82,77,77,54,65,65,65,52,52,26,26,49,0],"gold":212,"neow_bonus":"ONE_RANDOM_RARE_CARD","is_prod":false,"is_daily":false,"chose_seed":false,"campfire_upgraded":4,"win_rate":0.0,"timestamp":1548704881,"path_taken":["M","M","M","?","M","E","R","?","T","?","M","E","?","M","R","BOSS","M","?","$","M","M","R","E","M","T","?","E","R","E","?","R","BOSS"],"build_version":"2019-01-23","purchased_purges":0,"victory":false,"max_hp_per_floor":[83,86,89,89,92,92,92,92,92,92,95,95,98,101,101,104,104,104,104,104,104,104,104,104,107,107,74,77,77,77,77,77,77],"card_choices":[{"not_picked":["True Grit","Clothesline"],"picked":"Iron Wave","floor":1},{"not_picked":["Heavy Blade","Feel No Pain"],"picked":"Power Through","floor":2},{"not_picked":["Offering","Twin Strike"],"picked":"Cleave","floor":3},{"not_picked":["Clothesline","Sword Boomerang"],"picked":"Flex","floor":5},{"not_picked":["Cleave","Twin Strike"],"picked":"Whirlwind","floor":6},{"not_picked":["Entrench","Dual Wield"],"picked":"Seeing Red","floor":11},{"not_picked":["Perfected Strike","Dark Embrace"],"picked":"Juggernaut","floor":12},{"not_picked":["Heavy Blade","Reckless Charge"],"picked":"Armaments","floor":13},{"not_picked":["Cleave","Corruption"],"picked":"Body Slam","floor":14},{"not_picked":["Offering","Brutality"],"picked":"Feed","floor":16},{"not_picked":["Pummel+1","Iron Wave+1","Bloodletting+1"],"picked":"SKIP","floor":18},{"not_picked":["Infernal Blade+1","Disarm+1"],"picked":"Dual Wield","floor":21},{"not_picked":["Inflame","Cleave","Sword Boomerang"],"picked":"SKIP","floor":22},{"not_picked":["Inflame","Thunderclap"],"picked":"Armaments+1","floor":24},{"not_picked":["Pummel","Pommel Strike"],"picked":"Feel No Pain+1","floor":25},{"not_picked":["Feel No Pain","Heavy Blade"],"picked":"True Grit","floor":28},{"not_picked":["Body Slam","Blood for Blood"],"picked":"Flex","floor":30}],"player_experience":28446,"relics_obtained":[{"floor":6,"key":"Bird Faced Urn"},{"floor":9,"key":"Shovel"},{"floor":12,"key":"Calipers"},{"floor":24,"key":"Unceasing Top"},{"floor":26,"key":"Dodecahedron"},{"floor":28,"key":"Pen Nib"},{"floor":30,"key":"Bag of Marbles"}],"event_choices":[{"damage_healed":0,"gold_gain":0,"player_choice":"Grow","damage_taken":0,"max_hp_gain":0,"max_hp_loss":0,"event_name":"Living Wall","floor":4,"gold_loss":0,"cards_upgraded":["Power Through"]},{"damage_healed":0,"gold_gain":0,"player_choice":"Ignored","damage_taken":0,"max_hp_gain":0,"max_hp_loss":0,"event_name":"Liars Game","floor":8,"gold_loss":0},{"cards_removed":["Strike_R"],"damage_healed":0,"gold_gain":0,"player_choice":"Took Card","damage_taken":0,"max_hp_gain":0,"max_hp_loss":0,"event_name":"NoteForYourself","floor":10,"gold_loss":0,"cards_obtained":["Iron Wave"]},{"damage_healed":0,"gold_gain":0,"player_choice":"Became a vampire","damage_taken":0,"max_hp_gain":0,"max_hp_loss":33,"event_name":"Vampires","floor":27,"gold_loss":0,"cards_obtained":["Bite","Bite","Bite","Bite","Bite"]},{"damage_healed":0,"gold_gain":0,"player_choice":"Inject Mutagens","damage_taken":0,"relics_obtained":["MutagenicStrength"],"max_hp_gain":0,"max_hp_loss":0,"event_name":"Drug Dealer","floor":31,"gold_loss":0}],"is_beta":false,"boss_relics":[{"not_picked":["Snecko Eye","Black Star"],"picked":"Velvet Choker"}],"items_purged_floors":[],"is_endless":false,"potions_floor_spawned":[2,11,12,13,22,25,28],"killed_by":"Collector","ascension_level":0}