{"gold_per_floor":[110,185,202,221,171,171,171,171,171,199,214,214,139,154,154,259,259,274,293,225,185,196,196,231,107,107,125,125,137,137],"floor_reached":30,"playtime":2336,"items_purged":["Strike_R"],"score":300,"play_id":"66d82e8c-00fa-4f27-b700-4de748cfca05","local_time":"20190130124647","is_ascension_mode":true,"campfire_choices":[{"data":"Armaments","floor":6,"key":"SMITH"},{"floor":12,"key":"REST"},{"data":"Anger","floor":15,"key":"SMITH"},{"data":"Shockwave","floor":23,"key":"SMITH"}],"neow_cost":"NONE","seed_source_timestamp":1023041767800,"circlet_count":0,"master_deck":["Strike_R+1","Defend_R","Defend_R","Defend_R","Defend_R","Bash","Armaments+1","Seeing Red+1","Clothesline+1","Exhume","Impervious","Anger+1","Demon Form","Iron Wave","Uppercut","Shockwave+1","Entrench+1","Armaments","Whirlwind+1","Pommel Strike+1"],"relics":["Burning Blood","Sundial","Meat on the Bone","Sozu","Peace Pipe","Kunai"],"potions_floor_usage":[16],"damage_taken":[{"damage":7,"enemies":"Jaw Worm","floor":1,"turns":3},{"damage":1,"enemies":"2 Louse","floor":3,"turns":4},{"damage":6,"enemies":"Cultist","floor":4,"turns":4},{"damage":49,"enemies":"3 Sentries","floor":10,"turns":13},{"damage":2,"enemies":"Red Slaver","floor":11,"turns":5},{"damage":32,"enemies":"Exordium Wildlife","floor":14,"turns":9},{"damage":34,"enemies":"Hexaghost","floor":16,"turns":9},{"damage":26,"enemies":"Shell Parasite","floor":18,"turns":8},{"damage":30,"enemies":"Chosen","floor":19,"turns":6},{"damage":7,"enemies":"Centurion and Healer","floor":22,"turns":6},{"damage":48,"enemies":"Gremlin Leader","floor":24,"turns":8},{"damage":17,"enemies":"Shelled Parasite and Fungi","floor":27,"turns":6},{"damage":0,"enemies":"Sentry and Sphere","floor":29,"turns":4},{"damage":52,"enemies":"Cultist and Chosen","floor":30,"turns":5}],"seed_played":"4001875780948978612","potions_obtained":[{"floor":10,"key":"LiquidBronze"}],"is_trial":false,"path_per_floor":["M","?","M","M","?","R","?","?","T","E","M","R","$","M","R","B",null,"M","M","$","?","M","R","E","$","T","M","?","M","M"],"character_chosen":"IRONCLAD","items_purchased":["Impervious","Uppercut","Armaments"],"campfire_rested":1,"item_purchase_floors":[13,20,25],"current_hp_per_floor":[87,76,81,81,81,81,81,74,74,31,47,73,73,59,59,43,88,68,56,56,56,55,55,25,25,25,26,26,44,0],"gold":137,"neow_bonus":"TEN_PERCENT_HP_BONUS","is_prod":false,"is_daily":false,"chose_seed":false,"campfire_upgraded":3,"win_rate":0,"timestamp":1548823607,"path_taken":["M","?","M","M","?","R","?","?","T","E","M","R","?","M","R","BOSS","M","M","$","?","?","R","E","?","T","M","?","M","M"],"build_version":"2019-01-23","purchased_purges":1,"victory":false,"max_hp_per_floor":[88,88,88,88,88,88,88,88,88,88,88,88,88,88,88,88,88,88,88,88,88,88,88,88,88,88,88,88,88,88],"card_choices":[{"not_picked":["Sword Boomerang","Headbutt"],"picked":"Armaments","floor":1},{"not_picked":["Flex","Perfected Strike"],"picked":"Seeing Red","floor":3},{"not_picked":["Thunderclap","Wild Strike"],"picked":"Clothesline","floor":4},{"not_picked":["Armaments","Shrug It Off"],"picked":"Exhume","floor":10},{"not_picked":["Headbutt","Warcry","Twin Strike"],"picked":"SKIP","floor":11},{"not_picked":["Pommel Strike","Warcry"],"picked":"Anger","floor":14},{"not_picked":["Berserk","Dark Embrace"],"picked":"Demon Form","floor":16},{"not_picked":["Clash","Warcry","Anger+1"],"picked":"SKIP","floor":18},{"not_picked":["Anger+1","Thunderclap"],"picked":"Iron Wave","floor":19},{"not_picked":["Armaments","Evolve"],"picked":"Shockwave","floor":22},{"not_picked":["Clothesline","Twin Strike"],"picked":"Entrench+1","floor":24},{"not_picked":["Dark Embrace","Feel No Pain"],"picked":"Whirlwind+1","floor":27},{"not_picked":["Anger","Shrug It Off"],"picked":"Pommel Strike+1","floor":29}],"player_experience":194010,"relics_obtained":[{"floor":9,"key":"Sundial"},{"floor":10,"key":"Meat on the Bone"},{"floor":24,"key":"Peace Pipe"},{"floor":26,"key":"Kunai"}],"event_choices":[{"damage_healed":0,"gold_gain":75,"player_choice":"Gather Gold","damage_taken":11,"max_hp_gain":0,"max_hp_loss":0,"event_name":"World of Goop","floor":2,"gold_loss":0},{"cards_removed":["Strike_R"],"damage_healed":0,"gold_gain":0,"player_choice":"Card Removal","damage_taken":0,"max_hp_gain":0,"max_hp_loss":0,"event_name":"The Cleric","floor":5,"gold_loss":50},{"damage_healed":0,"gold_gain":0,"player_choice":"Grow","damage_taken":0,"max_hp_gain":0,"max_hp_loss":0,"event_name":"Living Wall","floor":7,"gold_loss":0,"cards_upgraded":["Clothesline"]},{"cards_removed":["Strike_R"],"damage_healed":0,"gold_gain":0,"player_choice":"Card Removal","damage_taken":7,"max_hp_gain":0,"max_hp_loss":0,"event_name":"Golden Wing","floor":8,"gold_loss":0},{"damage_healed":0,"gold_gain":0,"player_choice":"Upgraded Two","damage_taken":0,"max_hp_gain":0,"max_hp_loss":0,"event_name":"Designer","floor":21,"gold_loss":40,"cards_upgraded":["Seeing Red","Strike_R"]},{"cards_removed":["Strike_R"],"damage_healed":0,"gold_gain":0,"player_choice":"Elegance","damage_taken":0,"max_hp_gain":0,"max_hp_loss":0,"event_name":"Back to Basics","floor":28,"gold_loss":0}],"is_beta":false,"boss_relics":[{"not_picked":["Eternal Feather","Tiny House"],"picked":"Sozu"}],"items_purged_floors":[25],"is_endless":false,"potions_floor_spawned":[10,19,24,27],"killed_by":"Cultist and Chosen","ascension_level":4}