{"path_per_floor":["M","M","?","$","?","R","?","T","T","R","M","E","M","M","R","B",null,"M","M","?","M","M","R","?","E","T","$","R","M","R","E","R","B",null,"M","?","?","M","$","R","E","R","T","R","M","R","M","M","R"],"character_chosen":"IRONCLAD","items_purchased":["Inflame","Iron Wave","Pantograph","Inflame","Clash","Flex","Gremlin Horn"],"gold_per_floor":[117,137,87,4,4,4,4,49,74,74,92,121,134,150,150,248,248,259,275,455,473,483,483,483,514,562,60,60,79,79,104,104,202,202,220,220,275,295,54,54,84,84,108,108,124,124,135,147,147,147],"floor_reached":50,"campfire_rested":5,"playtime":3133,"current_hp_per_floor":[80,80,80,80,80,80,64,64,64,64,70,66,72,78,78,80,80,79,63,39,42,36,60,60,39,39,39,39,45,80,67,67,41,87,70,70,53,59,59,101,26,71,71,71,62,62,40,19,64,0],"items_purged":["Strike_R"],"gold":147,"score":610,"play_id":"e2fc56aa-1494-43ce-afd4-4fa051cfc3c3","local_time":"20180510014558","is_prod":false,"is_daily":false,"chose_seed":false,"is_ascension_mode":false,"campfire_upgraded":7,"timestamp":1525909558,"path_taken":["M","M","?","$","?","R","?","?","T","R","M","E","M","?","R","BOSS","M","M","?","?","M","R","?","E","T","?","R","M","R","E","R","BOSS","M","?","?","M","$","R","E","R","T","R","M","R","M","M","R","BOSS"],"build_version":"2018-05-03","seed_source_timestamp":0,"purchased_purges":2,"victory":false,"master_deck":["Strike_R","Strike_R","Defend_R","Defend_R+1","Defend_R","Defend_R+1","Bash","Twin Strike+1","Thunderclap+1","Inflame+1","Iron Wave+1","Headbutt","Inflame+1","Warcry","Heavy Blade+1","Clash","Cleave","Pommel Strike","Twin Strike","Cleave","Flame Barrier","Inflame+1","Clash","Flex","Battle Trance","Demon Form+1","Regret","Doubt","Pain","Heavy Blade","Whirlwind+1","True Grit+1","Heavy Blade","Offering","Pommel Strike+1"],"max_hp_per_floor":[80,80,80,80,80,80,80,80,80,80,80,80,80,80,80,80,80,80,80,80,80,80,80,80,80,80,80,80,80,80,87,87,87,87,87,87,101,101,101,101,101,101,101,101,101,101,101,101,101,101],"relics":["Burning Blood","NeowsBlessing","Bronze Scales","Anchor","War Paint","White Beast Statue","Ancient Tea Set","Regal Pillow","Pantograph","Strawberry","Calling Bell","Oddly Smooth Stone","Shuriken","Ice Cream","Mango","Gremlin Horn","Blood Vial","Bag of Marbles"],"card_choices":[{"not_picked":["Armaments","Anger"],"picked":"Twin Strike","floor":1.0},{"not_picked":["Feel No Pain","Perfected Strike"],"picked":"Thunderclap","floor":2.0},{"not_picked":["Pommel Strike","Cleave"],"picked":"Inflame","floor":11.0},{"not_picked":["Burning Pact","Hemokinesis"],"picked":"Warcry","floor":12.0},{"not_picked":["Feel No Pain","Power Through"],"picked":"Heavy Blade","floor":13.0},{"not_picked":["True Grit","Anger"],"picked":"Clash","floor":14.0},{"not_picked":["Entrench","Shrug It Off"],"picked":"Cleave","floor":18.0},{"not_picked":["Sword Boomerang","Warcry"],"picked":"Pommel Strike","floor":19.0},{"not_picked":["Intimidate","Corruption"],"picked":"Twin Strike","floor":21.0},{"not_picked":["Carnage","Armaments"],"picked":"Cleave","floor":22.0},{"not_picked":["Wild Strike","Shrug It Off"],"picked":"Battle Trance","floor":29.0},{"not_picked":["Limit Break","Reaper"],"picked":"Demon Form","floor":33.0},{"not_picked":["Reckless Charge","Dual Wield"],"picked":"Heavy Blade","floor":37.0},{"not_picked":["Warcry","Combust"],"picked":"Whirlwind","floor":38.0},{"not_picked":["Body Slam","Blood for Blood"],"picked":"True Grit","floor":41.0},{"not_picked":["Twin Strike","Searing Blow"],"picked":"Heavy Blade","floor":45.0},{"not_picked":["Corruption","Twin Strike"],"picked":"Offering","floor":47.0},{"not_picked":["Battle Trance","Disarm"],"picked":"Pommel Strike","floor":48}],"player_experience":90406,"potions_floor_usage":[48,50,50],"damage_taken":[{"damage":0.0,"enemies":"2 Louse","floor":1.0,"turns":1.0},{"damage":0.0,"enemies":"Jaw Worm","floor":2.0,"turns":1.0},{"damage":0.0,"enemies":"Cultist","floor":11.0,"turns":1.0},{"damage":10.0,"enemies":"Gremlin Nob","floor":12.0,"turns":3.0},{"damage":0.0,"enemies":"Red Slaver","floor":13.0,"turns":4.0},{"damage":0.0,"enemies":"2 Fungi Beasts","floor":14.0,"turns":2.0},{"damage":0.0,"enemies":"Slime Boss","floor":16.0,"turns":4.0},{"damage":7.0,"enemies":"3 Byrds","floor":18.0,"turns":4.0},{"damage":22.0,"enemies":"Shell Parasite","floor":19.0,"turns":4.0},{"damage":3.0,"enemies":"3 Cultists","floor":21.0,"turns":4.0},{"damage":12.0,"enemies":"Centurion and Healer","floor":22.0,"turns":3.0},{"damage":27.0,"enemies":"Gremlin Leader","floor":25.0,"turns":7.0},{"damage":0.0,"enemies":"Snecko","floor":29.0,"turns":2.0},{"damage":26.0,"enemies":"Slavers","floor":31.0,"turns":4.0},{"damage":52.0,"enemies":"Automaton","floor":33.0,"turns":8.0},{"damage":23.0,"enemies":"3 Shapes","floor":35.0,"turns":4.0},{"damage":37.0,"enemies":"Mysterious Sphere","floor":37.0,"turns":4.0},{"damage":0.0,"enemies":"Orb Walker","floor":38.0,"turns":1.0},{"damage":81.0,"enemies":"Giant Head","floor":41.0,"turns":7.0},{"damage":17.0,"enemies":"4 Shapes","floor":45.0,"turns":2.0},{"damage":30.0,"enemies":"3 Darklings","floor":47.0,"turns":3.0},{"damage":29,"enemies":"Sphere and 2 Shapes","floor":48,"turns":4},{"damage":94,"enemies":"Donu and Deca","floor":50,"turns":5}],"event_choices":[{"event_name":"The Cleric","player_choice":"Card Removal","floor":3.0,"damage_taken":0.0},{"event_name":"Transmorgrifier","player_choice":"Transform","floor":5.0,"damage_taken":0.0},{"event_name":"Shining Light","player_choice":"Entered Light","floor":7.0,"damage_taken":0.0},{"event_name":"Knowing Skull","player_choice":"GOLD GOLD ","floor":20.0,"damage_taken":0.0},{"event_name":"Match and Keep!","player_choice":"1 cards matched","floor":24.0,"damage_taken":0.0},{"event_name":"Tomb of Lord Red Mask","player_choice":"Ignored","floor":36.0,"damage_taken":0.0},{"event_name":"Mysterious Sphere","player_choice":"Fight","floor":37.0,"damage_taken":0.0}],"boss_relics":[],"potions_floor_spawned":[1,12,13,16,18,19,21,22,25,29,31,33,35,37,38,41,45,47,48],"seed_played":"-1837456673490763768","killed_by":"Donu and Deca","ascension_level":0,"is_trial":false}