{"gold_per_floor":[115,135,149,167,181,181,210,210,257,110,127,146,146,180,180,285,285],"floor_reached":17,"playtime":958,"items_purged":[],"score":203,"play_id":"6ffbbc57-7b30-47ad-9a16-7f95ebbd5518","local_time":"20190205101718","is_ascension_mode":true,"campfire_choices":[{"data":"Redo","floor":6,"key":"SMITH"},{"floor":13,"key":"REST"},{"floor":15,"key":"REST"}],"neow_cost":"NONE","seed_source_timestamp":1828525499628000,"circlet_count":0,"master_deck":["Strike_B","Strike_B","Strike_B","Defend_B","Defend_B","Defend_B","Defend_B","Zap+1","Dualcast","Barrage","Coolheaded","Redo+1","Gash","Conserve Battery","Turbo","Stack","Madness","Coolheaded","Redo","Rebound","Defragment","Echo Form"],"relics":["Cracked Core","Orichalcum","Regal Pillow","Bottled Lightning","Snecko Eye"],"potions_floor_usage":[7,12,14],"damage_taken":[{"damage":2,"enemies":"Jaw Worm","floor":1,"turns":3},{"damage":1,"enemies":"Cultist","floor":2,"turns":3},{"damage":7,"enemies":"Small Slimes","floor":3,"turns":3},{"damage":8,"enemies":"2 Fungi Beasts","floor":4,"turns":5},{"damage":18,"enemies":"Lots of Slimes","floor":5,"turns":4},{"damage":13,"enemies":"3 Sentries","floor":7,"turns":8},{"damage":6,"enemies":"Large Slime","floor":11,"turns":5},{"damage":18,"enemies":"Exordium Thugs","floor":12,"turns":4},{"damage":29,"enemies":"Gremlin Nob","floor":14,"turns":5},{"damage":40,"enemies":"The Guardian","floor":16,"turns":17}],"seed_played":"-9197050424716322090","potions_obtained":[{"floor":3,"key":"FocusPotion"},{"floor":4,"key":"GamblersBrew"},{"floor":7,"key":"Energy Potion"},{"floor":11,"key":"Dexterity Potion"},{"floor":14,"key":"Weak Potion"}],"is_trial":false,"path_per_floor":["M","M","M","M","M","R","E","?","T","$","M","M","R","E","R","B",null],"character_chosen":"DEFECT","items_purchased":["Madness","Coolheaded"],"campfire_rested":2,"item_purchase_floors":[10,10],"current_hp_per_floor":[73,72,65,57,39,39,26,26,26,26,20,2,39,10,47,7,75],"gold":285,"neow_bonus":"UPGRADE_CARD","is_prod":false,"is_daily":false,"chose_seed":false,"campfire_upgraded":1,"win_rate":0,"timestamp":1549379838,"path_taken":["M","M","M","M","M","R","E","?","T","$","M","M","R","E","R","BOSS"],"build_version":"2019-01-23","purchased_purges":0,"victory":false,"max_hp_per_floor":[75,75,75,75,75,75,75,75,75,75,75,75,75,75,75,75,75],"card_choices":[{"not_picked":["Force Field","Hello World"],"picked":"Barrage","floor":1},{"not_picked":["Steam","Cold Snap"],"picked":"Coolheaded","floor":2},{"not_picked":["Steam","Go for the Eyes"],"picked":"Redo","floor":3},{"not_picked":["Undo","Turbo"],"picked":"Gash","floor":4},{"not_picked":["Hologram","Chaos"],"picked":"Conserve Battery","floor":5},{"not_picked":["Lockon","Ball Lightning"],"picked":"Turbo","floor":7},{"not_picked":["Compile Driver","Lockon"],"picked":"Redo","floor":11},{"not_picked":["Turbo","Coolheaded"],"picked":"Rebound","floor":12},{"not_picked":["Machine Learning","Chaos"],"picked":"Defragment","floor":14},{"not_picked":["Machine Learning","Amplify"],"picked":"Echo Form","floor":16}],"player_experience":246227,"relics_obtained":[{"floor":7,"key":"Orichalcum"},{"floor":9,"key":"Regal Pillow"},{"floor":14,"key":"Bottled Lightning"}],"event_choices":[{"damage_healed":0,"gold_gain":0,"cards_transformed":["Strike_B"],"player_choice":"Transformed","damage_taken":0,"max_hp_gain":0,"max_hp_loss":0,"event_name":"Transmorgrifier","floor":8,"gold_loss":0,"cards_obtained":["Stack"]}],"is_beta":false,"boss_relics":[{"not_picked":["Coffee Dripper","Lizard Tail"],"picked":"Snecko Eye"}],"items_purged_floors":[],"is_endless":false,"potions_floor_spawned":[3,4,7,11,14],"ascension_level":4}