{"gold_per_floor":[117,130,35,45,59,85,85,117,143,143,162,162,179,179,179,279,279,294,294,313,238,248,248,258,293,318,218,218,218,58,76,76,172,172,187,147,0,0,12,38,38,54,54,85,85,102,0,30,30,30],"floor_reached":51,"playtime":3488,"items_purged":["Strike_R","Strike_R"],"score":1286,"play_id":"3ed26ff0-5aef-49f3-bc87-2decc9bc62ce","local_time":"20181014112036","is_ascension_mode":true,"campfire_choices":[{"data":"Armaments","floor":7,"key":"SMITH"},{"data":"Demon Form","floor":12,"key":"SMITH"},{"data":"Rage","floor":15,"key":"SMITH"},{"data":"Barricade","floor":23,"key":"SMITH"},{"floor":28,"key":"REST"},{"data":"Offering","floor":32,"key":"SMITH"},{"floor":41,"key":"REST"},{"floor":49,"key":"REST"}],"neow_cost":"NONE","seed_source_timestamp":354186836134469,"circlet_count":0,"master_deck":["Defend_R+1","Defend_R","Defend_R+1","Defend_R","Feed","Shrug It Off+1","Anger","Ghostly Armor","Dual Wield","Thunderclap+1","Armaments+1","Demon Form+1","Rage+1","Barricade+1","Anger+1","Whirlwind+1","Clash+1","Seeing Red","Shrug It Off+1","Offering+1","Heavy Blade+1","Warcry+1","Shrug It Off+1"],"relics":["Burning Blood","Thread and Needle","Art of War","Lantern","Astrolabe","War Paint","Ancient Tea Set","White Beast Statue","Potion Belt","FossilizedHelix","Bag of Preparation","Pen Nib","Gremlin Horn","Red Mask","Kunai"],"potions_floor_usage":[6,24,33,39,39,46,46,48,50,50],"damage_taken":[{"damage":7,"enemies":"Jaw Worm","floor":1,"turns":3},{"damage":5,"enemies":"Small Slimes","floor":2,"turns":4},{"damage":0,"enemies":"2 Louse","floor":4,"turns":4},{"damage":22,"enemies":"Lots of Slimes","floor":5,"turns":6},{"damage":23,"enemies":"3 Sentries","floor":6,"turns":10},{"damage":30,"enemies":"Lagavulin","floor":8,"turns":7},{"damage":0,"enemies":"2 Fungi Beasts","floor":11,"turns":4},{"damage":7,"enemies":"Looter","floor":13,"turns":2},{"damage":32,"enemies":"Hexaghost","floor":16,"turns":9},{"damage":8,"enemies":"Shell Parasite","floor":18,"turns":4},{"damage":23,"enemies":"3 Byrds","floor":20,"turns":5},{"damage":1,"enemies":"Centurion and Healer","floor":22,"turns":5},{"damage":20,"enemies":"Snecko","floor":24,"turns":7},{"damage":31,"enemies":"Book of Stabbing","floor":25,"turns":8},{"damage":6,"enemies":"Snake Plant","floor":31,"turns":6},{"damage":6,"enemies":"Automaton","floor":33,"turns":9},{"damage":5,"enemies":"3 Darklings","floor":35,"turns":3},{"damage":6,"enemies":"Mind Bloom Boss Battle","floor":38,"turns":6},{"damage":23,"enemies":"Orb Walker","floor":39,"turns":5},{"damage":59,"enemies":"Giant Head","floor":40,"turns":9},{"damage":0,"enemies":"4 Shapes","floor":42,"turns":6},{"damage":6,"enemies":"Nemesis","floor":44,"turns":9},{"damage":6,"enemies":"Transient","floor":46,"turns":5},{"damage":69,"enemies":"2 Orb Walkers","floor":48,"turns":6},{"damage":0,"enemies":"Awakened One","floor":50,"turns":10}],"seed_played":"-3765180659916622031","potions_obtained":[{"floor":1,"key":"FairyPotion"},{"floor":5,"key":"Block Potion"},{"floor":6,"key":"FearPotion"},{"floor":13,"key":"FearPotion"},{"floor":16,"key":"SkillPotion"},{"floor":25,"key":"SmokeBomb"},{"floor":31,"key":"EssenceOfSteel"},{"floor":33,"key":"SteroidPotion"},{"floor":35,"key":"Regen Potion"},{"floor":38,"key":"LiquidBronze"},{"floor":39,"key":"Swift Potion"},{"floor":40,"key":"Dexterity Potion"},{"floor":42,"key":"AttackPotion"},{"floor":44,"key":"Regen Potion"},{"floor":46,"key":"Poison Potion"},{"floor":48,"key":"Strength Potion"}],"is_trial":false,"path_per_floor":["M","M","$","M","M","E","R","E","T","?","M","R","M","?","R","B",null,"M","?","M","$","M","R","M","E","T","$","R","?","$","M","R","B",null,"M","?","$","?","M","E","R","M","T","E","?","M","?","E","R","B"],"character_chosen":"IRONCLAD","items_purchased":["Anger","Ghostly Armor","Offering","Potion Belt"],"campfire_rested":3,"item_purchase_floors":[3,3,30,37],"current_hp_per_floor":[71,75,75,81,68,54,54,30,30,35,44,44,43,43,43,17,77,75,56,43,43,48,48,34,9,9,9,40,40,40,40,40,40,90,94,94,94,94,89,36,68,77,77,77,67,82,82,19,52,61],"gold":30,"neow_bonus":"ONE_RANDOM_RARE_CARD","is_prod":false,"is_daily":false,"chose_seed":false,"campfire_upgraded":5,"win_rate":0,"timestamp":1539508836,"path_taken":["M","M","$","M","M","E","R","E","T","?","M","R","?","?","R","BOSS","M","?","M","$","M","R","M","E","T","$","R","?","?","M","R","BOSS","M","?","$","?","M","E","R","M","T","E","?","M","?","E","R","BOSS"],"build_version":"2018-10-11","purchased_purges":2,"victory":true,"max_hp_per_floor":[80,83,83,83,86,89,89,89,89,94,97,97,97,97,97,97,97,97,102,106,106,106,106,106,106,106,106,106,106,106,106,106,106,106,109,109,109,109,109,109,109,112,112,112,112,112,112,112,112,115],"card_choices":[{"not_picked":["Burning Pact","Sword Boomerang","Feel No Pain"],"picked":"SKIP","floor":1},{"not_picked":["Sword Boomerang","Wild Strike"],"picked":"Shrug It Off","floor":2},{"not_picked":["Reckless Charge","Intimidate"],"picked":"Dual Wield","floor":4},{"not_picked":["Evolve","Dark Embrace"],"picked":"Thunderclap","floor":5},{"not_picked":["Clash","Headbutt"],"picked":"Armaments","floor":6},{"not_picked":["Pummel","Thunderclap"],"picked":"Demon Form","floor":8},{"not_picked":["Iron Wave","Pommel Strike","Perfected Strike"],"picked":"SKIP","floor":11},{"not_picked":["Heavy Blade","Spot Weakness"],"picked":"Rage","floor":13},{"not_picked":["Reaper","Exhume"],"picked":"Barricade","floor":16},{"not_picked":["Spot Weakness","Disarm","Thunderclap"],"picked":"SKIP","floor":18},{"not_picked":["True Grit","Entrench"],"picked":"Seeing Red","floor":20},{"not_picked":["Pommel Strike+1","Carnage","Sever Soul"],"picked":"SKIP","floor":22},{"not_picked":["Pommel Strike+1","Headbutt"],"picked":"Shrug It Off+1","floor":24},{"not_picked":["Hemokinesis","Pummel","Havoc"],"picked":"SKIP","floor":25},{"not_picked":["Cleave","Heavy Blade","Havoc+1"],"picked":"SKIP","floor":31},{"not_picked":["Anger+1","Heavy Blade","Infernal Blade"],"picked":"SKIP","floor":35},{"not_picked":["Cleave+1","Twin Strike","Warcry"],"picked":"SKIP","floor":39},{"not_picked":["Reckless Charge+1","Offering"],"picked":"Heavy Blade+1","floor":40},{"not_picked":["Sever Soul+1","Perfected Strike+1","Thunderclap"],"picked":"SKIP","floor":42},{"not_picked":["True Grit+1","Headbutt+1"],"picked":"Warcry+1","floor":44},{"not_picked":["Searing Blow+1","True Grit","Perfected Strike"],"picked":"SKIP","floor":46},{"not_picked":["Combust+1","Wild Strike"],"picked":"Shrug It Off+1","floor":48}],"player_experience":226861,"relics_obtained":[{"floor":6,"key":"Thread and Needle"},{"floor":8,"key":"Art of War"},{"floor":9,"key":"Lantern"},{"floor":25,"key":"War Paint"},{"floor":26,"key":"Ancient Tea Set"},{"floor":38,"key":"FossilizedHelix"},{"floor":40,"key":"Bag of Preparation"},{"floor":43,"key":"Pen Nib"},{"floor":44,"key":"Gremlin Horn"},{"floor":48,"key":"Kunai"}],"event_choices":[{"event_name":"Big Fish","player_choice":"Donut","floor":10,"damage_taken":0},{"event_name":"Shining Light","player_choice":"Ignored","floor":14,"damage_taken":0},{"event_name":"Forgotten Altar","player_choice":"Shed Blood","floor":19,"damage_taken":0},{"event_name":"Bonfire Elementals","player_choice":"BASIC","floor":29,"damage_taken":0},{"event_name":"Designer","player_choice":"Upgrade 2 Random Cards","floor":36,"damage_taken":0},{"event_name":"MindBloom","player_choice":"Fight","floor":38,"damage_taken":0},{"event_name":"SensoryStone","player_choice":"Memory 3","floor":45,"damage_taken":0},{"event_name":"Tomb of Lord Red Mask","player_choice":"Paid","floor":47,"damage_taken":0}],"is_beta":true,"boss_relics":[{"not_picked":["Runic Dome","Velvet Choker"],"picked":"Astrolabe"},{"not_picked":["Eternal Feather","Snecko Eye"],"picked":"White Beast Statue"}],"items_purged_floors":[21,27],"is_endless":false,"potions_floor_spawned":[1,5,6,13,16,18,25,31,33,35,38,39,40,42,44,46,48],"ascension_level":8}