{"gold_per_floor":[109,126,301,312,282,282,307,307,330,344,344,344,356,40,40,143,143,125,135,60,160,160,191,191,191,215,225,253,5,5,19,19,117,117,133,133,33,43,55,55,90,115,115,115,115,13,113,141,153,165],"floor_reached":51,"playtime":2470,"items_purged":["Strike_B","Hello World+1","Defend_B"],"score":1391,"play_id":"129f863c-04a1-4a66-8548-a37a469246bc","local_time":"20190201200912","is_ascension_mode":true,"campfire_choices":[{"data":"Creative AI","floor":6,"key":"SMITH"},{"floor":8,"key":"REST"},{"floor":15,"key":"REST"},{"floor":24,"key":"REST"},{"floor":25,"key":"REST"},{"floor":30,"key":"REST"},{"data":"Sunder","floor":32,"key":"SMITH"},{"data":"Echo Form","floor":40,"key":"SMITH"},{"floor":44,"key":"DIG"},{"floor":45,"key":"DIG"},{"floor":49,"key":"DIG"}],"neow_cost":"NONE","seed_source_timestamp":25031036485921,"circlet_count":0,"master_deck":["AscendersBane","Defend_B","Defend_B","Defend_B","Zap","Dualcast","Creative AI+1","Heatsinks","Glacier","Conserve Battery","White Noise","Sunder+1","Blind","Echo Form+1","Reinforced Body","Amplify","Apotheosis","Meteor Strike","Machine Learning+1","Beam Cell+1","Loop","Self Repair+1"],"relics":["Cracked Core","Potion Belt","Happy Flower","Singing Bowl","Juzu Bracelet","Snecko Eye","WingedGreaves","Bag of Preparation","Mummified Hand","Astrolabe","PreservedInsect","Shovel","Gremlin Horn","Torii","Smiling Mask","Thread and Needle","MawBank","Blood Vial"],"potions_floor_usage":[7,13,16,23,28,38,50,50,50,50,50],"damage_taken":[{"damage":5,"enemies":"Cultist","floor":1,"turns":5},{"damage":0,"enemies":"2 Louse","floor":2,"turns":3},{"damage":12,"enemies":"Jaw Worm","floor":4,"turns":3},{"damage":0,"enemies":"Looter","floor":5,"turns":4},{"damage":58,"enemies":"Gremlin Nob","floor":7,"turns":6},{"damage":13,"enemies":"Large Slime","floor":10,"turns":9},{"damage":16,"enemies":"Lots of Slimes","floor":13,"turns":5},{"damage":25,"enemies":"Slime Boss","floor":16,"turns":14},{"damage":31,"enemies":"2 Thieves","floor":18,"turns":5},{"damage":0,"enemies":"Chosen","floor":19,"turns":4},{"damage":27,"enemies":"Colosseum Slavers","floor":22,"turns":3},{"damage":9,"enemies":"Book of Stabbing","floor":23,"turns":8},{"damage":4,"enemies":"Snake Plant","floor":27,"turns":4},{"damage":11,"enemies":"Slavers","floor":28,"turns":11},{"damage":8,"enemies":"Centurion and Healer","floor":31,"turns":7},{"damage":6,"enemies":"Champ","floor":33,"turns":11},{"damage":11,"enemies":"3 Shapes","floor":35,"turns":4},{"damage":4,"enemies":"3 Darklings","floor":38,"turns":4},{"damage":0,"enemies":"4 Shapes","floor":39,"turns":5},{"damage":27,"enemies":"Reptomancer","floor":41,"turns":7},{"damage":0,"enemies":"Giant Head","floor":42,"turns":5},{"damage":0,"enemies":"Mind Bloom Boss Battle","floor":47,"turns":5},{"damage":0,"enemies":"Reptomancer","floor":48,"turns":3},{"damage":49,"enemies":"Time Eater","floor":50,"turns":7}],"seed_played":"-791312857518518815","potions_obtained":[{"floor":4,"key":"Regen Potion"},{"floor":7,"key":"SpeedPotion"},{"floor":13,"key":"SkillPotion"},{"floor":16,"key":"FairyPotion"},{"floor":19,"key":"Energy Potion"},{"floor":23,"key":"SkillPotion"},{"floor":28,"key":"SteroidPotion"},{"floor":31,"key":"Energy Potion"},{"floor":41,"key":"Block Potion"},{"floor":42,"key":"SteroidPotion"},{"floor":47,"key":"Dexterity Potion"}],"is_trial":false,"path_per_floor":["M","M","?","M","M","R","E","R","T","M","?","?","M","$","R","B",null,"M","M","?","?","?","E","R","R","T","M","E","$","R","M","R","B",null,"M","?","$","M","M","R","E","E","T","R","R","$","?","E","R","B",null],"character_chosen":"DEFECT","items_purchased":["Sunder","Blind","Juzu Bracelet","Apotheosis","PowerPotion"],"campfire_rested":5,"item_purchase_floors":[14,14,14,29,46],"current_hp_per_floor":[63,63,63,51,51,51,7,29,29,16,16,21,7,7,31,6,63,34,36,36,36,9,10,36,62,62,58,47,47,73,67,67,61,83,74,74,74,70,70,70,65,87,87,87,87,87,98,100,100,61],"gold":177,"neow_bonus":"ONE_RANDOM_RARE_CARD","is_prod":false,"is_daily":false,"chose_seed":false,"campfire_upgraded":3,"win_rate":0,"timestamp":1549069752,"path_taken":["M","?","?","M","M","R","E","R","T","M","?","?","M","$","R","BOSS","M","M","?","?","?","E","R","R","T","M","E","$","R","M","R","BOSS","M","?","$","M","M","R","E","E","T","R","R","?","?","E","R","BOSS"],"build_version":"2019-01-23","purchased_purges":3,"victory":true,"max_hp_per_floor":[75,75,75,75,75,75,75,75,75,75,75,80,82,82,82,82,82,84,86,86,86,86,88,88,88,88,88,88,88,88,90,90,90,90,92,92,92,92,92,92,94,96,96,96,96,96,98,100,100,100],"card_choices":[{"not_picked":["Compile Driver","Darkness","Reprogram"],"picked":"SKIP","floor":1},{"not_picked":["Rebound","Darkness"],"picked":"Heatsinks","floor":2},{"not_picked":["Steam Power","Static Discharge"],"picked":"Glacier","floor":4},{"not_picked":["Redo","Hello World"],"picked":"Conserve Battery","floor":5},{"not_picked":["All For One","Turbo","Stack"],"picked":"SKIP","floor":7},{"not_picked":["Stack","Steam"],"picked":"White Noise","floor":10},{"not_picked":["Ball Lightning","Cold Snap","Conserve Battery"],"picked":"Singing Bowl","floor":13},{"not_picked":["Meteor Strike","Hyperbeam"],"picked":"Echo Form","floor":16},{"not_picked":["Chill","Redo+1","Steam"],"picked":"Singing Bowl","floor":18},{"not_picked":["Tempest","Ball Lightning+1","Streamline"],"picked":"Singing Bowl","floor":19},{"not_picked":["Coolheaded","Gash","Redo"],"picked":"Singing Bowl","floor":23},{"not_picked":["Barrage","Go for the Eyes"],"picked":"Reinforced Body","floor":27},{"not_picked":["Barrage","Undo"],"picked":"Amplify","floor":28},{"not_picked":["Heatsinks","FTL","Coolheaded"],"picked":"Singing Bowl","floor":31},{"not_picked":["Rainbow","Multi-Cast"],"picked":"Meteor Strike","floor":33},{"not_picked":["Double Energy+1","Go for the Eyes","Steam"],"picked":"Singing Bowl","floor":35},{"not_picked":["Glacier","Go for the Eyes"],"picked":"Loop","floor":38},{"not_picked":["Consume","Reinforced Body+1"],"picked":"Self Repair+1","floor":39},{"not_picked":["Self Repair","Rainbow","Barrage"],"picked":"Singing Bowl","floor":41},{"not_picked":["Ball Lightning+1","FTL+1","Scrape+1"],"picked":"Singing Bowl","floor":42},{"not_picked":["Scrape","Hologram+1","Aggregate"],"picked":"Singing Bowl","floor":47},{"not_picked":["Ball Lightning+1","Beam Cell+1","Coolheaded"],"picked":"Singing Bowl","floor":48}],"player_experience":204885,"relics_obtained":[{"floor":7,"key":"Potion Belt"},{"floor":9,"key":"Happy Flower"},{"floor":23,"key":"WingedGreaves"},{"floor":26,"key":"Bag of Preparation"},{"floor":28,"key":"Mummified Hand"},{"floor":41,"key":"PreservedInsect"},{"floor":42,"key":"Shovel"},{"floor":43,"key":"Gremlin Horn"},{"floor":44,"key":"Torii"},{"floor":45,"key":"Smiling Mask"},{"floor":47,"key":"Thread and Needle"},{"floor":48,"key":"MawBank"},{"floor":49,"key":"Blood Vial"}],"event_choices":[{"damage_healed":0,"gold_gain":175,"player_choice":"AGREE","damage_taken":0,"max_hp_gain":0,"max_hp_loss":0,"event_name":"Liars Game","floor":3,"gold_loss":0,"cards_obtained":["Doubt"]},{"damage_healed":0,"gold_gain":0,"player_choice":"Searched \u00271\u0027 times","damage_taken":0,"relics_obtained":["Singing Bowl"],"max_hp_gain":0,"max_hp_loss":0,"event_name":"Dead Adventurer","floor":11,"gold_loss":0},{"damage_healed":0,"gold_gain":0,"player_choice":"Donut","damage_taken":0,"max_hp_gain":5,"max_hp_loss":0,"event_name":"Big Fish","floor":12,"gold_loss":0},{"cards_removed":["Doubt"],"damage_healed":0,"gold_gain":0,"player_choice":"Gave Gold","damage_taken":0,"max_hp_gain":0,"max_hp_loss":0,"event_name":"Beggar","floor":20,"gold_loss":75},{"damage_healed":0,"gold_gain":100,"player_choice":"Pray","damage_taken":0,"max_hp_gain":0,"max_hp_loss":0,"event_name":"Golden Shrine","floor":21,"gold_loss":0},{"damage_healed":0,"gold_gain":0,"player_choice":"Fight","damage_taken":0,"max_hp_gain":0,"max_hp_loss":0,"event_name":"Colosseum","floor":22,"gold_loss":0},{"damage_healed":0,"gold_gain":0,"player_choice":"Fled From Nobs","damage_taken":0,"max_hp_gain":0,"max_hp_loss":0,"event_name":"Colosseum","floor":22,"gold_loss":0},{"damage_healed":0,"gold_gain":0,"player_choice":"Leave","damage_taken":0,"max_hp_gain":0,"max_hp_loss":0,"event_name":"FaceTrader","floor":36,"gold_loss":0},{"damage_healed":0,"gold_gain":0,"player_choice":"Fight","damage_taken":0,"max_hp_gain":0,"max_hp_loss":0,"event_name":"MindBloom","floor":47,"gold_loss":0}],"is_beta":false,"boss_relics":[{"not_picked":["Pandora\u0027s Box","Orrery"],"picked":"Snecko Eye"},{"not_picked":["Calling Bell","Black Star"],"picked":"Astrolabe"}],"items_purged_floors":[29,37,46],"is_endless":false,"potions_floor_spawned":[4,7,13,16,19,23,28,31,41,42,47,48],"ascension_level":10}