{"gold_per_floor":[365,127,141,141,157,157,157,192,192,192,216,234,384,397,397,470,470,486,461,461,11,11],"floor_reached":22,"playtime":998,"items_purged":["Shame"],"score":368,"play_id":"72327c9d-d91a-424a-aaea-0f8b70527fab","local_time":"20190121170606","is_ascension_mode":true,"campfire_choices":[{"data":"Disarm","floor":6.0,"key":"SMITH"},{"floor":10.0,"key":"REST"},{"floor":15.0,"key":"REST"}],"neow_cost":"CURSE","seed_source_timestamp":0,"circlet_count":0,"master_deck":["AscendersBane","Strike_R","Strike_R","Strike_R","Strike_R","Defend_R","Defend_R","Defend_R","Defend_R","Bash","Disarm+1","Iron Wave","Pommel Strike","Demon Form","Heavy Blade","Shrug It Off"],"special_seed":0,"relics":["Burning Blood","Pen Nib","Peace Pipe","Omamori","Turnip","Regal Pillow","Fusion Hammer","Enchiridion","ClockworkSouvenir","Bronze Scales"],"potions_floor_usage":[19,22,22],"damage_taken":[{"damage":6.0,"enemies":"Cultist","floor":1.0,"turns":3.0},{"damage":13.0,"enemies":"Small Slimes","floor":3.0,"turns":5.0},{"damage":5.0,"enemies":"Jaw Worm","floor":5.0,"turns":4.0},{"damage":43.0,"enemies":"Lagavulin","floor":8.0,"turns":10.0},{"damage":7.0,"enemies":"Exordium Wildlife","floor":12.0,"turns":4.0},{"damage":15.0,"enemies":"3 Louse","floor":14.0,"turns":3.0},{"damage":39.0,"enemies":"The Guardian","floor":16.0,"turns":12.0},{"damage":33,"enemies":"Chosen","floor":18,"turns":6},{"damage":22,"enemies":"2 Thieves","floor":19,"turns":4},{"damage":10,"enemies":"Snake Plant","floor":22,"turns":2}],"seed_played":"-864295262820087969","potions_obtained":[{"floor":3.0,"key":"Ancient Potion"},{"floor":8.0,"key":"EssenceOfSteel"},{"floor":16.0,"key":"LiquidBronze"},{"floor":18,"key":"Weak Potion"},{"floor":19,"key":"FearPotion"}],"is_trial":false,"path_per_floor":["M","$","M","?","M","R","?","E","T","R","T","M","?","M","R","B",null,"M","M","?","$","M"],"character_chosen":"IRONCLAD","items_purchased":["Pen Nib","ClockworkSouvenir","Bronze Scales","Regen Potion"],"campfire_rested":2,"item_purchase_floors":[2,21,21,21],"current_hp_per_floor":[68,68,61,61,62,62,57,20,20,42,42,41,41,32,69,36,65,38,22,1,1,0],"gold":11,"neow_bonus":"TWO_FIFTY_GOLD","is_prod":false,"is_daily":false,"chose_seed":false,"campfire_upgraded":1,"win_rate":0,"timestamp":1548108366,"path_taken":["M","$","?","?","M","R","?","E","T","R","?","M","?","M","R","BOSS","M","M","?","$","M"],"build_version":"2019-01-17v2","purchased_purges":1,"victory":false,"max_hp_per_floor":[75,75,75,75,75,75,75,75,75,75,75,75,75,75,75,75,75,75,75,75,75,75],"card_choices":[{"not_picked":["True Grit","Clash","Flex"],"picked":"SKIP","floor":1.0},{"not_picked":["Shrug It Off","Cleave"],"picked":"Disarm","floor":3.0},{"not_picked":["Dropkick","Infernal Blade"],"picked":"Iron Wave","floor":5.0},{"not_picked":["Cleave","Infernal Blade","Flex"],"picked":"SKIP","floor":8.0},{"not_picked":["Clothesline","Clash"],"picked":"Pommel Strike","floor":12.0},{"not_picked":["Feel No Pain","Thunderclap","True Grit"],"picked":"SKIP","floor":14.0},{"not_picked":["Reaper","Berserk"],"picked":"Demon Form","floor":16.0},{"not_picked":["Feel No Pain+1","Clothesline"],"picked":"Heavy Blade","floor":18},{"not_picked":["Anger","True Grit"],"picked":"Shrug It Off","floor":19}],"player_experience":500829,"relics_obtained":[{"floor":8.0,"key":"Omamori"},{"floor":9.0,"key":"Turnip"},{"floor":11.0,"key":"Regal Pillow"},{"floor":20,"key":"Enchiridion"}],"event_choices":[{"cards_removed":["Strike_R"],"damage_healed":0.0,"max_hp_gain":0.0,"max_hp_loss":0.0,"gold_gain":0.0,"event_name":"Living Wall","player_choice":"Forget","floor":4.0,"gold_loss":0.0,"damage_taken":0.0},{"damage_healed":0.0,"max_hp_gain":0.0,"max_hp_loss":0.0,"gold_gain":0.0,"event_name":"Scrap Ooze","player_choice":"Success","floor":7.0,"gold_loss":0.0,"damage_taken":5.0,"relics_obtained":["Peace Pipe"]},{"damage_healed":0.0,"max_hp_gain":0.0,"max_hp_loss":0.0,"gold_gain":150.0,"event_name":"Liars Game","player_choice":"AGREE","floor":13.0,"gold_loss":0.0,"damage_taken":0.0,"cards_obtained":["Doubt"]},{"damage_healed":0,"gold_gain":0,"player_choice":"Obtained Book","damage_taken":21,"max_hp_gain":0,"max_hp_loss":0,"event_name":"Cursed Tome","floor":20,"gold_loss":0}],"is_beta":false,"boss_relics":[{"not_picked":["Astrolabe","Runic Cube"],"picked":"Fusion Hammer"}],"items_purged_floors":[2],"is_endless":false,"potions_floor_spawned":[3,8,16,18,19],"killed_by":"Snake Plant","ascension_level":20}