{"gold_per_floor":[112,131,131,145,160,160,160,11,36,76,37,57,88,118,118,243,243,268,74,74,98,17,17,40,78,105,125,125],"floor_reached":28,"playtime":3180,"items_purged":["Strike_B","Defend_B"],"score":248,"play_id":"386da4d4-e502-47e2-8abd-74902be725ad","local_time":"20190127222807","is_ascension_mode":false,"campfire_choices":[{"floor":6,"key":"REST"},{"floor":15,"key":"REST"},{"data":"Buffer","floor":23,"key":"SMITH"}],"neow_cost":"PERCENT_DAMAGE","seed_source_timestamp":1092554850837900,"circlet_count":0,"master_deck":["Strike_B","Strike_B","Defend_B","Zap","Dualcast","Barrage","Conserve Battery","Leap","Turbo","Glacier","Sweeping Beam","Chaos","Rebound","White Noise","Buffer+1","White Noise+1","Hello World+1","Ball Lightning+1","Leap+1","Melter","Conserve Battery","Streamline","Sunder","Hologram+1","Blizzard","Cold Snap+1"],"relics":["Cracked Core","Gambling Chip","Golden Idol","Oddly Smooth Stone","Bag of Marbles","Bronze Scales","Astrolabe","Question Card","Dream Catcher"],"potions_floor_usage":[10,10,25,27],"damage_taken":[{"damage":2,"enemies":"2 Louse","floor":1,"turns":3},{"damage":0,"enemies":"Small Slimes","floor":2,"turns":3},{"damage":2,"enemies":"Jaw Worm","floor":4,"turns":3},{"damage":1,"enemies":"3 Louse","floor":5,"turns":5},{"damage":17,"enemies":"3 Sentries","floor":10,"turns":13},{"damage":0,"enemies":"Red Slaver","floor":12,"turns":6},{"damage":8,"enemies":"Lagavulin","floor":13,"turns":7},{"damage":38,"enemies":"Slime Boss","floor":16,"turns":12},{"damage":11,"enemies":"Shell Parasite","floor":18,"turns":7},{"damage":0,"enemies":"Chosen","floor":21,"turns":4},{"damage":12,"enemies":"Centurion and Healer","floor":24,"turns":7},{"damage":21,"enemies":"Slavers","floor":25,"turns":5},{"damage":13,"enemies":"3 Cultists","floor":27,"turns":6},{"damage":19,"enemies":"Gremlin Leader","floor":28,"turns":2}],"seed_played":"5698119232162638099","potions_obtained":[{"floor":4,"key":"GamblersBrew"},{"floor":5,"key":"Swift Potion"},{"floor":21,"key":"Block Potion"},{"floor":24,"key":"Ancient Potion"}],"is_trial":false,"path_per_floor":["M","M","?","M","M","R","?","$","T","E","$","M","E","?","R","B",null,"M","$","?","M","$","R","M","E","T","M","E"],"character_chosen":"DEFECT","items_purchased":["Glacier","Chaos","Melter","Conserve Battery","Sunder"],"campfire_rested":2,"item_purchase_floors":[8,11,19,19,22],"current_hp_per_floor":[52,52,34,32,31,53,53,53,53,36,36,36,28,28,50,12,75,64,64,64,64,64,64,52,31,31,18,0],"gold":125,"neow_bonus":"ONE_RARE_RELIC","is_prod":false,"is_daily":false,"chose_seed":false,"campfire_upgraded":1,"win_rate":0.0,"timestamp":1548646087,"path_taken":["M","M","?","M","M","R","?","$","T","E","$","M","E","?","R","BOSS","M","$","?","M","$","R","M","E","T","M","E"],"build_version":"2019-01-23","purchased_purges":2,"victory":false,"max_hp_per_floor":[75,75,75,75,75,75,75,75,75,75,75,75,75,75,75,75,75,75,75,75,75,75,75,75,75,75,75,75],"card_choices":[{"not_picked":["Steam","Doom and Gloom"],"picked":"Barrage","floor":1},{"not_picked":["Beam Cell","Hologram"],"picked":"Conserve Battery","floor":2},{"not_picked":["Lockon","Redo"],"picked":"Leap","floor":4},{"not_picked":["Cold Snap","Redo"],"picked":"Turbo","floor":5},{"not_picked":["Gash","Storm"],"picked":"Sweeping Beam","floor":10},{"not_picked":["Heatsinks","Compile Driver"],"picked":"Rebound","floor":12},{"not_picked":["Sweeping Beam","Rip and Tear"],"picked":"White Noise","floor":13},{"not_picked":["Meteor Strike","All For One"],"picked":"Buffer","floor":16},{"not_picked":["Redo","Steam Power"],"picked":"Leap+1","floor":18},{"not_picked":["Steam Power","Barrage"],"picked":"Streamline","floor":21},{"not_picked":["Ball Lightning+1","Streamline+1"],"picked":"Hologram+1","floor":24},{"not_picked":["Seek","Conserve Battery+1"],"picked":"Blizzard","floor":25},{"not_picked":["Coolheaded","Barrage","Turbo+1"],"picked":"Cold Snap+1","floor":27}],"player_experience":17203,"relics_obtained":[{"floor":9,"key":"Oddly Smooth Stone"},{"floor":10,"key":"Bag of Marbles"},{"floor":13,"key":"Bronze Scales"},{"floor":25,"key":"Question Card"},{"floor":26,"key":"Dream Catcher"}],"event_choices":[{"damage_healed":0,"gold_gain":0,"player_choice":"Take Damage","damage_taken":18,"relics_obtained":["Golden Idol"],"max_hp_gain":0,"max_hp_loss":0,"event_name":"Golden Idol","floor":3,"gold_loss":0},{"damage_healed":0,"gold_gain":0,"player_choice":"Ignored","damage_taken":0,"max_hp_gain":0,"max_hp_loss":0,"event_name":"Liars Game","floor":7,"gold_loss":0},{"damage_healed":0,"gold_gain":30,"player_choice":"Searched \u00271\u0027 times","damage_taken":0,"max_hp_gain":0,"max_hp_loss":0,"event_name":"Dead Adventurer","floor":14,"gold_loss":0},{"damage_healed":0,"gold_gain":0,"player_choice":"Ignored","damage_taken":0,"max_hp_gain":0,"max_hp_loss":0,"event_name":"Cursed Tome","floor":20,"gold_loss":0}],"is_beta":false,"boss_relics":[{"not_picked":["Orrery","Cursed Key"],"picked":"Astrolabe"}],"items_purged_floors":[8,19],"is_endless":false,"potions_floor_spawned":[4,5,21,24],"killed_by":"Gremlin Leader","ascension_level":0}