{"gold_per_floor":[114,134,134,150,162,162,179,179,179,129,154,79,104,118,118,217,217,235,31,41,52,151,151,184,202,202,237,237,265,276,276,276,371,371,386,608,622,722,722],"floor_reached":39,"playtime":3239,"items_purged":["Strike_R","Bash"],"score":456,"play_id":"0567b9ec-e266-48db-a8dd-96728cced42b","local_time":"20190128154851","is_ascension_mode":false,"campfire_choices":[{"data":"Metallicize","floor":6,"key":"SMITH"},{"data":"Pommel Strike","floor":8,"key":"SMITH"},{"data":"Body Slam","floor":15,"key":"SMITH"},{"data":"Body Slam","floor":23,"key":"SMITH"},{"floor":28,"key":"REST"},{"floor":32,"key":"REST"}],"neow_cost":"NONE","seed_source_timestamp":1154937821267800,"circlet_count":0,"master_deck":["Defend_R","Defend_R","Defend_R","Defend_R","Clothesline","Metallicize+1","Flame Barrier","Pommel Strike+1","Shrug It Off","Body Slam+1","Ghostly Armor","Flex","Juggernaut","Perfected Strike+1","Metallicize","Body Slam+1","Anger+1","Armaments+1","Infernal Blade+1","Ghostly Armor+1","Barricade","Reckless Charge+1","Bludgeon+1","Dual Wield+1","Iron Wave+1","Body Slam"],"relics":["Burning Blood","Kunai","Red Skull","Question Card","Busted Crown","Toxic Egg 2","Meat on the Bone","Red Mask","Regal Pillow","Astrolabe","Incense Burner"],"potions_floor_usage":[11,16,16,25,25,25,29,37],"damage_taken":[{"damage":5,"enemies":"Jaw Worm","floor":1,"turns":4},{"damage":3,"enemies":"2 Louse","floor":2,"turns":4},{"damage":2,"enemies":"Small Slimes","floor":4,"turns":4},{"damage":25,"enemies":"Exordium Wildlife","floor":5,"turns":9},{"damage":4,"enemies":"Looter","floor":7,"turns":4},{"damage":17,"enemies":"3 Sentries","floor":11,"turns":12},{"damage":6,"enemies":"Gremlin Nob","floor":13,"turns":5},{"damage":1,"enemies":"2 Fungi Beasts","floor":14,"turns":5},{"damage":33,"enemies":"The Guardian","floor":16,"turns":16},{"damage":4,"enemies":"Shell Parasite","floor":18,"turns":6},{"damage":14,"enemies":"Spheric Guardian","floor":20,"turns":4},{"damage":15,"enemies":"Centurion and Healer","floor":21,"turns":5},{"damage":41,"enemies":"Book of Stabbing","floor":24,"turns":6},{"damage":10,"enemies":"Cultist and Chosen","floor":25,"turns":4},{"damage":42,"enemies":"Masked Bandits","floor":27,"turns":5},{"damage":32,"enemies":"Gremlin Leader","floor":29,"turns":7},{"damage":13,"enemies":"3 Cultists","floor":30,"turns":5},{"damage":50,"enemies":"Collector","floor":33,"turns":12},{"damage":0,"enemies":"3 Shapes","floor":35,"turns":3},{"damage":68,"enemies":"3 Darklings","floor":37,"turns":6},{"damage":0,"enemies":"Mind Bloom Boss Battle","floor":38,"turns":8},{"damage":80,"enemies":"2 Orb Walkers","floor":39,"turns":5}],"seed_played":"3925363070214613818","potions_obtained":[{"floor":2,"key":"Regen Potion"},{"floor":5,"key":"EssenceOfSteel"},{"floor":11,"key":"SteroidPotion"},{"floor":13,"key":"Fire Potion"},{"floor":16,"key":"AttackPotion"},{"floor":24,"key":"Regen Potion"},{"floor":27,"key":"Weak Potion"},{"floor":33,"key":"Poison Potion"}],"is_trial":false,"path_per_floor":["M","M","?","M","M","R","M","R","T","?","E","$","E","M","R","B",null,"M","$","M","M","?","R","E","M","T","?","R","E","M","?","R","B",null,"M","?","M","?","?"],"character_chosen":"IRONCLAD","items_purchased":["Metallicize","Body Slam"],"campfire_rested":2,"item_purchase_floors":[19,19],"current_hp_per_floor":[88,88,93,93,74,74,76,76,76,76,65,65,65,70,70,58,93,93,93,85,76,76,76,41,49,49,25,52,38,43,25,69,37,98,98,98,48,66,0],"gold":722,"neow_bonus":"TEN_PERCENT_HP_BONUS","is_prod":false,"is_daily":false,"chose_seed":false,"campfire_upgraded":4,"win_rate":0.0,"timestamp":1548708531,"path_taken":["M","M","?","M","M","R","M","R","T","?","E","$","E","M","R","BOSS","M","$","M","M","?","R","E","M","T","?","R","E","M","?","R","BOSS","M","?","M","?","?"],"build_version":"2019-01-23","purchased_purges":2,"victory":false,"max_hp_per_floor":[88,88,93,93,93,93,93,93,93,93,93,93,93,93,93,93,93,93,93,93,93,93,93,93,93,93,93,93,93,93,98,98,98,98,98,98,98,98,98],"card_choices":[{"not_picked":["Warcry","Clash"],"picked":"Clothesline","floor":1},{"not_picked":["True Grit","Sword Boomerang"],"picked":"Metallicize","floor":2},{"not_picked":["Body Slam","Shrug It Off"],"picked":"Flame Barrier","floor":4},{"not_picked":["Ghostly Armor","Perfected Strike"],"picked":"Pommel Strike","floor":5},{"not_picked":["Perfected Strike","Juggernaut"],"picked":"Shrug It Off","floor":7},{"not_picked":["Headbutt","Shockwave"],"picked":"Body Slam","floor":11},{"not_picked":["Perfected Strike","Fiend Fire"],"picked":"Ghostly Armor","floor":13},{"not_picked":["True Grit","Pommel Strike","Twin Strike"],"picked":"Flex","floor":14},{"not_picked":["Fiend Fire","Dark Embrace","Berserk"],"picked":"Juggernaut","floor":16},{"not_picked":["Clothesline"],"picked":"Perfected Strike+1","floor":18},{"not_picked":["Pummel"],"picked":"Anger+1","floor":20},{"not_picked":["Clothesline","Combust"],"picked":"SKIP","floor":21},{"not_picked":["Disarm"],"picked":"Armaments","floor":24},{"not_picked":["Twin Strike"],"picked":"Infernal Blade+1","floor":25},{"not_picked":["Sword Boomerang","Thunderclap"],"picked":"SKIP","floor":29},{"not_picked":["Juggernaut"],"picked":"Ghostly Armor+1","floor":30},{"not_picked":["Dark Embrace"],"picked":"Barricade","floor":33},{"not_picked":["Blood for Blood"],"picked":"Iron Wave+1","floor":35},{"not_picked":["Reckless Charge+1","Shockwave+1"],"picked":"SKIP","floor":37},{"not_picked":["Inflame"],"picked":"Body Slam","floor":38}],"player_experience":31380,"relics_obtained":[{"floor":9,"key":"Kunai"},{"floor":11,"key":"Red Skull"},{"floor":13,"key":"Question Card"},{"floor":24,"key":"Toxic Egg 2"},{"floor":26,"key":"Meat on the Bone"},{"floor":27,"key":"Red Mask"},{"floor":29,"key":"Regal Pillow"},{"floor":38,"key":"Incense Burner"}],"event_choices":[{"damage_healed":0,"gold_gain":0,"player_choice":"Donut","damage_taken":0,"max_hp_gain":5,"max_hp_loss":0,"event_name":"Big Fish","floor":3,"gold_loss":0},{"cards_removed":["Strike_R"],"damage_healed":0,"gold_gain":0,"player_choice":"Card Removal","damage_taken":0,"max_hp_gain":0,"max_hp_loss":0,"event_name":"The Cleric","floor":10,"gold_loss":50},{"damage_healed":0,"gold_gain":99,"player_choice":"Stole From Cult","damage_taken":0,"max_hp_gain":0,"max_hp_loss":0,"event_name":"Nest","floor":22,"gold_loss":0},{"damage_healed":0,"gold_gain":0,"player_choice":"Fought Bandits","damage_taken":0,"max_hp_gain":0,"max_hp_loss":0,"event_name":"Masked Bandits","floor":27,"gold_loss":0},{"damage_healed":0,"gold_gain":0,"player_choice":"Shed Blood","damage_taken":23,"max_hp_gain":5,"max_hp_loss":0,"event_name":"Forgotten Altar","floor":31,"gold_loss":0},{"damage_healed":0,"gold_gain":222,"player_choice":"Wore Mask","damage_taken":0,"max_hp_gain":0,"max_hp_loss":0,"event_name":"Tomb of Lord Red Mask","floor":36,"gold_loss":0},{"damage_healed":0,"gold_gain":0,"player_choice":"Fight","damage_taken":0,"max_hp_gain":0,"max_hp_loss":0,"event_name":"MindBloom","floor":38,"gold_loss":0},{"damage_healed":0,"gold_gain":0,"player_choice":"Fight","damage_taken":0,"max_hp_gain":0,"max_hp_loss":0,"event_name":"Mysterious Sphere","floor":39,"gold_loss":0}],"is_beta":false,"boss_relics":[{"not_picked":["Lizard Tail","Runic Pyramid"],"picked":"Busted Crown"},{"not_picked":["White Beast Statue","Mark of Pain"],"picked":"Astrolabe"}],"items_purged_floors":[12,19],"is_endless":false,"potions_floor_spawned":[2,5,11,13,16,24,27,33],"killed_by":"2 Orb Walkers","ascension_level":0}