{"gold_per_floor":[114,130,147,164,164,164,197,197,222,239,259,259,276,289,289,387,387,407,407,423,438,54,54,66,66,92,92,92,124,124,144,144,243,243,254,268,268,46,64,64,81,110,161,14,28,0,0],"floor_reached":47,"playtime":3928,"items_purged":["Defend_R"],"score":553,"play_id":"6b85256a-0c88-4086-8c57-b653e6324c3b","local_time":"20190125151458","is_ascension_mode":true,"campfire_choices":[{"data":"Clothesline","floor":6,"key":"SMITH"},{"data":"Thunderclap","floor":8,"key":"SMITH"},{"data":"Metallicize","floor":12,"key":"SMITH"},{"data":"True Grit","floor":15,"key":"SMITH"},{"data":"Double Tap","floor":23,"key":"SMITH"},{"data":"Seeing Red","floor":25,"key":"SMITH"},{"data":"Disarm","floor":28,"key":"SMITH"},{"data":"Twin Strike","floor":32,"key":"SMITH"},{"floor":40,"key":"REST"}],"neow_cost":"PERCENT_DAMAGE","seed_source_timestamp":443623517257,"circlet_count":0,"master_deck":["Strike_R+1","Strike_R+1","Strike_R+1","Strike_R+1","Defend_R+1","Defend_R+1","Defend_R+1","Bash","Disarm+1","Clothesline+1","Thunderclap+1","Metallicize+1","Reaper+1","True Grit+1","Double Tap+1","Metallicize+1","Dropkick","Violence","Inflame","Flex","Seeing Red+1","Bloodletting","Twin Strike+1","Limit Break","Flex+1","Pummel+1","Evolve","Shrug It Off+1","Whirlwind+1","Demon Form","Parasite"],"relics":["Black Blood","Torii","Strawberry","Whetstone","PreservedInsect","Vajra","Bird Faced Urn","Fusion Hammer","Bronze Scales","Nunchaku","Bag of Marbles","Red Mask"],"potions_floor_usage":[7,13,13,18,21,29,33,33,35,45],"damage_taken":[{"damage":1,"enemies":"Cultist","floor":1,"turns":3},{"damage":0,"enemies":"2 Louse","floor":2,"turns":3},{"damage":0,"enemies":"Small Slimes","floor":3,"turns":5},{"damage":2,"enemies":"2 Fungi Beasts","floor":4,"turns":4},{"damage":33,"enemies":"Lagavulin","floor":7,"turns":11},{"damage":4,"enemies":"Blue Slaver","floor":10,"turns":5},{"damage":17,"enemies":"Gremlin Gang","floor":11,"turns":4},{"damage":2,"enemies":"Red Slaver","floor":13,"turns":4},{"damage":0,"enemies":"Large Slime","floor":14,"turns":6},{"damage":8,"enemies":"The Guardian","floor":16,"turns":14},{"damage":26,"enemies":"3 Byrds","floor":18,"turns":6},{"damage":14,"enemies":"Spheric Guardian","floor":20,"turns":8},{"damage":30,"enemies":"Snecko","floor":21,"turns":6},{"damage":35,"enemies":"Snake Plant","floor":24,"turns":9},{"damage":18,"enemies":"Slavers","floor":29,"turns":6},{"damage":21,"enemies":"Shelled Parasite and Fungi","floor":31,"turns":6},{"damage":17,"enemies":"Champ","floor":33,"turns":11},{"damage":22,"enemies":"3 Darklings","floor":35,"turns":6},{"damage":45,"enemies":"3 Shapes","floor":36,"turns":6},{"damage":41,"enemies":"3 Darklings","floor":39,"turns":4},{"damage":50,"enemies":"Maw","floor":41,"turns":8},{"damage":23,"enemies":"Giant Head","floor":42,"turns":6},{"damage":62,"enemies":"Transient","floor":45,"turns":5},{"damage":27,"enemies":"Writhing Mass","floor":47,"turns":4}],"seed_played":"293735301002154219","potions_obtained":[{"floor":1,"key":"Ancient Potion"},{"floor":2,"key":"Strength Potion"},{"floor":10,"key":"EssenceOfSteel"},{"floor":11,"key":"BloodPotion"},{"floor":16,"key":"Fire Potion"},{"floor":18,"key":"GamblersBrew"},{"floor":20,"key":"FearPotion"},{"floor":24,"key":"Regen Potion"},{"floor":33,"key":"EssenceOfSteel"},{"floor":36,"key":"Poison Potion"},{"floor":39,"key":"Strength Potion"}],"is_trial":false,"path_per_floor":["M","M","M","M","?","R","E","R","T","M","M","R","M","M","R","B",null,"M","?","M","M","$","R","M","R","T","?","R","E","?","M","R","B",null,"M","M","?","$","M","R","M","E","T","$","M","?","M"],"character_chosen":"IRONCLAD","items_purchased":["Violence","Inflame","Flex","Evolve","Bronze Scales","Demon Form"],"campfire_rested":1,"item_purchase_floors":[22,22,22,38,38,44],"current_hp_per_floor":[61,67,73,77,77,77,57,57,57,66,70,70,87,87,87,87,87,78,78,74,61,61,61,41,41,41,41,41,58,58,77,77,84,87,87,71,87,87,61,87,56,51,51,51,21,21,0],"gold":0,"neow_bonus":"ONE_RARE_RELIC","is_prod":false,"is_daily":false,"chose_seed":false,"campfire_upgraded":8,"win_rate":0,"timestamp":1548425698,"path_taken":["M","M","?","M","?","R","E","R","T","?","M","R","M","M","R","BOSS","M","?","M","?","$","R","M","R","T","?","R","E","?","M","R","BOSS","M","M","?","$","M","R","?","E","T","?","M","?","M"],"build_version":"2019-01-23","purchased_purges":1,"victory":false,"max_hp_per_floor":[80,80,80,80,80,80,87,87,87,87,87,87,87,87,87,87,87,87,87,87,87,87,87,87,87,87,87,87,87,87,87,87,87,87,87,87,87,87,87,87,87,87,87,87,87,87,87],"card_choices":[{"not_picked":["Spot Weakness","Iron Wave"],"picked":"Disarm","floor":1},{"not_picked":["Heavy Blade","Feel No Pain"],"picked":"Clothesline","floor":2},{"not_picked":["Havoc","Clothesline"],"picked":"Thunderclap","floor":3},{"not_picked":["Power Through","Havoc"],"picked":"Metallicize","floor":4},{"not_picked":["Clothesline","Rampage"],"picked":"Reaper","floor":7},{"not_picked":["Flex","Bloodletting","Infernal Blade"],"picked":"SKIP","floor":10},{"not_picked":["Flex","Blood for Blood"],"picked":"True Grit","floor":11},{"not_picked":["Armaments","Body Slam","Clothesline"],"picked":"SKIP","floor":13},{"not_picked":["Reaper","Havoc","Heavy Blade"],"picked":"SKIP","floor":14},{"not_picked":["Feed","Limit Break"],"picked":"Double Tap","floor":16},{"not_picked":["Warcry","Thunderclap","Wild Strike+1"],"picked":"SKIP","floor":18},{"not_picked":["Body Slam+1","Cleave"],"picked":"Dropkick","floor":20},{"not_picked":["True Grit","Warcry","Clothesline+1"],"picked":"SKIP","floor":21},{"not_picked":["Rupture","Headbutt"],"picked":"Seeing Red","floor":24},{"not_picked":["Armaments","Sever Soul+1"],"picked":"Bloodletting","floor":29},{"not_picked":["Feed","Body Slam+1"],"picked":"Twin Strike","floor":31},{"not_picked":["Double Tap","Feed"],"picked":"Limit Break","floor":33},{"not_picked":["Whirlwind","Thunderclap"],"picked":"Flex+1","floor":35},{"not_picked":["Rage+1","Searing Blow+1"],"picked":"Pummel+1","floor":36},{"not_picked":["Warcry","Sword Boomerang"],"picked":"Shrug It Off+1","floor":39},{"not_picked":["Perfected Strike+1","Feel No Pain+1","Body Slam"],"picked":"SKIP","floor":41},{"not_picked":["Perfected Strike","Anger+1"],"picked":"Whirlwind+1","floor":42},{"not_picked":["Iron Wave","Twin Strike+1","Sever Soul+1"],"picked":"SKIP","floor":45}],"player_experience":318336,"relics_obtained":[{"floor":7,"key":"Strawberry"},{"floor":9,"key":"Whetstone"},{"floor":26,"key":"PreservedInsect"},{"floor":29,"key":"Vajra"},{"floor":42,"key":"Nunchaku"},{"floor":43,"key":"Bag of Marbles"}],"event_choices":[{"cards_removed":["Strike_R"],"damage_healed":0,"gold_gain":0,"player_choice":"Offered Basic","damage_taken":0,"max_hp_gain":0,"max_hp_loss":0,"event_name":"Bonfire Elementals","floor":5,"gold_loss":0},{"damage_healed":0,"gold_gain":0,"player_choice":"Copied","damage_taken":0,"max_hp_gain":0,"max_hp_loss":0,"event_name":"Duplicator","floor":19,"gold_loss":0,"cards_obtained":["Metallicize"]},{"damage_healed":0,"gold_gain":0,"player_choice":"Simplicity","damage_taken":0,"max_hp_gain":0,"max_hp_loss":0,"event_name":"Back to Basics","floor":27,"gold_loss":0,"cards_upgraded":["Strike_R","Strike_R","Strike_R","Defend_R","Defend_R","Defend_R"]},{"damage_healed":0,"gold_gain":0,"player_choice":"Opened","damage_taken":0,"relics_obtained":["Bird Faced Urn"],"max_hp_gain":0,"max_hp_loss":0,"event_name":"The Mausoleum","floor":30,"gold_loss":0},{"damage_healed":16,"gold_gain":0,"player_choice":"Full Heal","damage_taken":0,"max_hp_gain":0,"max_hp_loss":0,"event_name":"Wheel of Change","floor":37,"gold_loss":0},{"damage_healed":0,"gold_gain":0,"player_choice":"Paid","damage_taken":0,"relics_obtained":["Red Mask"],"max_hp_gain":0,"max_hp_loss":0,"event_name":"Tomb of Lord Red Mask","floor":46,"gold_loss":28}],"is_beta":false,"boss_relics":[{"not_picked":["Lizard Tail","White Beast Statue"],"picked":"Black Blood"},{"not_picked":["Empty Cage","Runic Dome"],"picked":"Fusion Hammer"}],"items_purged_floors":[22],"is_endless":false,"potions_floor_spawned":[1,2,10,11,16,18,20,24,33,36,39],"killed_by":"Writhing Mass","ascension_level":3}