{"gold_per_floor":[114,114,128,71,71,71,81,95,95,114,114,164,3,38,38,111,111,121,121,121,131,131,131,131],"floor_reached":24,"playtime":844,"items_purged":[],"score":349,"play_id":"ff7924f5-07e2-4e8e-b5e9-f7dc03074a2c","local_time":"20190202015528","is_ascension_mode":true,"campfire_choices":[{"data":"Flex","floor":6,"key":"SMITH"},{"data":"Bash","floor":11,"key":"SMITH"},{"data":"Double Tap","floor":15,"key":"SMITH"},{"floor":23,"key":"REST"}],"neow_cost":"CURSE","seed_source_timestamp":0,"circlet_count":0,"master_deck":["AscendersBane","Strike_R","Strike_R","Strike_R","Strike_R","Defend_R","Defend_R","Defend_R","Defend_R","Bash+1","Swift Strike","Dark Shackles","Cleave","Flex+1","Clash","Double Tap+1","Thunderclap","Demon Form","Clash"],"special_seed":0,"relics":["Burning Blood","Bottled Lightning","Pen Nib","Nloth\u0027s Gift"],"potions_floor_usage":[16,24],"damage_taken":[{"damage":3.0,"enemies":"Jaw Worm","floor":1.0,"turns":4.0},{"damage":0,"enemies":"Cultist","floor":3,"turns":3},{"damage":0,"enemies":"2 Louse","floor":7,"turns":2},{"damage":18,"enemies":"Exordium Thugs","floor":8,"turns":4},{"damage":0,"enemies":"3 Louse","floor":10,"turns":1},{"damage":30,"enemies":"Lagavulin","floor":14,"turns":5},{"damage":34,"enemies":"Hexaghost","floor":16,"turns":6},{"damage":30,"enemies":"3 Byrds","floor":18,"turns":5},{"damage":29,"enemies":"Colosseum Slavers","floor":20,"turns":4},{"damage":10,"enemies":"Chosen","floor":21,"turns":5},{"damage":49,"enemies":"Shelled Parasite and Fungi","floor":24,"turns":3}],"seed_played":"8475505273402763344","potions_obtained":[{"floor":7,"key":"FearPotion"},{"floor":8,"key":"Strength Potion"},{"floor":16,"key":"Regen Potion"}],"is_trial":false,"path_per_floor":["M","?","M","$","?","R","M","M","T","M","R","?","$","E","R","B",null,"M","?","?","M","?","R","M"],"character_chosen":"IRONCLAD","items_purchased":["Flex","Double Tap"],"campfire_rested":1,"item_purchase_floors":[4,13],"current_hp_per_floor":[71,71,75,75,68,68,74,62,62,68,68,68,68,44,44,16,60,36,36,13,9,9,31,0],"gold":131,"neow_bonus":"RANDOM_COLORLESS_2","is_prod":false,"is_daily":false,"chose_seed":false,"campfire_upgraded":3,"win_rate":0,"timestamp":1549068928,"path_taken":["M","?","?","$","?","R","M","M","T","M","R","?","$","E","R","BOSS","M","?","?","M","?","R","M"],"build_version":"2019-01-23","purchased_purges":0,"victory":false,"max_hp_per_floor":[75,75,75,75,75,75,75,75,75,75,75,75,75,75,75,75,75,75,75,75,75,75,75,75],"card_choices":[{"not_picked":["Body Slam","Clothesline","Sentinel"],"picked":"SKIP","floor":1},{"not_picked":["Warcry","Twin Strike"],"picked":"Cleave","floor":3},{"not_picked":["True Grit","Bloodletting","Entrench"],"picked":"SKIP","floor":7},{"not_picked":["Corruption","Twin Strike","Metallicize"],"picked":"SKIP","floor":8},{"not_picked":["Disarm","Body Slam"],"picked":"Clash","floor":10},{"not_picked":["Feel No Pain","True Grit"],"picked":"Thunderclap","floor":14},{"not_picked":["Limit Break","Reaper"],"picked":"Demon Form","floor":16},{"not_picked":["Flex+1","Sword Boomerang"],"picked":"Clash","floor":18},{"not_picked":["Perfected Strike","Havoc","Clothesline"],"picked":"SKIP","floor":21}],"player_experience":681273,"relics_obtained":[{"floor":9,"key":"Bottled Lightning"},{"floor":14,"key":"Pen Nib"}],"event_choices":[{"cards_removed":["Regret"],"damage_healed":0,"gold_gain":0,"player_choice":"Purged","damage_taken":0,"max_hp_gain":0,"max_hp_loss":0,"event_name":"Purifier","floor":2,"gold_loss":0},{"cards_removed":["Strike_R"],"damage_healed":0,"gold_gain":0,"player_choice":"Card Removal","damage_taken":7,"max_hp_gain":0,"max_hp_loss":0,"event_name":"Golden Wing","floor":5,"gold_loss":0},{"damage_healed":0,"gold_gain":50,"player_choice":"Pray","damage_taken":0,"max_hp_gain":0,"max_hp_loss":0,"event_name":"Golden Shrine","floor":12,"gold_loss":0},{"damage_healed":0,"gold_gain":0,"player_choice":"Ignored","damage_taken":0,"max_hp_gain":0,"max_hp_loss":0,"event_name":"Cursed Tome","floor":19,"gold_loss":0},{"damage_healed":0,"gold_gain":0,"player_choice":"Fight","damage_taken":0,"max_hp_gain":0,"max_hp_loss":0,"event_name":"Colosseum","floor":20,"gold_loss":0},{"damage_healed":0,"gold_gain":0,"player_choice":"Fled From Nobs","damage_taken":0,"max_hp_gain":0,"max_hp_loss":0,"event_name":"Colosseum","floor":20,"gold_loss":0},{"damage_healed":0,"gold_gain":0,"player_choice":"Traded Relic","damage_taken":0,"relics_obtained":["Nloth\u0027s Gift"],"max_hp_gain":0,"max_hp_loss":0,"event_name":"N\u0027loth","floor":22,"relics_lost":["Lizard Tail"],"gold_loss":0}],"is_beta":true,"boss_relics":[{"not_picked":["Runic Dome","White Beast Statue"],"picked":"Lizard Tail"}],"items_purged_floors":[],"is_endless":false,"potions_floor_spawned":[7,8,10,16,21],"killed_by":"Shelled Parasite and Fungi","ascension_level":16}