{"gold_per_floor":[117,117,192,212,225,225,236,41,41,41,17,17,43,18,18,121,121,140,158,175,175],"floor_reached":21,"playtime":1104,"items_purged":[],"score":206,"play_id":"34170a9c-4d4e-4f8d-b2fa-f81b955bed3f","local_time":"20190113125815","is_ascension_mode":true,"campfire_choices":[{"data":"Spot Weakness","floor":6,"key":"SMITH"},{"data":"Clothesline","floor":10,"key":"SMITH"},{"data":"Twin Strike","floor":12,"key":"SMITH"},{"data":"Shrug It Off","floor":15,"key":"SMITH"}],"neow_cost":"NONE","seed_source_timestamp":2220166051583,"circlet_count":0,"master_deck":["Strike_R","Strike_R","Strike_R","Strike_R","Defend_R","Defend_R","Defend_R","Defend_R","Bash","Spot Weakness+1","Clothesline+1","Twin Strike+1","Shrug It Off+1","Flex","Demon Form","True Grit","Infernal Blade","Shrug It Off+1"],"relics":["Burning Blood","NeowsBlessing","HandDrill","Torii","Mummified Hand","Coffee Dripper"],"potions_floor_usage":[7,19,20],"damage_taken":[{"damage":0,"enemies":"Jaw Worm","floor":1,"turns":1},{"damage":0,"enemies":"Small Slimes","floor":4,"turns":1},{"damage":0,"enemies":"Cultist","floor":5,"turns":1},{"damage":29,"enemies":"Gremlin Gang","floor":7,"turns":4},{"damage":18,"enemies":"Gremlin Nob","floor":13,"turns":3},{"damage":23,"enemies":"Slime Boss","floor":16,"turns":13},{"damage":19,"enemies":"2 Thieves","floor":18,"turns":4},{"damage":14,"enemies":"Chosen","floor":19,"turns":6},{"damage":8,"enemies":"3 Cultists","floor":20,"turns":6},{"damage":59,"enemies":"Cultist and Chosen","floor":21,"turns":6}],"seed_played":"6758579596506980532","potions_obtained":[{"floor":4,"key":"EssenceOfSteel"},{"floor":16,"key":"Fire Potion"},{"floor":19,"key":"PowerPotion"}],"is_trial":false,"path_per_floor":["M","?","?","M","M","R","M","$","T","R","$","R","E","$","R","B",null,"M","M","M","M"],"character_chosen":"IRONCLAD","items_purchased":["HandDrill","Twin Strike","Flex"],"campfire_rested":0,"item_purchase_floors":[8,11,14],"current_hp_per_floor":[80,73,62,68,74,74,51,51,51,51,51,51,39,39,39,22,80,67,59,57,0],"gold":175,"neow_bonus":"THREE_ENEMY_KILL","is_prod":false,"is_daily":false,"chose_seed":false,"campfire_upgraded":4,"win_rate":0,"timestamp":1547380695,"path_taken":["M","?","?","M","?","R","M","$","T","R","$","R","E","?","R","BOSS","M","M","?","M"],"build_version":"2019-01-10","purchased_purges":0,"victory":false,"max_hp_per_floor":[80,80,80,80,80,80,80,80,80,80,80,80,80,80,80,80,80,80,80,80,80],"card_choices":[{"not_picked":["Perfected Strike","Twin Strike","Headbutt"],"picked":"SKIP","floor":1},{"not_picked":["Dual Wield","Havoc"],"picked":"Spot Weakness","floor":4},{"not_picked":["Spot Weakness","Corruption","Havoc"],"picked":"SKIP","floor":5},{"not_picked":["Headbutt","Rage"],"picked":"Clothesline","floor":7},{"not_picked":["Flame Barrier","Heavy Blade"],"picked":"Shrug It Off","floor":13},{"not_picked":["Berserk","Dark Embrace"],"picked":"Demon Form","floor":16},{"not_picked":["Havoc","Armaments"],"picked":"True Grit","floor":18},{"not_picked":["Anger","Evolve+1"],"picked":"Infernal Blade","floor":19},{"not_picked":["Anger","Havoc"],"picked":"Shrug It Off+1","floor":20}],"player_experience":310835,"relics_obtained":[{"floor":9,"key":"Torii"},{"floor":13,"key":"Mummified Hand"}],"event_choices":[{"cards_removed":["Strike_R"],"damage_healed":0,"gold_gain":0,"player_choice":"Card Removal","damage_taken":7,"max_hp_gain":0,"max_hp_loss":0,"event_name":"Golden Wing","floor":2,"gold_loss":0},{"damage_healed":0,"gold_gain":75,"player_choice":"Gather Gold","damage_taken":11,"max_hp_gain":0,"max_hp_loss":0,"event_name":"World of Goop","floor":3,"gold_loss":0}],"is_beta":false,"boss_relics":[{"not_picked":["Orrery","Snecko Eye"],"picked":"Coffee Dripper"}],"items_purged_floors":[],"is_endless":false,"potions_floor_spawned":[4,16,19],"killed_by":"Cultist and Chosen","ascension_level":3}