{"gold_per_floor":[115,129,143,143,160,187,200,228,254,281,281,297,297,311,311,414,414,429,460,471,483,502,502,527,199,223,235,276,298,347,359,371,485,497,524,368,368,116,129,158,158,193,240,251,251,263,298,308,308,308],"floor_reached":51,"playtime":2237,"items_purged":[],"score":1250,"play_id":"67f13055-5b87-4827-8d7e-5ba5eaed6518","local_time":"20190203193104","daily_mods":["SealedDeck","Hoarder","Vintage"],"is_ascension_mode":true,"campfire_choices":[{"data":"Scrape","floor":11,"key":"SMITH"},{"data":"Scrape","floor":15,"key":"SMITH"},{"data":"Reinforced Body","floor":23,"key":"SMITH"},{"data":"FTL","floor":32,"key":"SMITH"},{"data":"Seek","floor":41,"key":"SMITH"},{"data":"Steam","floor":45,"key":"SMITH"},{"data":"Seek","floor":49,"key":"SMITH"}],"neow_cost":"","seed_source_timestamp":0,"circlet_count":0,"master_deck":["Reinforced Body","Reinforced Body","Reinforced Body+1","Scrape+1","Scrape+1","Scrape","Conserve Battery","Conserve Battery","Conserve Battery+1","Steam","Steam+1","Steam+1","Leap","Leap","Leap","Rebound","Rebound+1","Rebound+1","Beam Cell","Beam Cell","Beam Cell+1","Gash","Gash","Gash","Gash","Gash","Gash","Gash","Gash","Gash","Skim","Skim","Streamline","Streamline","Streamline","All For One","All For One","All For One","FTL","FTL+1","FTL+1","HandOfGreed","HandOfGreed","HandOfGreed","Seek+1","Seek+1","Seek","Gash","Gash","Gash"],"relics":["Cracked Core","War Paint","Blue Candle","PreservedInsect","Ancient Tea Set","Centennial Puzzle","Lantern","Ginger","Bag of Preparation","Pen Nib","Bronze Scales","Cables","White Beast Statue","Matryoshka","Red Mask","Happy Flower","Vajra","Potion Belt","Bag of Marbles","Art of War","MawBank","Blood Vial","Singing Bowl","Mango","StoneCalendar","Inserter","Mummified Hand","Anchor","Pear","Boot","Whetstone","Kunai","Juzu Bracelet","Dream Catcher","The Courier","Darkstone Periapt","Nunchaku","Gremlin Horn"],"potions_floor_usage":[10,50,50,50],"damage_taken":[{"damage":0,"enemies":"Cultist","floor":1,"turns":2},{"damage":0,"enemies":"Small Slimes","floor":2,"turns":3},{"damage":0,"enemies":"2 Louse","floor":3,"turns":2},{"damage":0,"enemies":"2 Fungi Beasts","floor":5,"turns":4},{"damage":2,"enemies":"3 Sentries","floor":6,"turns":4},{"damage":0,"enemies":"Lots of Slimes","floor":7,"turns":3},{"damage":0,"enemies":"Gremlin Nob","floor":8,"turns":2},{"damage":0,"enemies":"3 Sentries","floor":10,"turns":2},{"damage":0,"enemies":"Large Slime","floor":12,"turns":2},{"damage":0,"enemies":"2 Fungi Beasts","floor":14,"turns":2},{"damage":0,"enemies":"Slime Boss","floor":16,"turns":2},{"damage":0,"enemies":"Spheric Guardian","floor":18,"turns":2},{"damage":1,"enemies":"Masked Bandits","floor":19,"turns":3},{"damage":0,"enemies":"Chosen","floor":20,"turns":1},{"damage":0,"enemies":"Snake Plant","floor":21,"turns":3},{"damage":0,"enemies":"Shelled Parasite and Fungi","floor":22,"turns":3},{"damage":0,"enemies":"Book of Stabbing","floor":24,"turns":2},{"damage":0,"enemies":"Slavers","floor":28,"turns":1},{"damage":0,"enemies":"Centurion and Healer","floor":29,"turns":2},{"damage":10,"enemies":"Snake Plant","floor":30,"turns":3},{"damage":20,"enemies":"Automaton","floor":33,"turns":5},{"damage":0,"enemies":"3 Shapes","floor":35,"turns":2},{"damage":0,"enemies":"3 Darklings","floor":39,"turns":2},{"damage":12,"enemies":"Nemesis","floor":40,"turns":3},{"damage":26,"enemies":"Reptomancer","floor":42,"turns":3},{"damage":0,"enemies":"Maw","floor":44,"turns":2},{"damage":0,"enemies":"Transient","floor":46,"turns":5},{"damage":0,"enemies":"Nemesis","floor":47,"turns":1},{"damage":0,"enemies":"Writhing Mass","floor":48,"turns":3},{"damage":11,"enemies":"Awakened One","floor":50,"turns":6}],"seed_played":"6782230719832756489","potions_obtained":[{"floor":2,"key":"Explosive Potion"},{"floor":5,"key":"SpeedPotion"},{"floor":6,"key":"FearPotion"},{"floor":18,"key":"FocusPotion"},{"floor":19,"key":"Regen Potion"},{"floor":21,"key":"Poison Potion"},{"floor":22,"key":"SteroidPotion"},{"floor":24,"key":"Strength Potion"},{"floor":28,"key":"SteroidPotion"}],"is_trial":true,"path_per_floor":["M","M","M","?","M","E","M","E","T","E","R","M","?","M","R","B",null,"M","?","M","M","M","R","E","$","T","$","E","M","M","?","R","B",null,"M","$","?","$","M","E","R","E","T","M","R","M","E","M","R","B",null],"character_chosen":"DEFECT","items_purchased":["Art of War","HandOfGreed","Anchor","Gash","Pear"],"campfire_rested":0,"item_purchase_floors":[25,25,36,36,38],"current_hp_per_floor":[75,75,75,60,60,58,58,58,58,58,58,58,51,51,51,51,75,75,74,74,74,74,74,74,74,74,74,77,91,81,63,63,45,96,96,96,96,106,106,96,96,74,74,76,76,78,82,84,84,75],"gold":308,"neow_bonus":"","is_prod":false,"is_daily":false,"chose_seed":false,"campfire_upgraded":7,"win_rate":0,"timestamp":1549240264,"path_taken":["M","M","M","?","M","E","M","E","T","E","R","M","?","M","R","BOSS","M","?","M","M","M","R","E","$","T","$","E","M","M","?","R","BOSS","M","$","?","$","?","E","R","E","T","M","R","M","E","M","R","BOSS"],"build_version":"2019-01-23","purchased_purges":0,"victory":true,"max_hp_per_floor":[75,75,75,75,75,75,75,75,75,75,75,75,75,75,75,75,75,75,75,75,75,75,75,75,75,75,75,77,91,91,96,96,96,96,96,96,96,106,106,108,108,110,110,110,110,110,112,112,112,112],"card_choices":[{"not_picked":["Tempest","Compile Driver"],"picked":"Skim","floor":6},{"not_picked":["Core Surge","Stack"],"picked":"Streamline","floor":8},{"not_picked":["Recycle","Defragment","Chaos"],"picked":"SKIP","floor":10},{"not_picked":["Meteor Strike","Core Surge"],"picked":"All For One","floor":16},{"not_picked":["Go for the Eyes+1","Turbo+1"],"picked":"FTL","floor":19},{"not_picked":["Fusion","Double Energy","Steam"],"picked":"SKIP","floor":24},{"not_picked":["Thunder Strike","Force Field+1","FTL+1"],"picked":"Singing Bowl","floor":28},{"not_picked":["Buffer","Biased Cognition"],"picked":"Seek","floor":33},{"not_picked":["Fission","Stack+1","Redo+1"],"picked":"Singing Bowl","floor":40},{"not_picked":["Leap+1","Capacitor","Core Surge"],"picked":"Singing Bowl","floor":42},{"not_picked":["Recycle","Stack+1","Blizzard+1"],"picked":"Singing Bowl","floor":47}],"player_experience":209364,"relics_obtained":[{"floor":1,"key":"War Paint"},{"floor":2,"key":"Blue Candle"},{"floor":3,"key":"PreservedInsect"},{"floor":5,"key":"Ancient Tea Set"},{"floor":6,"key":"Centennial Puzzle"},{"floor":7,"key":"Lantern"},{"floor":8,"key":"Ginger"},{"floor":9,"key":"Bag of Preparation"},{"floor":10,"key":"Pen Nib"},{"floor":12,"key":"Bronze Scales"},{"floor":14,"key":"Cables"},{"floor":18,"key":"Matryoshka"},{"floor":19,"key":"Red Mask"},{"floor":20,"key":"Happy Flower"},{"floor":21,"key":"Vajra"},{"floor":22,"key":"Potion Belt"},{"floor":24,"key":"Bag of Marbles"},{"floor":26,"key":"MawBank"},{"floor":26,"key":"Blood Vial"},{"floor":28,"key":"Singing Bowl"},{"floor":29,"key":"Mango"},{"floor":30,"key":"StoneCalendar"},{"floor":35,"key":"Mummified Hand"},{"floor":39,"key":"Boot"},{"floor":40,"key":"Whetstone"},{"floor":42,"key":"Kunai"},{"floor":43,"key":"Juzu Bracelet"},{"floor":43,"key":"Dream Catcher"},{"floor":44,"key":"The Courier"},{"floor":46,"key":"Darkstone Periapt"},{"floor":47,"key":"Nunchaku"},{"floor":48,"key":"Gremlin Horn"}],"event_choices":[{"damage_healed":0,"gold_gain":0,"player_choice":"Entered Light","damage_taken":15,"max_hp_gain":0,"max_hp_loss":0,"event_name":"Shining Light","floor":4,"gold_loss":0,"cards_upgraded":["Rebound","Beam Cell"]},{"cards_removed":["Skim"],"damage_healed":0,"gold_gain":0,"player_choice":"Card Removal","damage_taken":7,"max_hp_gain":0,"max_hp_loss":0,"event_name":"Golden Wing","floor":13,"gold_loss":0},{"damage_healed":0,"gold_gain":0,"player_choice":"Fought Bandits","damage_taken":0,"max_hp_gain":0,"max_hp_loss":0,"event_name":"Masked Bandits","floor":19,"gold_loss":0},{"damage_healed":0,"gold_gain":0,"player_choice":"Shed Blood","damage_taken":23,"max_hp_gain":5,"max_hp_loss":0,"event_name":"Forgotten Altar","floor":31,"gold_loss":0},{"damage_healed":0,"gold_gain":0,"player_choice":"0 cards matched","damage_taken":0,"max_hp_gain":0,"max_hp_loss":0,"event_name":"Match and Keep!","floor":37,"gold_loss":0,"cards_obtained":[]}],"is_beta":false,"boss_relics":[{"not_picked":["Calling Bell","Velvet Choker"],"picked":"White Beast Statue"},{"not_picked":["Runic Dome","Coffee Dripper"],"picked":"Inserter"}],"items_purged_floors":[],"is_endless":false,"potions_floor_spawned":[2,5,6,7,18,19,20,21,22,24,28,29,30,33,35,39,40,42,44,46,47,48],"ascension_level":1}