{"gold_per_floor":[11,27,47,47,47,79,79,114,114,134,164,178,190,200,200,200],"floor_reached":16,"playtime":1099,"items_purged":[],"score":182,"play_id":"a64a1ebd-3e2d-4e3f-a9af-c1562ce8b91d","local_time":"20190326194213","is_ascension_mode":true,"campfire_choices":[{"data":"Neutralize","floor":7,"key":"SMITH"},{"data":"Calculated Gamble","floor":15,"key":"SMITH"}],"neow_cost":"NO_GOLD","seed_source_timestamp":594875751487055,"circlet_count":0,"master_deck":["AscendersBane","Defend_G","Defend_G","Defend_G","Defend_G","Defend_G","Strike_G","Strike_G","Strike_G","Strike_G","Strike_G","Survivor","Neutralize+1","Discovery","Dramatic Entrance","Blur","Poisoned Stab","All Out Attack","Calculated Gamble+1","Slice","PiercingWail"],"relics":["Ring of the Snake","Smiling Mask","Kunai","Bottled Flame","Tiny Chest"],"potions_floor_usage":[16,16],"damage_taken":[{"damage":0,"enemies":"2 Louse","floor":1,"turns":2},{"damage":7,"enemies":"Jaw Worm","floor":2,"turns":4},{"damage":10,"enemies":"Small Slimes","floor":3,"turns":3},{"damage":12,"enemies":"3 Sentries","floor":6,"turns":7},{"damage":12,"enemies":"Gremlin Nob","floor":8,"turns":4},{"damage":0,"enemies":"Looter","floor":10,"turns":2},{"damage":1,"enemies":"3 Louse","floor":12,"turns":2},{"damage":0,"enemies":"2 Fungi Beasts","floor":13,"turns":2},{"damage":10,"enemies":"Lots of Slimes","floor":14,"turns":3},{"damage":54,"enemies":"Hexaghost","floor":16,"turns":16}],"seed_played":"-2063023471152516908","potions_obtained":[{"floor":1,"key":"Regen Potion"},{"floor":2,"key":"LiquidBronze"}],"is_trial":false,"path_per_floor":["M","M","M","?","$","E","R","E","T","M","T","M","M","M","R","B"],"character_chosen":"THE_SILENT","items_purchased":[],"campfire_rested":0,"item_purchase_floors":[],"current_hp_per_floor":[63,56,46,69,69,57,57,45,45,45,45,44,44,34,34,0],"gold":200,"neow_bonus":"RANDOM_COLORLESS_2","is_prod":false,"is_daily":false,"chose_seed":false,"campfire_upgraded":2,"win_rate":0,"timestamp":1553629333,"path_taken":["M","M","M","?","?","E","R","E","T","M","?","M","M","M","R","BOSS"],"build_version":"2019-01-23","purchased_purges":0,"victory":false,"max_hp_per_floor":[70,70,70,70,70,70,70,70,70,70,70,70,70,70,70,70],"card_choices":[{"not_picked":["Distraction","Bane"],"picked":"Blur","floor":1},{"not_picked":["Accuracy","Dodge and Roll"],"picked":"Poisoned Stab","floor":2},{"not_picked":["Backflip","Blur"],"picked":"All Out Attack","floor":3},{"not_picked":["Blade Dance","All Out Attack","Skewer"],"picked":"SKIP","floor":6},{"not_picked":["Flying Knee","Outmaneuver","Sucker Punch"],"picked":"SKIP","floor":8},{"not_picked":["Blur","Distraction"],"picked":"Calculated Gamble","floor":10},{"not_picked":["Riddle With Holes","Calculated Gamble","Setup"],"picked":"SKIP","floor":12},{"not_picked":["Riddle With Holes","Sucker Punch"],"picked":"Slice","floor":13},{"not_picked":["Backflip","Endless Agony"],"picked":"PiercingWail","floor":14}],"player_experience":670359,"relics_obtained":[{"floor":6,"key":"Smiling Mask"},{"floor":8,"key":"Kunai"},{"floor":9,"key":"Bottled Flame"},{"floor":11,"key":"Tiny Chest"}],"event_choices":[{"damage_healed":23,"gold_gain":0,"player_choice":"Banana","damage_taken":0,"max_hp_gain":0,"max_hp_loss":0,"event_name":"Big Fish","floor":4,"gold_loss":0}],"is_beta":false,"boss_relics":[],"items_purged_floors":[],"is_endless":false,"potions_floor_spawned":[1,2,3,13,14],"killed_by":"Hexaghost","ascension_level":12}