{"path_per_floor":["M","M","M","$","M","E","R","?","T","?","E","M","E","$","R","B",null,"M","$","?","?","?","E","M","M","T","R","E","R","?","M","R","B",null,"M","?","$","?","M","E","M","R","T","M","M","$","?","T","R"],"character_chosen":"THE_SILENT","items_purchased":["Flying Knee","Well Laid Plans","Blade Dance","Quick Slash","Noxious Fumes","Escape Plan"],"gold_per_floor":[115,126,136,35,51,80,80,155,155,155,181,193,223,54,54,157,157,168,37,37,37,37,65,75,92,115,115,143,143,143,158,158,255,255,265,265,143,0,20,54,69,69,69,88,106,33,33,33,33],"floor_reached":50,"campfire_rested":3,"playtime":8927,"current_hp_per_floor":[69,69,69,69,64,20,41,30,30,70,48,44,44,44,44,21,70,58,58,58,42,42,36,30,25,25,25,3,24,24,22,43,9,70,70,70,70,70,70,45,45,45,45,57,51,51,51,51,51],"items_purged":["Strike_G","Strike_G","Pain"],"gold":33,"play_id":"d71059ca-b624-4096-b1d6-1273ea90deab","is_prod":false,"is_daily":false,"is_ascension_mode":false,"campfire_upgraded":4,"path_taken":["M","M","M","$","M","E","R","?","T","?","E","M","E","$","R","BOSS","M","$","?","?","?","E","M","?","T","R","E","R","?","?","R","BOSS","M","?","$","?","M","E","?","R","T","M","M","$","?","?","R","BOSS"],"build_version":"2018-02-01-PROD3","purchased_purges":5,"victory":false,"master_deck":["Defend_G+1","Defend_G","Defend_G","Defend_G","Defend_G+1","Strike_G","Strike_G","Survivor","Neutralize","Endless Agony","Footwork+1","PiercingWail+1","Flying Knee","Acrobatics","Footwork+1","Outmaneuver","Backstab","Noxious Fumes+1","Well Laid Plans","Burst+1","Writhe","Parasite","Choke","Blade Dance","Quick Slash","Backflip","Caltrops","Dodge and Roll","Calculated Gamble+1","Dodge and Roll+1","Wraith Form","Backflip","Noxious Fumes","PiercingWail+1","Escape Plan","Escape Plan","Dash","Bane+1","Flying Knee+1","Escape Plan","Noxious Fumes"],"max_hp_per_floor":[70,70,70,70,70,70,70,70,70,70,70,70,70,70,70,70,70,70,70,70,70,70,70,70,70,70,70,70,70,70,70,70,70,70,70,70,70,70,70,70,70,70,70,70,70,70,70,70,70],"relics":["Ring of the Snake","Sundial","Peace Pipe","Bag of Preparation","Du-Vu Doll","Calling Bell","Dodecahedron","Oddly Smooth Stone","Ancient Tea Set","Smiling Mask","Nilry\u0027s Codex","Anchor","War Paint","Bag of Marbles","The Specimen","Red Mask","Prayer Wheel","Bird Faced Urn","Gambling Chip"],"card_choices":[{"not_picked":["Terror","Slice"],"picked":"Endless Agony"},{"not_picked":["Well Laid Plans","Outmaneuver"],"picked":"Footwork"},{"not_picked":["Sucker Punch","Dagger Spray"],"picked":"PiercingWail"},{"not_picked":["Calculated Gamble","Doppelganger"],"picked":"Acrobatics"},{"not_picked":["Choke","Sucker Punch"],"picked":"Footwork"},{"not_picked":["Flying Knee","Catalyst"],"picked":"Outmaneuver"},{"not_picked":["Poisoned Stab","Terror"],"picked":"Backstab"},{"not_picked":["Malaise","Outmaneuver"],"picked":"Noxious Fumes"},{"not_picked":["Phantasmal Killer","Envenom"],"picked":"Burst"},{"not_picked":["Well Laid Plans","Outmaneuver"],"picked":"Choke"},{"not_picked":["Underhanded Strike","PiercingWail"],"picked":"Caltrops"},{"not_picked":["Flechettes","Well Laid Plans"],"picked":"Dodge and Roll"},{"not_picked":["Phantasmal Killer","PiercingWail"],"picked":"Calculated Gamble"},{"not_picked":["Heel Hook","Footwork"],"picked":"Dodge and Roll"},{"not_picked":["Night Terror","Doppelganger"],"picked":"Wraith Form"},{"not_picked":["Caltrops","Blade Dance"],"picked":"Backflip"},{"not_picked":["Sucker Punch","Slice"],"picked":"PiercingWail"},{"not_picked":["Deflect","Predator"],"picked":"Escape Plan"},{"not_picked":["Sucker Punch","Outmaneuver"],"picked":"Escape Plan"},{"not_picked":["Deadly Poison","Slice"],"picked":"Dash"},{"not_picked":["Underhanded Strike","Skewer"],"picked":"Bane"},{"not_picked":["Quick Slash","Endless Agony"],"picked":"Flying Knee"},{"not_picked":["Backflip","Dagger Throw"],"picked":"Noxious Fumes"}],"player_experience":86094,"potions_floor_usage":[13,13,16,16,23,25,33,33,40,41,50,50,50],"damage_taken":[{"damage":1,"enemies":"Jaw Worm","floor":1,"turns":5},{"damage":0,"enemies":"Small Slimes","floor":2,"turns":3},{"damage":0,"enemies":"Cultist","floor":3,"turns":4},{"damage":5,"enemies":"3 Louse","floor":5,"turns":6},{"damage":44,"enemies":"3 Sentries","floor":6,"turns":17},{"damage":22,"enemies":"Gremlin Nob","floor":11,"turns":6},{"damage":4,"enemies":"Gremlin Gang","floor":12,"turns":7},{"damage":0,"enemies":"3 Sentries","floor":13,"turns":8},{"damage":23,"enemies":"Hexaghost","floor":16,"turns":12},{"damage":12,"enemies":"Shell Parasite","floor":18,"turns":7},{"damage":6,"enemies":"Gremlin Leader","floor":23,"turns":7},{"damage":6,"enemies":"3 Byrds","floor":24,"turns":5},{"damage":5,"enemies":"Snake Plant","floor":25,"turns":6},{"damage":22,"enemies":"Slavers","floor":28,"turns":7},{"damage":2,"enemies":"Sentry and Sphere","floor":31,"turns":6},{"damage":34,"enemies":"Automaton","floor":33,"turns":11},{"damage":0,"enemies":"Orb Walker","floor":35,"turns":3},{"damage":0,"enemies":"3 Shapes","floor":39,"turns":4},{"damage":25,"enemies":"2 Orb Walkers","floor":40,"turns":6},{"damage":0,"enemies":"Maw","floor":41,"turns":9},{"damage":0,"enemies":"Sphere and 2 Shapes","floor":44,"turns":5},{"damage":24,"enemies":"3 Darklings","floor":45,"turns":7},{"damage":61,"enemies":"Awakened One","floor":50,"turns":6}],"event_choices":[{"event_name":"World of Goop","player_choice":"Gather Gold","floor":8,"damage_taken":0},{"event_name":"Wheel of Change","player_choice":"Full Heal","floor":10,"damage_taken":0},{"event_name":"The Mausoleum","player_choice":"Yes","floor":20,"damage_taken":0},{"event_name":"Cursed Tome","player_choice":"Obtained Book","floor":21,"damage_taken":0},{"event_name":"The Library","player_choice":"Read","floor":22,"damage_taken":0},{"event_name":"The Woman in Blue","player_choice":"Bought 0 Potions","floor":30,"damage_taken":0},{"event_name":"Upgrade Shrine","player_choice":"Upgraded","floor":36,"damage_taken":0},{"event_name":"Tomb of Lord Red Mask","player_choice":"Paid","floor":38,"damage_taken":0},{"event_name":"Bonfire Elementals","player_choice":"BASIC","floor":47,"damage_taken":0}],"boss_relics":[{"not_picked":["Eternal Feather","Runic Pyramid"],"picked":"Calling Bell"},{"not_picked":["Black Star","Question Card"],"picked":"The Specimen"}],"potions_floor_spawned":[3,11,12,13,18,23,24,31,33,39,40,45],"seed_played":"-5026411072294996398","killed_by":"Awakened One","ascension_level":0,"is_trial":false}