{"gold_per_floor":[116,128,128,145,163,163,176,176,231,264,282,317,317,367,367,472,472,486,486,486,501,426,451,451,169,196,530,541,575,575,591,591,694,694,710,22,41,53,67,85,97,123,123,223,223,234,248,262,262,262],"floor_reached":51,"playtime":4293,"items_purged":[],"score":763,"play_id":"9fc51c2f-4a8e-494f-b774-0ff52369d12f","local_time":"20190503010423","is_ascension_mode":true,"campfire_choices":[{"data":"Storm of Steel","floor":6.0,"key":"SMITH"},{"floor":13,"key":"REST"},{"data":"Noxious Fumes","floor":15,"key":"SMITH"},{"data":"Night Terror","floor":24,"key":"SMITH"},{"data":"Neutralize","floor":32,"key":"SMITH"},{"data":"Envenom","floor":45,"key":"SMITH"},{"data":"Infinite Blades","floor":49,"key":"SMITH"}],"neow_cost":"NONE","seed_source_timestamp":0,"circlet_count":0,"master_deck":["Defend_G+1","Defend_G+1","Defend_G+1","Defend_G+1","Defend_G+1","Survivor","Neutralize+1","Storm of Steel+1","Bouncing Flask","Infinite Blades+1","Noxious Fumes+1","Burst","PiercingWail","Cloak And Dagger+1","Night Terror+1","Flash of Steel","Deadly Poison","Bouncing Flask","Dagger Spray+1","Noxious Fumes","Envenom+1","Bane+1","Blur+1","Deadly Poison+1","Well Laid Plans","Dodge and Roll","Riddle With Holes","Endless Agony+1","Quick Slash+1","Backflip","Dodge and Roll+1","Flechettes+1","PiercingWail"],"special_seed":0,"relics":["Ring of the Serpent","Omamori","Kunai","Blood Vial","Happy Flower","Question Card","Mummified Hand","PreservedInsect","Strawberry","Old Coin","Lantern","Astrolabe","Snake Skull","Bottled Tornado","Dead Branch","Bird Faced Urn","Pocketwatch"],"potions_floor_usage":[12,23,23,29,33,46,46,46,50],"damage_taken":[{"damage":0.0,"enemies":"2 Louse","floor":1.0,"turns":3.0},{"damage":3.0,"enemies":"Jaw Worm","floor":2.0,"turns":4.0},{"damage":2.0,"enemies":"Small Slimes","floor":4.0,"turns":3.0},{"damage":6.0,"enemies":"Exordium Wildlife","floor":5.0,"turns":4.0},{"damage":22.0,"enemies":"Gremlin Gang","floor":7.0,"turns":5.0},{"damage":31.0,"enemies":"3 Sentries","floor":10.0,"turns":8.0},{"damage":8,"enemies":"2 Fungi Beasts","floor":11,"turns":3},{"damage":5,"enemies":"Gremlin Nob","floor":12,"turns":3},{"damage":19,"enemies":"The Guardian","floor":16,"turns":10},{"damage":5,"enemies":"Shell Parasite","floor":18,"turns":6},{"damage":0,"enemies":"Chosen","floor":21,"turns":4},{"damage":6,"enemies":"Gremlin Leader","floor":23,"turns":7},{"damage":17,"enemies":"Slavers","floor":27,"turns":5},{"damage":3,"enemies":"Centurion and Healer","floor":28,"turns":6},{"damage":9,"enemies":"Gremlin Leader","floor":29,"turns":6},{"damage":14,"enemies":"Snake Plant","floor":31,"turns":6},{"damage":46,"enemies":"Collector","floor":33,"turns":8},{"damage":6,"enemies":"3 Darklings","floor":35,"turns":6},{"damage":0,"enemies":"Orb Walker","floor":37,"turns":2},{"damage":17,"enemies":"Maw","floor":38,"turns":5},{"damage":7,"enemies":"Spire Growth","floor":39,"turns":3},{"damage":0,"enemies":"4 Shapes","floor":40,"turns":5},{"damage":3,"enemies":"Sphere and 2 Shapes","floor":41,"turns":6},{"damage":4,"enemies":"Giant Head","floor":42,"turns":5},{"damage":0,"enemies":"Mind Bloom Boss Battle","floor":44,"turns":5},{"damage":0,"enemies":"Transient","floor":46,"turns":5},{"damage":0,"enemies":"4 Shapes","floor":47,"turns":4},{"damage":0,"enemies":"Writhing Mass","floor":48,"turns":4},{"damage":36,"enemies":"Donu and Deca","floor":50,"turns":7}],"seed_played":"-1127974846840942756","potions_obtained":[{"floor":1.0,"key":"Weak Potion"},{"floor":2.0,"key":"Ancient Potion"},{"floor":10.0,"key":"Energy Potion"},{"floor":18,"key":"EssenceOfSteel"},{"floor":27,"key":"Regen Potion"},{"floor":37,"key":"Fire Potion"},{"floor":38,"key":"Poison Potion"},{"floor":46,"key":"Ancient Potion"},{"floor":47,"key":"AttackPotion"}],"is_trial":false,"path_per_floor":["M","M","?","M","M","R","M","?","T","E","M","E","R","T","R","B",null,"M","?","T","M","?","E","R","$","T","E","M","E","?","M","R","B",null,"M","$","M","M","M","M","M","E","T","?","R","M","M","M","R","B",null],"character_chosen":"THE_SILENT","items_purchased":["Flash of Steel","PreservedInsect","Deadly Poison","Snake Skull","Bottled Tornado","Well Laid Plans","Dodge and Roll","SkillPotion","Energy Potion","Riddle With Holes"],"campfire_rested":1,"item_purchase_floors":[25,25,25,36,36,36,36,36,36,36],"current_hp_per_floor":[70,67,60,58,52,52,30,53,53,22,14,9,30,30,30,13,70,65,65,65,67,67,63,63,63,70,55,54,62,67,55,55,11,77,71,71,73,58,53,55,54,52,52,68,68,77,77,77,77,49],"gold":262,"neow_bonus":"ONE_RANDOM_RARE_CARD","is_prod":false,"is_daily":false,"chose_seed":false,"campfire_upgraded":6,"win_rate":0,"timestamp":1556841863,"path_taken":["M","M","?","M","M","R","M","?","T","E","M","E","R","?","R","BOSS","M","?","?","?","?","E","R","$","T","E","M","E","?","M","R","BOSS","M","$","M","M","M","M","M","E","T","?","R","M","M","M","R","BOSS"],"build_version":"2019-01-23","purchased_purges":0,"victory":true,"max_hp_per_floor":[70,70,70,70,70,70,70,70,70,70,70,70,70,70,70,70,70,70,70,70,70,70,70,70,70,77,77,77,77,77,77,77,77,77,77,77,77,77,77,77,77,77,77,77,77,77,77,77,77,77],"card_choices":[{"not_picked":["Poisoned Stab","Dagger Spray"],"picked":"Bouncing Flask","floor":1.0},{"not_picked":["Riddle With Holes","Quick Slash","Blade Dance"],"picked":"SKIP","floor":2.0},{"not_picked":["Dagger Throw","Distraction","Flying Knee"],"picked":"SKIP","floor":4.0},{"not_picked":["Bullet Time","Flying Knee","Calculated Gamble"],"picked":"SKIP","floor":5.0},{"not_picked":["Acrobatics","Poisoned Stab"],"picked":"Dagger Spray","floor":7.0},{"not_picked":["Doppelganger","Quick Slash","Heel Hook"],"picked":"SKIP","floor":10.0},{"not_picked":["Distraction","Leg Sweep"],"picked":"Infinite Blades","floor":11},{"not_picked":["Backflip","Blade Dance"],"picked":"Noxious Fumes","floor":12},{"not_picked":["Wraith Form v2","Glass Knife"],"picked":"Burst","floor":16},{"not_picked":["Finisher","Dagger Spray+1"],"picked":"PiercingWail","floor":18},{"not_picked":["Distraction+1","Slice","Flechettes+1"],"picked":"Cloak And Dagger+1","floor":21},{"not_picked":["Blur","PiercingWail","Underhanded Strike+1"],"picked":"Night Terror","floor":23},{"not_picked":["Dagger Spray","Eviscerate","Dagger Throw"],"picked":"Bouncing Flask","floor":27},{"not_picked":["Quick Slash+1","Backflip","Footwork"],"picked":"Dagger Spray+1","floor":28},{"not_picked":["Prepared","Terror","Acrobatics","Caltrops"],"picked":"SKIP","floor":29},{"not_picked":["Blade Dance","Finisher","Predator"],"picked":"Noxious Fumes","floor":31},{"not_picked":["Adrenaline","Tools of the Trade","Malaise"],"picked":"Envenom","floor":33},{"not_picked":["Expertise","Blade Dance","Skewer","Terror"],"picked":"SKIP","floor":35},{"not_picked":["Reflex+1","Blur+1","Acrobatics"],"picked":"Endless Agony+1","floor":37},{"not_picked":["Backstab+1","Bane+1","Quick Slash+1","Outmaneuver"],"picked":"SKIP","floor":38},{"not_picked":["Blade Dance","Cloak And Dagger","Bane+1"],"picked":"Quick Slash+1","floor":39},{"not_picked":["Prepared+1","Underhanded Strike+1","Poisoned Stab+1"],"picked":"Backflip","floor":40},{"not_picked":["Outmaneuver","Predator","Caltrops+1","Accuracy+1"],"picked":"SKIP","floor":41},{"not_picked":["Night Terror","Acrobatics","Tactician+1"],"picked":"Dodge and Roll+1","floor":42},{"not_picked":["Backflip","Deflect","Bane"],"picked":"Flechettes+1","floor":46},{"not_picked":["Backstab+1","Dagger Spray","Acrobatics"],"picked":"PiercingWail","floor":47},{"not_picked":["Deadly Poison","Dash","Predator+1","Sucker Punch+1"],"picked":"SKIP","floor":48}],"player_experience":928695,"relics_obtained":[{"floor":9.0,"key":"Omamori"},{"floor":10.0,"key":"Kunai"},{"floor":12,"key":"Blood Vial"},{"floor":14,"key":"Happy Flower"},{"floor":20,"key":"Question Card"},{"floor":23,"key":"Mummified Hand"},{"floor":26,"key":"Strawberry"},{"floor":27,"key":"Old Coin"},{"floor":29,"key":"Lantern"},{"floor":42,"key":"Dead Branch"},{"floor":43,"key":"Bird Faced Urn"},{"floor":44,"key":"Pocketwatch"}],"event_choices":[{"cards_removed":["Strike_G"],"damage_healed":0.0,"max_hp_gain":0.0,"max_hp_loss":0.0,"gold_gain":0.0,"event_name":"Golden Wing","player_choice":"Card Removal","floor":3.0,"gold_loss":0.0,"damage_taken":7.0},{"damage_healed":23.0,"max_hp_gain":0.0,"max_hp_loss":0.0,"gold_gain":0.0,"event_name":"Big Fish","player_choice":"Banana","floor":8.0,"gold_loss":0.0,"damage_taken":0.0},{"damage_healed":0,"gold_gain":0,"player_choice":"Simplicity","damage_taken":0,"max_hp_gain":0,"max_hp_loss":0,"event_name":"Back to Basics","floor":19,"gold_loss":0,"cards_upgraded":["Defend_G","Defend_G","Defend_G","Defend_G","Defend_G","Strike_G","Strike_G","Strike_G","Strike_G"]},{"cards_removed":["Strike_G"],"damage_healed":0,"gold_gain":0,"player_choice":"Gave Gold","damage_taken":0,"max_hp_gain":0,"max_hp_loss":0,"event_name":"Beggar","floor":22,"gold_loss":75},{"cards_removed":["Dagger Spray"],"damage_healed":5,"gold_gain":0,"player_choice":"Offered Common","damage_taken":0,"max_hp_gain":0,"max_hp_loss":0,"event_name":"Bonfire Elementals","floor":30,"gold_loss":0},{"cards_removed":["Dagger Spray"],"damage_healed":5,"gold_gain":0,"player_choice":"Offered Special","damage_taken":0,"max_hp_gain":0,"max_hp_loss":0,"event_name":"Bonfire Elementals","floor":30,"gold_loss":0},{"damage_healed":0,"gold_gain":0,"player_choice":"Fight","damage_taken":0,"max_hp_gain":0,"max_hp_loss":0,"event_name":"MindBloom","floor":44,"gold_loss":0}],"is_beta":false,"boss_relics":[{"not_picked":["HoveringKite","Busted Crown"],"picked":"Ring of the Serpent"},{"not_picked":["White Beast Statue","Calling Bell"],"picked":"Astrolabe"}],"items_purged_floors":[],"is_endless":false,"potions_floor_spawned":[1,2,10,11,18,27,37,38,41,46,47],"ascension_level":1}