{"gold_per_floor":[110,60,60,72,92,122,122,182,233,458,53,53,69,119,119,224,224,240,300,10,60,210,244,255,265,341,368,418,418,445,506,506,605,605,623,773,873,888,899,933,944,962,962,296,314,374,374,407,407,407,407,407,106,131,131],"floor_reached":56,"playtime":8590,"items_purged":["Doubt","Regret","Concentrate"],"score":1529,"play_id":"91a0e9b1-bc83-40d1-b893-76d5e0bd3f8c","local_time":"20190409204013","is_ascension_mode":true,"campfire_choices":[{"data":"Catalyst","floor":7.0,"key":"SMITH"},{"data":"After Image","floor":12.0,"key":"SMITH"},{"data":"Footwork","floor":15.0,"key":"SMITH"},{"data":"Adrenaline","floor":29.0,"key":"SMITH"},{"data":"Bullet Time","floor":32.0,"key":"SMITH"},{"floor":47,"key":"RECALL"},{"data":"1","floor":49,"key":"LIFT"},{"data":"2","floor":52,"key":"LIFT"}],"neow_cost":"NONE","seed_source_timestamp":0,"circlet_count":0,"master_deck":["Defend_G","Defend_G","Defend_G","Defend_G","Defend_G","Strike_G","Strike_G","Strike_G","Strike_G","Survivor","Neutralize","Deadly Poison","Leg Sweep","Catalyst+1","Crippling Poison","After Image+1","Acrobatics","Footwork+1","Adrenaline+1","Bullet Time+1","Backstab+1","Concentrate+1","Noxious Fumes+1","Poisoned Stab+1","Crippling Poison","Dash","Backflip","Noxious Fumes+1","Terror","Dagger Spray+1","Envenom+1","Backflip","Crippling Poison","Dodge and Roll+1","Predator","Backstab","Noxious Fumes+1","Deadly Poison+1","Mayhem+1","Escape Plan+1","Tools of the Trade+1","Choke+1"],"special_seed":0,"relics":["Ring of the Snake","NeowsBlessing","SsserpentHead","Gremlin Horn","Anchor","Omamori","Runic Pyramid","Frozen Egg 2","Letter Opener","Girya","Smiling Mask","Bottled Tornado","Bird Faced Urn","Ancient Tea Set","Orichalcum","Cursed Key","Thread and Needle","Regal Pillow","Toxic Egg 2","Toolbox","Centennial Puzzle","Bronze Scales","Shuriken","Art of War"],"potions_floor_usage":[55,55,55],"damage_taken":[{"damage":0.0,"enemies":"2 Louse","floor":1.0,"turns":1.0},{"damage":0.0,"enemies":"Jaw Worm","floor":4.0,"turns":1.0},{"damage":0.0,"enemies":"Cultist","floor":5.0,"turns":1.0},{"damage":20.0,"enemies":"Lagavulin","floor":6.0,"turns":8.0},{"damage":8.0,"enemies":"Exordium Wildlife","floor":8.0,"turns":5.0},{"damage":4.0,"enemies":"3 Louse","floor":13.0,"turns":6.0},{"damage":32.0,"enemies":"Slime Boss","floor":16.0,"turns":23.0},{"damage":0.0,"enemies":"3 Byrds","floor":18.0,"turns":6.0},{"damage":0.0,"enemies":"Spheric Guardian","floor":19.0,"turns":4.0},{"damage":6.0,"enemies":"Colosseum Slavers","floor":22.0,"turns":6.0},{"damage":26.0,"enemies":"Colosseum Nobs","floor":22.0,"turns":7.0},{"damage":6.0,"enemies":"Book of Stabbing","floor":23.0,"turns":5.0},{"damage":0.0,"enemies":"Chosen and Byrds","floor":24.0,"turns":5.0},{"damage":0.0,"enemies":"Centurion and Healer","floor":25.0,"turns":6.0},{"damage":7.0,"enemies":"Gremlin Leader","floor":27.0,"turns":6.0},{"damage":0.0,"enemies":"Book of Stabbing","floor":30.0,"turns":5.0},{"damage":3.0,"enemies":"Snake Plant","floor":31.0,"turns":4.0},{"damage":4.0,"enemies":"Collector","floor":33.0,"turns":6.0},{"damage":6,"enemies":"3 Shapes","floor":35,"turns":4},{"damage":0,"enemies":"Mind Bloom Boss Battle","floor":36,"turns":6},{"damage":0,"enemies":"3 Darklings","floor":38,"turns":5},{"damage":0,"enemies":"Sphere and 2 Shapes","floor":39,"turns":4},{"damage":0,"enemies":"Giant Head","floor":40,"turns":7},{"damage":11,"enemies":"4 Shapes","floor":41,"turns":5},{"damage":0,"enemies":"3 Darklings","floor":42,"turns":4},{"damage":0,"enemies":"Jaw Worm Horde","floor":45,"turns":4},{"damage":0,"enemies":"Sphere and 2 Shapes","floor":46,"turns":4},{"damage":4,"enemies":"Reptomancer","floor":48,"turns":5},{"damage":0,"enemies":"Time Eater","floor":50,"turns":8},{"damage":40,"enemies":"Shield and Spear","floor":54,"turns":8},{"damage":15,"enemies":"The Heart","floor":55,"turns":9}],"seed_played":"-6970047731938386279","potions_obtained":[{"floor":6.0,"key":"PowerPotion"},{"floor":8.0,"key":"EssenceOfSteel"},{"floor":16.0,"key":"LiquidBronze"},{"floor":18.0,"key":"Regen Potion"},{"floor":19.0,"key":"Block Potion"},{"floor":22.0,"key":"SkillPotion"},{"floor":30.0,"key":"Swift Potion"},{"floor":42,"key":"GhostInAJar"},{"floor":45,"key":"Dexterity Potion"}],"is_trial":false,"path_per_floor":["M","?","?","M","M","E","R","M","T","?","$","R","M","?","R","B",null,"M","M","$","?","?","E","M","M","T","E","?","R","E","M","R","B",null,"M","?","T","M","M","E","M","M","T","$","M","M","R","E","R","B",null,"R","$","E","B",null],"character_chosen":"THE_SILENT","items_purchased":["After Image","Omamori","Acrobatics","Frozen Egg 2","Noxious Fumes+1","Noxious Fumes+1","Toolbox","Centennial Puzzle","Deadly Poison+1","Mayhem+1","Shuriken"],"campfire_rested":0,"item_purchase_floors":[11,11,11,20,20,44,44,44,44,44,53],"current_hp_per_floor":[70,70,70,70,70,50,50,42,42,42,42,42,38,38,38,6,70,70,70,70,57,39,33,33,33,33,26,26,26,34,39,39,43,75,71,75,75,75,75,75,64,68,68,68,75,75,75,75,75,75,75,75,75,43,44],"gold":131,"neow_bonus":"THREE_ENEMY_KILL","is_prod":false,"is_daily":false,"chose_seed":false,"campfire_upgraded":5,"win_rate":0,"timestamp":1554831613,"path_taken":["M","?","?","M","M","E","R","?","T","?","$","R","M","?","R","BOSS","M","?","$","?","?","E","M","M","T","E","?","R","E","?","R","BOSS","M","?","?","M","M","E","M","M","T","$","M","?","R","E","R","BOSS","R","$","E","BOSS"],"build_version":"2019-01-23","purchased_purges":3,"victory":true,"max_hp_per_floor":[70,70,70,70,70,70,70,70,70,70,70,70,70,70,70,70,70,70,70,70,75,75,75,75,75,75,75,75,75,75,75,75,75,75,75,75,75,75,75,75,75,75,75,75,75,75,75,75,75,75,75,75,75,75,75],"card_choices":[{"not_picked":["Sucker Punch","Prepared"],"picked":"Deadly Poison","floor":1.0},{"not_picked":["Dash","Cloak And Dagger"],"picked":"Leg Sweep","floor":4.0},{"not_picked":["Calculated Gamble","Concentrate"],"picked":"Catalyst","floor":5.0},{"not_picked":["Dodge and Roll","Distraction"],"picked":"Crippling Poison","floor":6.0},{"not_picked":["Quick Slash","Dagger Spray"],"picked":"Concentrate","floor":8.0},{"not_picked":["Catalyst","Poisoned Stab"],"picked":"Footwork","floor":13.0},{"not_picked":["Grand Finale","Phantasmal Killer"],"picked":"Bullet Time","floor":16.0},{"not_picked":["PiercingWail","Flying Knee"],"picked":"Backstab+1","floor":18.0},{"not_picked":["Deflect","Tactician+1"],"picked":"Concentrate+1","floor":19.0},{"not_picked":["Endless Agony+1","Quick Slash"],"picked":"Poisoned Stab+1","floor":22.0},{"not_picked":["Deflect","Eviscerate"],"picked":"Crippling Poison","floor":23.0},{"not_picked":["Phantasmal Killer","Deadly Poison"],"picked":"Dash","floor":24.0},{"not_picked":["Accuracy+1","Deflect+1"],"picked":"Backflip","floor":25.0},{"not_picked":["Envenom+1","Outmaneuver"],"picked":"Noxious Fumes+1","floor":27.0},{"not_picked":["Quick Slash+1","Slice"],"picked":"Terror","floor":30.0},{"not_picked":["Flying Knee","Underhanded Strike"],"picked":"Dagger Spray+1","floor":31.0},{"not_picked":["Die Die Die","Venomology"],"picked":"Envenom+1","floor":33.0},{"not_picked":["Distraction+1","Infinite Blades+1","Blade Dance+1"],"picked":"SKIP","floor":35},{"not_picked":["Dagger Spray+1","Concentrate+1"],"picked":"Backflip","floor":36},{"not_picked":["Heel Hook+1","Outmaneuver"],"picked":"Crippling Poison","floor":38},{"not_picked":["Flying Knee+1","Blade Dance+1"],"picked":"Dodge and Roll+1","floor":39},{"not_picked":["Dodge and Roll","Endless Agony+1","Eviscerate+1"],"picked":"SKIP","floor":40},{"not_picked":["Concentrate+1","Slice"],"picked":"Predator","floor":41},{"not_picked":["Bane","Dodge and Roll"],"picked":"Backstab","floor":42},{"not_picked":["Poisoned Stab","Predator+1","Blade Dance+1"],"picked":"SKIP","floor":45},{"not_picked":["Outmaneuver+1","Sucker Punch"],"picked":"Escape Plan+1","floor":46},{"not_picked":["Acrobatics+1","Quick Slash"],"picked":"Tools of the Trade+1","floor":48},{"not_picked":["PiercingWail+1","Quick Slash+1"],"picked":"Choke+1","floor":54}],"player_experience":63368,"relics_obtained":[{"floor":6.0,"key":"Gremlin Horn"},{"floor":9.0,"key":"Anchor"},{"floor":22.0,"key":"Letter Opener"},{"floor":22.0,"key":"Girya"},{"floor":23.0,"key":"Smiling Mask"},{"floor":26.0,"key":"Bottled Tornado"},{"floor":27.0,"key":"Bird Faced Urn"},{"floor":30.0,"key":"Orichalcum"},{"floor":36,"key":"Thread and Needle"},{"floor":40,"key":"Regal Pillow"},{"floor":43,"key":"Toxic Egg 2"},{"floor":48,"key":"Bronze Scales"},{"floor":54,"key":"Art of War"}],"event_choices":[{"cards_removed":["Strike_G"],"damage_healed":0.0,"max_hp_gain":0.0,"max_hp_loss":0.0,"gold_gain":0.0,"event_name":"The Cleric","player_choice":"Card Removal","floor":2.0,"gold_loss":50.0,"damage_taken":0.0},{"damage_healed":0.0,"max_hp_gain":0.0,"max_hp_loss":0.0,"gold_gain":0.0,"event_name":"FaceTrader","player_choice":"Trade","floor":3.0,"gold_loss":0.0,"damage_taken":0.0,"relics_obtained":["SsserpentHead"]},{"damage_healed":0.0,"max_hp_gain":0.0,"max_hp_loss":0.0,"gold_gain":175.0,"event_name":"Liars Game","player_choice":"AGREE","floor":10.0,"gold_loss":0.0,"damage_taken":0.0,"cards_obtained":["Doubt"]},{"damage_healed":0.0,"max_hp_gain":0.0,"max_hp_loss":0.0,"gold_gain":0.0,"event_name":"Match and Keep!","player_choice":"1 cards matched","floor":14.0,"gold_loss":0.0,"damage_taken":0.0,"cards_obtained":["Adrenaline"]},{"damage_healed":0.0,"max_hp_gain":5.0,"max_hp_loss":0.0,"gold_gain":0.0,"event_name":"Forgotten Altar","player_choice":"Shed Blood","floor":21.0,"gold_loss":0.0,"damage_taken":18.0},{"damage_healed":0.0,"max_hp_gain":0.0,"max_hp_loss":0.0,"gold_gain":0.0,"event_name":"Colosseum","player_choice":"Fight","floor":22.0,"gold_loss":0.0,"damage_taken":0.0},{"damage_healed":0.0,"max_hp_gain":0.0,"max_hp_loss":0.0,"gold_gain":0.0,"event_name":"Colosseum","player_choice":"Fought Nobs","floor":22.0,"gold_loss":0.0,"damage_taken":0.0},{"damage_healed":0.0,"max_hp_gain":0.0,"max_hp_loss":0.0,"gold_gain":0.0,"event_name":"Addict","player_choice":"Stole Relic","floor":28.0,"gold_loss":0.0,"damage_taken":0.0,"relics_obtained":["Ancient Tea Set"],"cards_obtained":["Shame"]},{"damage_healed":0,"gold_gain":0,"player_choice":"Fight","damage_taken":0,"max_hp_gain":0,"max_hp_loss":0,"event_name":"MindBloom","floor":36,"gold_loss":0}],"is_beta":false,"boss_relics":[{"not_picked":["Orrery","Tiny House"],"picked":"Runic Pyramid"},{"not_picked":["Busted Crown","Velvet Choker"],"picked":"Cursed Key"}],"items_purged_floors":[11,44,53],"is_endless":false,"potions_floor_spawned":[6,8,16,18,19,22,25,30,38,41,42,45,54],"ascension_level":3}