{"gold_per_floor":[117,117,132,149,161,161,174,194,194,194,194,194,38,69,69,200,200,225,225,5,19,33,33,66,66,66,84,100,115,131,164,164,288,288,312,331,331,347,70,70,88,88,159,159,4,23,38,56,56,56,56,56,4,4],"floor_reached":54,"playtime":5131,"items_purged":["Defend_G"],"score":735,"play_id":"831ab915-8034-4e52-9c72-22c28fa83086","local_time":"20181229225038","is_ascension_mode":false,"campfire_choices":[{"floor":6,"key":"RECALL"},{"data":"Noxious Fumes","floor":10,"key":"SMITH"},{"data":"Neutralize","floor":12,"key":"SMITH"},{"data":"Catalyst","floor":15,"key":"SMITH"},{"data":"Burst","floor":23,"key":"SMITH"},{"data":"Dodge and Roll","floor":25,"key":"SMITH"},{"floor":32,"key":"REST"},{"data":"Burst","floor":40,"key":"SMITH"},{"data":"Backflip","floor":42,"key":"SMITH"},{"data":"Dodge and Roll","floor":44,"key":"SMITH"},{"floor":49,"key":"REST"},{"data":"Backflip","floor":52,"key":"SMITH"}],"neow_cost":"NONE","seed_source_timestamp":775414514699263,"circlet_count":0,"master_deck":["Defend_G","Defend_G","Defend_G","Defend_G","Strike_G","Strike_G","Strike_G","Strike_G","Survivor","Neutralize+1","Catalyst+1","Backflip+1","Flying Knee","Noxious Fumes+1","Dodge and Roll+1","Malaise+1","Venomology","Dodge and Roll+1","Burst+1","Acrobatics","Footwork+1","Backflip+1","Heel Hook+1","After Image","Backstab+1","After Image","Dagger Spray+1","Footwork+1","Deadly Poison+1","Burst+1","Well Laid Plans","Cloak And Dagger+1","Dodge and Roll+1"],"relics":["Ring of the Snake","Art of War","Golden Idol","Anchor","Strawberry","Lizard Tail","Blue Candle","Oddly Smooth Stone","Letter Opener","Orrery","GremlinMask","Lee\u0027s Waffle","Kunai","Snake Skull"],"potions_floor_usage":[16,18,18,21,22,24,24,27,29,29,29,31,31,33,33,33,36,38,41,41,47,50,50,50,54,54,54],"damage_taken":[{"damage":0,"enemies":"Jaw Worm","floor":1,"turns":7},{"damage":10,"enemies":"Cultist","floor":3,"turns":4},{"damage":2,"enemies":"Small Slimes","floor":4,"turns":5},{"damage":5,"enemies":"3 Louse","floor":5,"turns":5},{"damage":3,"enemies":"Red Slaver","floor":7,"turns":5},{"damage":2,"enemies":"Looter","floor":8,"turns":4},{"damage":10,"enemies":"Lagavulin","floor":14,"turns":7},{"damage":0,"enemies":"Hexaghost","floor":16,"turns":10},{"damage":1,"enemies":"3 Byrds","floor":18,"turns":5},{"damage":12,"enemies":"2 Thieves","floor":21,"turns":4},{"damage":12,"enemies":"Centurion and Healer","floor":22,"turns":8},{"damage":3,"enemies":"Gremlin Leader","floor":24,"turns":8},{"damage":0,"enemies":"Snake Plant","floor":27,"turns":6},{"damage":1,"enemies":"Snecko","floor":28,"turns":7},{"damage":8,"enemies":"Shelled Parasite and Fungi","floor":29,"turns":8},{"damage":19,"enemies":"Sentry and Sphere","floor":30,"turns":8},{"damage":11,"enemies":"Slavers","floor":31,"turns":8},{"damage":15,"enemies":"Champ","floor":33,"turns":19},{"damage":1,"enemies":"Orb Walker","floor":35,"turns":6},{"damage":0,"enemies":"3 Darklings","floor":36,"turns":7},{"damage":27,"enemies":"Transient","floor":38,"turns":5},{"damage":18,"enemies":"Writhing Mass","floor":41,"turns":7},{"damage":15,"enemies":"3 Darklings","floor":46,"turns":6},{"damage":20,"enemies":"Transient","floor":47,"turns":5},{"damage":34,"enemies":"Jaw Worm Horde","floor":48,"turns":5},{"damage":28,"enemies":"Time Eater","floor":50,"turns":13},{"damage":88,"enemies":"Shield and Spear","floor":54,"turns":6}],"seed_played":"-6345755638329135718","potions_obtained":[{"floor":1,"key":"PowerPotion"},{"floor":4,"key":"Dexterity Potion"},{"floor":5,"key":"Block Potion"},{"floor":16,"key":"Swift Potion"},{"floor":21,"key":"FearPotion"},{"floor":46,"key":"Poison Potion"}],"is_trial":false,"path_per_floor":["M","?","M","M","M","R","M","M","T","R","?","R","$","E","R","B",null,"M","?","$","M","M","R","E","R","T","M","M","M","M","E","R","B",null,"M","M","?","M","$","R","M","R","T","R","$","M","M","M","R","B",null,"R","$","E"],"character_chosen":"THE_SILENT","items_purchased":["Anchor","Burst","Well Laid Plans","Lee\u0027s Waffle","Snake Skull","Energy Potion"],"campfire_rested":2,"item_purchase_floors":[13,20,39,39,45,53],"current_hp_per_floor":[70,70,60,58,53,53,50,48,48,48,31,31,31,28,28,28,77,76,76,76,64,52,52,49,49,49,49,48,40,21,10,33,18,77,76,76,76,49,84,84,66,66,66,66,66,51,31,42,67,39,84,84,84,0],"gold":4,"neow_bonus":"RANDOM_COMMON_RELIC","is_prod":false,"is_daily":false,"chose_seed":false,"campfire_upgraded":9,"win_rate":0,"timestamp":1546123838,"path_taken":["M","?","?","M","M","R","M","M","T","R","?","R","$","E","R","BOSS","M","?","$","M","M","R","E","R","T","M","M","?","M","E","R","BOSS","M","M","?","M","$","R","M","R","T","R","?","M","M","?","R","BOSS","R","$","E"],"build_version":"2018-12-20","purchased_purges":1,"victory":false,"max_hp_per_floor":[70,70,70,70,70,70,70,70,70,70,70,70,70,77,77,77,77,77,77,77,77,77,77,77,77,77,77,77,77,77,77,77,77,77,77,77,77,77,84,84,84,84,84,84,84,84,84,84,84,84,84,84,84,84],"card_choices":[{"not_picked":["Terror","Backflip"],"picked":"Catalyst","floor":1},{"not_picked":["Backstab","Reflex"],"picked":"Backflip","floor":3},{"not_picked":["Cloak And Dagger","Expertise"],"picked":"Flying Knee","floor":4},{"not_picked":["Prepared","Predator","Endless Agony"],"picked":"SKIP","floor":5},{"not_picked":["PiercingWail","Outmaneuver"],"picked":"Noxious Fumes","floor":7},{"not_picked":["Dagger Spray","Cloak And Dagger"],"picked":"Dodge and Roll","floor":8},{"not_picked":["PiercingWail","Deadly Poison"],"picked":"Malaise","floor":14},{"not_picked":["Wraith Form v2","Grand Finale"],"picked":"Venomology","floor":16},{"not_picked":["Distraction+1","Deflect"],"picked":"Dodge and Roll","floor":18},{"not_picked":["Dagger Throw","Bane+1"],"picked":"Acrobatics","floor":21},{"not_picked":["Tactician","Acrobatics"],"picked":"Footwork+1","floor":22},{"not_picked":["Terror","Underhanded Strike+1"],"picked":"Backflip","floor":24},{"not_picked":["Eviscerate","Outmaneuver"],"picked":"Heel Hook+1","floor":27},{"not_picked":["Calculated Gamble","Tactician"],"picked":"After Image","floor":28},{"not_picked":["Endless Agony+1","Terror","Flying Knee"],"picked":"SKIP","floor":29},{"not_picked":["Dagger Throw","Expertise+1","Caltrops"],"picked":"SKIP","floor":30},{"not_picked":["Poisoned Stab+1","Prepared"],"picked":"Backstab+1","floor":31},{"not_picked":["Night Terror","Tools of the Trade"],"picked":"After Image","floor":33},{"not_picked":["Caltrops+1","Blade Dance"],"picked":"Dagger Spray+1","floor":34},{"not_picked":["Dagger Spray+1","Dodge and Roll"],"picked":"Footwork+1","floor":34},{"not_picked":["Quick Slash","Terror+1","All Out Attack+1"],"picked":"SKIP","floor":35},{"not_picked":["Dagger Spray+1","PiercingWail"],"picked":"Deadly Poison+1","floor":36},{"not_picked":["Catalyst+1","Poisoned Stab"],"picked":"Burst","floor":38},{"not_picked":["Underhanded Strike","Masterful Stab+1","Flying Knee+1"],"picked":"SKIP","floor":41},{"not_picked":["Acrobatics","Dagger Throw"],"picked":"Cloak And Dagger+1","floor":46},{"not_picked":["Poisoned Stab","Quick Slash+1"],"picked":"Dodge and Roll+1","floor":47},{"not_picked":["Sucker Punch+1","Reflex+1","Riddle With Holes+1"],"picked":"SKIP","floor":48}],"player_experience":425126,"relics_obtained":[{"floor":14,"key":"Strawberry"},{"floor":24,"key":"Blue Candle"},{"floor":26,"key":"Oddly Smooth Stone"},{"floor":31,"key":"Letter Opener"},{"floor":43,"key":"Kunai"}],"event_choices":[{"cards_removed":["Strike_G"],"damage_healed":0,"gold_gain":0,"player_choice":"Purged","damage_taken":0,"max_hp_gain":0,"max_hp_loss":0,"event_name":"Purifier","floor":2,"gold_loss":0},{"damage_healed":0,"gold_gain":0,"player_choice":"Take Damage","damage_taken":17,"relics_obtained":["Golden Idol"],"max_hp_gain":0,"max_hp_loss":0,"event_name":"Golden Idol","floor":11,"gold_loss":0},{"damage_healed":0,"gold_gain":0,"player_choice":"Upgraded","damage_taken":0,"max_hp_gain":0,"max_hp_loss":0,"event_name":"Upgrade Shrine","floor":19,"gold_loss":0,"cards_upgraded":["Malaise"]},{"damage_healed":0,"gold_gain":0,"player_choice":"Trade","damage_taken":0,"relics_obtained":["GremlinMask"],"max_hp_gain":0,"max_hp_loss":0,"event_name":"FaceTrader","floor":37,"gold_loss":0}],"is_beta":false,"boss_relics":[{"not_picked":["Runic Pyramid","Calling Bell"],"picked":"Lizard Tail"},{"not_picked":["WristBlade","Eternal Feather"],"picked":"Orrery"}],"items_purged_floors":[20],"is_endless":false,"potions_floor_spawned":[1,4,5,8,14,16,21,22,28,35,46,47],"killed_by":"Shield and Spear","ascension_level":0}