{"gold_per_floor":[113,127,138,138,157,157,107,25,25,45,65,81,93,112,112,211,211],"floor_reached":17,"playtime":740,"items_purged":[],"score":153,"play_id":"4fb06915-0f3e-4f4b-9798-5fbf1c810291","local_time":"20190226231531","is_ascension_mode":false,"campfire_choices":[{"floor":6,"key":"REST"},{"floor":15,"key":"REST"}],"neow_cost":"NONE","seed_source_timestamp":423812219146373,"circlet_count":0,"master_deck":["Defend_G","Defend_G","Defend_G","Defend_G","Defend_G","Strike_G","Strike_G","Strike_G","Survivor","Neutralize","Flechettes","Backflip","Dagger Spray","Noxious Fumes","Heel Hook","Acrobatics","Dagger Spray","Dash","Deadly Poison","Terror","Venomology"],"relics":["Fusion Hammer"],"potions_floor_usage":[12],"damage_taken":[{"damage":0,"enemies":"2 Louse","floor":1,"turns":3},{"damage":0,"enemies":"Small Slimes","floor":2,"turns":3},{"damage":3,"enemies":"Jaw Worm","floor":3,"turns":4},{"damage":5,"enemies":"Gremlin Gang","floor":5,"turns":3},{"damage":0,"enemies":"3 Louse","floor":10,"turns":3},{"damage":0,"enemies":"2 Fungi Beasts","floor":11,"turns":4},{"damage":2,"enemies":"Large Slime","floor":12,"turns":4},{"damage":0,"enemies":"Looter","floor":13,"turns":3},{"damage":0,"enemies":"3 Louse","floor":14,"turns":2},{"damage":52,"enemies":"The Guardian","floor":16,"turns":10}],"seed_played":"7128603988049423278","potions_obtained":[{"floor":1,"key":"PowerPotion"},{"floor":5,"key":"Poison Potion"},{"floor":10,"key":"AttackPotion"}],"is_trial":false,"path_per_floor":["M","M","M","?","M","R","?","$","T","M","M","M","M","M","R","B",null],"character_chosen":"THE_SILENT","items_purchased":["Heel Hook"],"campfire_rested":2,"item_purchase_floors":[8],"current_hp_per_floor":[70,70,67,60,55,70,70,70,70,70,70,68,68,68,70,18,70],"gold":211,"neow_bonus":"BOSS_RELIC","is_prod":false,"is_daily":false,"chose_seed":false,"campfire_upgraded":0,"win_rate":0,"timestamp":1551222931,"path_taken":["M","M","M","?","M","R","?","?","T","M","?","M","M","M","R","BOSS"],"build_version":"2019-01-23","purchased_purges":0,"victory":false,"max_hp_per_floor":[70,70,70,70,70,70,70,70,70,70,70,70,70,70,70,70,70],"card_choices":[{"not_picked":["Endless Agony","Poisoned Stab"],"picked":"Flechettes","floor":1},{"not_picked":["Poisoned Stab","Bane"],"picked":"Backflip","floor":2},{"not_picked":["Distraction","Dodge and Roll"],"picked":"Dagger Spray","floor":3},{"not_picked":["Calculated Gamble","Slice"],"picked":"Noxious Fumes","floor":5},{"not_picked":["Dodge and Roll","Distraction"],"picked":"Acrobatics","floor":10},{"not_picked":["Blade Dance","Phantasmal Killer"],"picked":"Dagger Spray","floor":11},{"not_picked":["Underhanded Strike","Quick Slash"],"picked":"Dash","floor":12},{"not_picked":["Deflect","Slice"],"picked":"Deadly Poison","floor":13},{"not_picked":["Deflect","Bane"],"picked":"Terror","floor":14},{"not_picked":["Phantasmal Killer","A Thousand Cuts"],"picked":"Venomology","floor":16}],"player_experience":513598,"relics_obtained":[],"event_choices":[{"cards_removed":["Strike_G"],"damage_healed":0,"gold_gain":0,"player_choice":"Card Removal","damage_taken":7,"max_hp_gain":0,"max_hp_loss":0,"event_name":"Golden Wing","floor":4,"gold_loss":0},{"cards_removed":["Strike_G"],"damage_healed":0,"gold_gain":0,"player_choice":"Card Removal","damage_taken":0,"max_hp_gain":0,"max_hp_loss":0,"event_name":"The Cleric","floor":7,"gold_loss":50}],"is_beta":false,"boss_relics":[{"not_picked":[]}],"items_purged_floors":[],"is_endless":false,"potions_floor_spawned":[1,5,10],"ascension_level":0}