{"gold_per_floor":[114,129,149,149,167,199,209,209,209,209,236,236,268,268,268,346,346,362,121,121,133,145,176,176,201,224,61,76,76,126,156,156,232,232,242,252,252,271,371,371,399,419,470,482,482,146,157,72,72,72,72,72,72,16,51,51],"floor_reached":57,"playtime":4464,"items_purged":["Strike_G"],"score":2695,"play_id":"de74b72b-0d77-4061-b602-ae016743934d","local_time":"20190422192449","is_ascension_mode":true,"campfire_choices":[{"data":"Crippling Poison","floor":8.0,"key":"SMITH"},{"data":"Noxious Fumes","floor":12.0,"key":"SMITH"},{"floor":15.0,"key":"REST"},{"floor":24.0,"key":"REST"},{"floor":29.0,"key":"REST"},{"floor":32.0,"key":"REST"},{"data":"Catalyst","floor":40.0,"key":"SMITH"},{"data":"Burst","floor":45.0,"key":"SMITH"},{"floor":49.0,"key":"RECALL"},{"floor":53.0,"key":"REST"}],"neow_cost":"NONE","seed_source_timestamp":941617947418286,"circlet_count":0,"master_deck":["AscendersBane","Defend_G","Defend_G","Defend_G","Defend_G","Defend_G","Strike_G","Survivor","Neutralize+1","Poisoned Stab","Dash","Crippling Poison+1","Deadly Poison","Masterful Stab","PiercingWail","Noxious Fumes+1","Backstab+1","Wraith Form v2+1","Finisher+1","Footwork+1","Dramatic Entrance+1","Dagger Throw+1","Dagger Spray+1","Die Die Die+1","Noxious Fumes+1","Infinite Blades+1","Catalyst+1","Well Laid Plans+1","Catalyst","Burst+1","Footwork+1","Acrobatics","PiercingWail+1","Dodge and Roll","Footwork+1","Caltrops+1","Dodge and Roll","Dodge and Roll+1"],"special_seed":0,"relics":["Ring of the Snake","Pantograph","Molten Egg 2","Letter Opener","Mummified Hand","Frozen Egg 2","Sozu","Tough Bandages","Kunai","Omamori","Bag of Preparation","Empty Cage","Unceasing Top","Ancient Tea Set","Incense Burner","Orichalcum"],"potions_floor_usage":[56],"damage_taken":[{"damage":0.0,"enemies":"Small Slimes","floor":1.0,"turns":3.0},{"damage":1.0,"enemies":"2 Louse","floor":2.0,"turns":3.0},{"damage":0.0,"enemies":"Cultist","floor":3.0,"turns":4.0},{"damage":12.0,"enemies":"Gremlin Gang","floor":5.0,"turns":5.0},{"damage":18.0,"enemies":"Lagavulin","floor":6.0,"turns":8.0},{"damage":0.0,"enemies":"2 Fungi Beasts","floor":7.0,"turns":3.0},{"damage":8.0,"enemies":"Gremlin Nob","floor":11.0,"turns":3.0},{"damage":5.0,"enemies":"3 Sentries","floor":13.0,"turns":7.0},{"damage":17.0,"enemies":"Hexaghost","floor":16.0,"turns":9.0},{"damage":9.0,"enemies":"2 Thieves","floor":18.0,"turns":5.0},{"damage":0.0,"enemies":"Chosen","floor":21.0,"turns":4.0},{"damage":2.0,"enemies":"Snecko","floor":22.0,"turns":3.0},{"damage":19.0,"enemies":"Book of Stabbing","floor":23.0,"turns":5.0},{"damage":40.0,"enemies":"Gremlin Leader","floor":25.0,"turns":6.0},{"damage":0.0,"enemies":"Cultist and Chosen","floor":28.0,"turns":4.0},{"damage":19.0,"enemies":"Book of Stabbing","floor":31.0,"turns":5.0},{"damage":28.0,"enemies":"Collector","floor":33.0,"turns":7.0},{"damage":16.0,"enemies":"3 Darklings","floor":35.0,"turns":4.0},{"damage":1.0,"enemies":"Orb Walker","floor":36.0,"turns":3.0},{"damage":16.0,"enemies":"Writhing Mass","floor":38.0,"turns":5.0},{"damage":0.0,"enemies":"Mind Bloom Boss Battle","floor":39.0,"turns":5.0},{"damage":2.0,"enemies":"Giant Head","floor":41.0,"turns":7.0},{"damage":2.0,"enemies":"4 Shapes","floor":42.0,"turns":6.0},{"damage":2.0,"enemies":"Jaw Worm Horde","floor":44.0,"turns":4.0},{"damage":12.0,"enemies":"Spire Growth","floor":47.0,"turns":5.0},{"damage":11.0,"enemies":"Time Eater","floor":50.0,"turns":9.0},{"damage":52.0,"enemies":"Awakened One","floor":51.0,"turns":14.0},{"damage":13.0,"enemies":"Shield and Spear","floor":55.0,"turns":7.0},{"damage":56,"enemies":"The Heart","floor":56,"turns":9}],"seed_played":"-1472405307123935400","potions_obtained":[{"floor":3.0,"key":"SteroidPotion"},{"floor":7.0,"key":"Ancient Potion"},{"floor":11.0,"key":"Dexterity Potion"},{"floor":16.0,"key":"Strength Potion"}],"is_trial":false,"path_per_floor":["M","M","M","?","M","E","M","R","T","?","E","R","E","?","R","B",null,"M","$","?","M","M","E","R","E","T","$","M","R","?","E","R","B",null,"M","M","?","M","?","R","E","M","T","M","R","$","M","$","R","B","B",null,"R","$","E","B",null],"character_chosen":"THE_SILENT","items_purchased":["Footwork+1","Dramatic Entrance+1","Infinite Blades+1","Catalyst","Incense Burner","Caltrops+1","Dodge and Roll"],"campfire_rested":5,"item_purchase_floors":[19,19,27,27,46,48,54],"current_hp_per_floor":[65,64,64,64,52,34,34,34,34,34,26,26,21,10,31,39,64,55,55,55,55,53,34,55,15,15,15,15,36,36,17,38,35,63,47,46,46,30,55,55,53,51,51,49,49,49,37,37,37,51,20,59,72,72,59,16],"gold":51,"neow_bonus":"TEN_PERCENT_HP_BONUS","is_prod":false,"is_daily":false,"chose_seed":false,"campfire_upgraded":4,"win_rate":0,"timestamp":1555957489,"path_taken":["M","M","M","?","M","E","M","R","T","?","E","R","E","?","R","BOSS","M","$","?","M","M","E","R","E","T","?","?","R","?","E","R","BOSS","M","M","?","M","?","R","E","M","T","M","R","$","M","$","R","BOSS","BOSS","R","$","E","BOSS"],"build_version":"2019-01-23","purchased_purges":1,"victory":true,"max_hp_per_floor":[72,72,72,72,72,72,72,72,72,72,72,72,72,72,72,72,72,72,72,72,72,72,72,72,72,72,72,72,72,72,72,72,72,72,72,72,72,72,72,72,72,72,72,72,72,72,72,72,72,72,72,72,72,72,72,72],"card_choices":[{"not_picked":["Blade Dance","Dodge and Roll"],"picked":"Poisoned Stab","floor":1.0},{"not_picked":["Acrobatics","Escape Plan"],"picked":"Dash","floor":2.0},{"not_picked":["Poisoned Stab","Deadly Poison"],"picked":"Crippling Poison","floor":3.0},{"not_picked":["Cloak And Dagger","Acrobatics"],"picked":"Deadly Poison","floor":5.0},{"not_picked":["Deadly Poison","Skewer"],"picked":"Masterful Stab","floor":6.0},{"not_picked":["Accuracy","Bane"],"picked":"PiercingWail","floor":7.0},{"not_picked":["Slice+1","Deflect"],"picked":"Noxious Fumes","floor":11.0},{"not_picked":["Flying Knee+1","Tactician"],"picked":"Backstab+1","floor":13.0},{"not_picked":["Malaise","Corpse Explosion"],"picked":"Wraith Form v2+1","floor":16.0},{"not_picked":["Quick Slash+1","Acrobatics"],"picked":"Finisher+1","floor":18.0},{"not_picked":["Blade Dance","Masterful Stab+1"],"picked":"Dagger Throw+1","floor":21.0},{"not_picked":["Eviscerate+1","Flying Knee+1"],"picked":"Dagger Spray+1","floor":22.0},{"not_picked":["Flying Knee+1","Sucker Punch+1"],"picked":"Die Die Die+1","floor":23.0},{"not_picked":["Outmaneuver","Deflect"],"picked":"Noxious Fumes+1","floor":25.0},{"not_picked":["Reflex","Choke+1"],"picked":"Well Laid Plans+1","floor":28.0},{"not_picked":["Bouncing Flask","Skewer+1"],"picked":"Catalyst","floor":31.0},{"not_picked":["Doppelganger","Grand Finale+1"],"picked":"Burst","floor":33.0},{"not_picked":["Deadly Poison","Finisher+1"],"picked":"Footwork+1","floor":35.0},{"not_picked":["Distraction","Endless Agony+1"],"picked":"Acrobatics","floor":36.0},{"not_picked":["Dagger Spray+1","Reflex","Masterful Stab+1"],"picked":"SKIP","floor":38.0},{"not_picked":["Prepared","Backstab+1"],"picked":"PiercingWail+1","floor":41.0},{"not_picked":["Quick Slash+1","Bouncing Flask","Concentrate"],"picked":"SKIP","floor":42.0},{"not_picked":["Slice+1","Concentrate+1"],"picked":"Dodge and Roll","floor":44.0},{"not_picked":["Blade Dance","Grand Finale+1"],"picked":"Footwork+1","floor":47.0},{"not_picked":["Underhanded Strike+1","Outmaneuver"],"picked":"Dodge and Roll+1","floor":55.0}],"player_experience":862226,"relics_obtained":[{"floor":6.0,"key":"Pantograph"},{"floor":9.0,"key":"Molten Egg 2"},{"floor":11.0,"key":"Letter Opener"},{"floor":13.0,"key":"Mummified Hand"},{"floor":23.0,"key":"Tough Bandages"},{"floor":25.0,"key":"Kunai"},{"floor":26.0,"key":"Omamori"},{"floor":31.0,"key":"Bag of Preparation"},{"floor":39.0,"key":"Unceasing Top"},{"floor":41.0,"key":"Ancient Tea Set"},{"floor":55.0,"key":"Orichalcum"}],"event_choices":[{"damage_healed":0.0,"max_hp_gain":0.0,"max_hp_loss":0.0,"gold_gain":0.0,"event_name":"Liars Game","player_choice":"Ignored","floor":4.0,"gold_loss":0.0,"damage_taken":0.0},{"damage_healed":0.0,"max_hp_gain":0.0,"max_hp_loss":0.0,"gold_gain":0.0,"event_name":"Living Wall","player_choice":"Grow","floor":10.0,"gold_loss":0.0,"damage_taken":0.0,"cards_upgraded":["Neutralize"]},{"damage_healed":0.0,"max_hp_gain":0.0,"max_hp_loss":0.0,"gold_gain":0.0,"event_name":"Scrap Ooze","player_choice":"Success","floor":14.0,"gold_loss":0.0,"damage_taken":11.0,"relics_obtained":["Frozen Egg 2"]},{"cards_removed":["Strike_G"],"damage_healed":0.0,"max_hp_gain":0.0,"max_hp_loss":0.0,"gold_gain":0.0,"event_name":"Bonfire Elementals","player_choice":"Offered Basic","floor":20.0,"gold_loss":0.0,"damage_taken":0.0},{"damage_healed":0.0,"max_hp_gain":0.0,"max_hp_loss":0.0,"gold_gain":50.0,"event_name":"Nest","player_choice":"Stole From Cult","floor":30.0,"gold_loss":0.0,"damage_taken":0.0},{"damage_healed":0.0,"max_hp_gain":0.0,"max_hp_loss":0.0,"gold_gain":0.0,"event_name":"Mysterious Sphere","player_choice":"Ignored","floor":37.0,"gold_loss":0.0,"damage_taken":0.0},{"damage_healed":0.0,"max_hp_gain":0.0,"max_hp_loss":0.0,"gold_gain":0.0,"event_name":"MindBloom","player_choice":"Fight","floor":39.0,"gold_loss":0.0,"damage_taken":0.0}],"is_beta":false,"boss_relics":[{"not_picked":["HoveringKite","Philosopher\u0027s Stone"],"picked":"Sozu"},{"not_picked":["Black Star","Runic Dome"],"picked":"Empty Cage"}],"items_purged_floors":[19],"is_endless":false,"potions_floor_spawned":[3,7,11,16,18,28,31,33,35,38,41,42,55],"ascension_level":20}