{"gold_per_floor":[110,260,260,99,118,118,144,163,163,163,193,204,214,214,214,214],"floor_reached":16,"playtime":952,"items_purged":["Doubt"],"score":220,"play_id":"c2ce558c-50e6-48ae-bf20-24fe706b6918","local_time":"20190812084342","is_ascension_mode":true,"campfire_choices":[{"data":"Uppercut","floor":6,"key":"SMITH"},{"floor":10,"key":"REST"},{"data":"Whirlwind","floor":15,"key":"SMITH"}],"neow_cost":"NONE","seed_source_timestamp":115432217257453,"circlet_count":0,"master_deck":["AscendersBane","Strike_R+1","Strike_R+1","Strike_R","Strike_R+1","Strike_R","Defend_R","Defend_R","Defend_R","Defend_R","Bash","Headbutt+1","Uppercut+1","Impervious","Whirlwind+1","True Grit","Shrug It Off"],"relics":["Burning Blood","Darkstone Periapt","Whetstone","The Courier","Vajra"],"potions_floor_usage":[1,7,11],"damage_taken":[{"damage":9,"enemies":"Jaw Worm","floor":1,"turns":6},{"damage":2,"enemies":"2 Louse","floor":5,"turns":3},{"damage":45,"enemies":"3 Sentries","floor":7,"turns":15},{"damage":0,"enemies":"Small Slimes","floor":8,"turns":3},{"damage":15,"enemies":"Lagavulin","floor":11,"turns":7},{"damage":0,"enemies":"2 Fungi Beasts","floor":12,"turns":4},{"damage":3,"enemies":"Looter","floor":13,"turns":3},{"damage":26,"enemies":"The Guardian","floor":16,"turns":10}],"seed_played":"-606643051224109349","potions_obtained":[{"floor":0,"key":"Block Potion"},{"floor":0,"key":"Energy Potion"},{"floor":1,"key":"Poison Potion"},{"floor":7,"key":"Fire Potion"},{"floor":12,"key":"Ancient Potion"}],"is_trial":false,"path_per_floor":["M","?","?","$","M","R","E","M","T","R","E","M","M","?","R","B"],"character_chosen":"IRONCLAD","items_purchased":["Uppercut"],"campfire_rested":1,"item_purchase_floors":[4],"current_hp_per_floor":[65,65,54,54,58,58,19,25,25,47,38,44,47,24,24,0],"gold":214,"neow_bonus":"THREE_SMALL_POTIONS","is_prod":false,"is_daily":false,"chose_seed":false,"campfire_upgraded":2,"win_rate":0,"timestamp":1565595822,"path_taken":["M","?","?","$","M","R","E","M","T","R","E","M","M","?","R","BOSS"],"build_version":"2019-07-17","purchased_purges":1,"victory":false,"max_hp_per_floor":[75,75,75,75,75,75,75,75,75,75,75,75,75,75,75,75],"card_choices":[{"not_picked":["Havoc","Twin Strike"],"picked":"Headbutt","floor":1},{"not_picked":["Dual Wield","True Grit"],"picked":"Impervious","floor":5},{"not_picked":["Warcry","Rampage"],"picked":"Whirlwind","floor":7},{"not_picked":["Headbutt","Iron Wave"],"picked":"True Grit","floor":8},{"not_picked":["Ghostly Armor","Searing Blow","Havoc"],"picked":"SKIP","floor":11},{"not_picked":["Iron Wave","Fire Breathing"],"picked":"Shrug It Off","floor":12},{"not_picked":["Armaments","Clothesline","Flex"],"picked":"SKIP","floor":13}],"player_experience":1075498,"relics_obtained":[{"floor":7,"key":"Whetstone"},{"floor":9,"key":"The Courier"},{"floor":11,"key":"Vajra"}],"event_choices":[{"damage_healed":0,"gold_gain":150,"player_choice":"AGREE","damage_taken":0,"max_hp_gain":0,"max_hp_loss":0,"event_name":"Liars Game","floor":2,"gold_loss":0,"cards_obtained":["Doubt"]},{"damage_healed":0,"gold_gain":0,"player_choice":"Success","damage_taken":11,"relics_obtained":["Darkstone Periapt"],"max_hp_gain":0,"max_hp_loss":0,"event_name":"Scrap Ooze","floor":3,"gold_loss":0},{"damage_healed":0,"gold_gain":0,"player_choice":"Entered Light","damage_taken":23,"max_hp_gain":0,"max_hp_loss":0,"event_name":"Shining Light","floor":14,"gold_loss":0,"cards_upgraded":["Headbutt","Strike_R"]}],"is_beta":false,"boss_relics":[],"items_purged_floors":[4],"is_endless":false,"potions_floor_spawned":[1,7,12,13],"killed_by":"The Guardian","ascension_level":20}