{"gold_per_floor":[113,127,127,140,140,140,159,175,229,229,129,204,56,76,76,181,181,121,121,138,150,50,50,65,65,90,90,90,90,0,32,32,32],"floor_reached":33,"playtime":2172,"items_purged":["Defend_G","Strike_G"],"score":342,"play_id":"78b3785c-5c3a-4e57-bbef-fec2a926fac4","local_time":"20181222135253","is_ascension_mode":true,"campfire_choices":[{"data":"Survivor","floor":6,"key":"SMITH"},{"data":"Calculated Gamble","floor":10,"key":"SMITH"},{"data":"Flying Knee","floor":15,"key":"SMITH"},{"floor":23,"key":"REST"},{"data":"Acrobatics","floor":25,"key":"SMITH"},{"data":"Defend_G","floor":27,"key":"SMITH"},{"floor":29,"key":"REST"},{"floor":32,"key":"REST"}],"neow_cost":"NONE","seed_source_timestamp":141290708646404,"circlet_count":0,"master_deck":["Defend_G+1","Defend_G+1","Defend_G","Defend_G","Strike_G","Strike_G+1","Strike_G","Strike_G","Survivor+1","Neutralize+1","Heel Hook","Calculated Gamble+1","Flying Knee+1","Tools of the Trade","Acrobatics+1","After Image"],"relics":["Ring of the Snake","Sozu","Nloth\u0027s Gift","Centennial Puzzle","Toxic Egg 2"],"potions_floor_usage":[16,33],"damage_taken":[{"damage":6,"enemies":"2 Louse","floor":1,"turns":4},{"damage":2,"enemies":"Jaw Worm","floor":2,"turns":6},{"damage":0,"enemies":"Cultist","floor":4,"turns":4},{"damage":3,"enemies":"Red Slaver","floor":7,"turns":4},{"damage":0,"enemies":"2 Fungi Beasts","floor":8,"turns":4},{"damage":5,"enemies":"Large Slime","floor":14,"turns":5},{"damage":14,"enemies":"Hexaghost","floor":16,"turns":10},{"damage":8,"enemies":"2 Thieves","floor":18,"turns":4},{"damage":6,"enemies":"Shell Parasite","floor":20,"turns":7},{"damage":14,"enemies":"Shelled Parasite and Fungi","floor":21,"turns":8},{"damage":24,"enemies":"Snake Plant","floor":24,"turns":7},{"damage":35,"enemies":"Book of Stabbing","floor":31,"turns":7},{"damage":32,"enemies":"Automaton","floor":33,"turns":12}],"seed_played":"1952333863506251989","potions_obtained":[{"floor":2,"key":"Strength Potion"},{"floor":7,"key":"SpeedPotion"}],"is_trial":false,"path_per_floor":["M","M","?","M","?","R","M","M","T","R","$","?","$","M","R","B",null,"M","?","M","M","$","R","M","R","T","R","$","R","?","E","R","B"],"character_chosen":"THE_SILENT","items_purchased":["Flying Knee","Tools of the Trade"],"campfire_rested":3,"item_purchase_floors":[11,13],"current_hp_per_floor":[57,55,41,41,41,41,38,38,38,38,38,27,27,22,22,8,55,47,47,41,27,27,48,24,24,24,24,24,45,45,10,31,0],"gold":32,"neow_bonus":"UPGRADE_CARD","is_prod":false,"is_daily":false,"chose_seed":false,"campfire_upgraded":5,"win_rate":0,"timestamp":1545486773,"path_taken":["M","M","?","M","?","R","M","M","T","R","$","?","?","M","R","BOSS","M","?","?","M","$","R","M","R","T","R","?","R","?","E","R","BOSS"],"build_version":"2018-12-20","purchased_purges":2,"victory":false,"max_hp_per_floor":[70,70,70,70,70,70,70,70,70,70,70,70,70,70,70,70,70,70,70,70,70,70,70,70,70,70,70,70,70,70,70,70,70],"card_choices":[{"not_picked":["Backflip","Dodge and Roll"],"picked":"Heel Hook","floor":1},{"not_picked":["Blade Dance","Reflex","Skewer"],"picked":"SKIP","floor":2},{"not_picked":["Bouncing Flask","Finisher","Infinite Blades"],"picked":"SKIP","floor":4},{"not_picked":["Choke","Setup"],"picked":"Calculated Gamble","floor":7},{"not_picked":["Outmaneuver","Bane","Dagger Throw"],"picked":"SKIP","floor":8},{"not_picked":["Dagger Throw","PiercingWail","Riddle With Holes"],"picked":"SKIP","floor":14},{"not_picked":["Riddle With Holes+1","Cloak And Dagger","PiercingWail"],"picked":"SKIP","floor":18},{"not_picked":["Sucker Punch","Flechettes","Phantasmal Killer"],"picked":"SKIP","floor":20},{"not_picked":["Catalyst","Unload"],"picked":"Acrobatics","floor":21},{"not_picked":["Bane+1","Crippling Poison","Storm of Steel"],"picked":"SKIP","floor":24},{"not_picked":["Expertise","Bullet Time"],"picked":"After Image","floor":31}],"player_experience":374748,"relics_obtained":[{"floor":9,"key":"Potion Belt"},{"floor":26,"key":"Centennial Puzzle"},{"floor":31,"key":"Toxic Egg 2"}],"event_choices":[{"damage_healed":0,"gold_gain":0,"player_choice":"Entered Light","damage_taken":14,"max_hp_gain":0,"max_hp_loss":0,"event_name":"Shining Light","floor":3,"gold_loss":0,"cards_upgraded":["Strike_G","Defend_G"]},{"damage_healed":0,"gold_gain":0,"player_choice":"Ignored","damage_taken":0,"max_hp_gain":0,"max_hp_loss":0,"event_name":"Liars Game","floor":5,"gold_loss":0},{"damage_healed":0,"gold_gain":75,"player_choice":"Gather Gold","damage_taken":11,"max_hp_gain":0,"max_hp_loss":0,"event_name":"World of Goop","floor":12,"gold_loss":0},{"damage_healed":0,"gold_gain":0,"player_choice":"Traded Relic","damage_taken":0,"relics_obtained":["Nloth\u0027s Gift"],"max_hp_gain":0,"max_hp_loss":0,"event_name":"N\u0027loth","floor":19,"relics_lost":["Potion Belt"],"gold_loss":0},{"damage_healed":0,"gold_gain":0,"player_choice":"Paid Fearfully","damage_taken":0,"max_hp_gain":0,"max_hp_loss":0,"event_name":"Masked Bandits","floor":30,"gold_loss":90}],"is_beta":false,"boss_relics":[{"not_picked":["Eternal Feather","Tiny House"],"picked":"Sozu"}],"items_purged_floors":[11,22],"is_endless":false,"potions_floor_spawned":[2,7,20,21],"killed_by":"Automaton","ascension_level":7}