{"path_per_floor":["M","M","M","?","M","E","M","$","T","M","M","M","M","M","R","B",null,"M","?","?","M","M","E","M"],"character_chosen":"IRONCLAD","items_purchased":["Singing Bowl"],"gold_per_floor":[114,129,144,144,159,189,204,54,54,69,84,99,114,129,129,229,229,244,169,169,184,199,229,244,244],"floor_reached":25,"campfire_rested":0,"playtime":3099,"current_hp_per_floor":[78,77,76,75,74,68,58,58,58,66,72,71,70,71,70,56,68,56,56,56,53,56,56,16,4],"items_purged":[],"gold":244,"score":358,"play_id":"80c3a791-5187-4c98-b60d-ad93d26f471c","local_time":"20180524201732","daily_mods":["Allstar","Terminal","Hoarder"],"is_prod":false,"is_daily":true,"chose_seed":false,"is_ascension_mode":false,"campfire_upgraded":1,"timestamp":1527189452,"campfire_choices":[{"data":"Infernal Blade","floor":15,"key":"SMITH"}],"path_taken":["M","M","?","?","M","E","M","$","T","M","M","M","?","M","R","BOSS","M","?","?","?","M","E","M","M"],"build_version":"2018-05-17","seed_source_timestamp":0,"purchased_purges":0,"victory":false,"master_deck":["Strike_R","Strike_R","Strike_R","Strike_R","Strike_R","Defend_R","Defend_R","Defend_R","Defend_R","Bash","Sadistic Nature","Sadistic Nature","Sadistic Nature","Thinking Ahead","Thinking Ahead","Thinking Ahead","Panache","Panache","Panache","Thinking Ahead","Thinking Ahead","Thinking Ahead","Sadistic Nature","Sadistic Nature","Sadistic Nature","Metallicize","Metallicize","Metallicize","Corruption","Corruption","Feel No Pain","Feel No Pain","Feel No Pain","Infernal Blade+1","Infernal Blade","Infernal Blade","Barricade","Barricade","Barricade","Armaments+1","Armaments+1","Armaments+1","Body Slam","Body Slam","Body Slam","Infernal Blade","Infernal Blade","Infernal Blade","Fiend Fire","Fiend Fire","Fiend Fire","True Grit","True Grit","True Grit"],"max_hp_per_floor":[78,77,76,75,74,73,72,71,70,71,72,71,70,71,70,69,68,67,66,65,64,65,64,63,63],"relics":["Burning Blood","Gambling Chip","Singing Bowl","Vajra","Black Star","Mercury Hourglass","Matryoshka"],"card_choices":[{"not_picked":["Wild Strike","Clash"],"picked":"Metallicize","floor":1},{"not_picked":["Anger","Twin Strike","Shrug It Off"],"picked":"SKIP","floor":2},{"not_picked":["Warcry","Pommel Strike","Battle Trance"],"picked":"SKIP","floor":3},{"not_picked":["Clothesline","Cleave","Power Through"],"picked":"SKIP","floor":5},{"not_picked":["Shockwave","Anger"],"picked":"Corruption","floor":6},{"not_picked":["Intimidate","Hemokinesis","Warcry"],"picked":"SKIP","floor":7},{"not_picked":["Headbutt","Havoc","Cleave"],"picked":"Singing Bowl","floor":10},{"not_picked":["Perfected Strike","Demon Form","Bloodletting"],"picked":"Singing Bowl","floor":11},{"not_picked":["Body Slam","Thunderclap"],"picked":"Feel No Pain","floor":12},{"not_picked":["Clash","Pommel Strike"],"picked":"Infernal Blade","floor":13},{"not_picked":["Sword Boomerang","Hemokinesis","Pommel Strike"],"picked":"Singing Bowl","floor":14},{"not_picked":["Double Tap","Offering"],"picked":"Barricade","floor":16},{"not_picked":["Heavy Blade","Warcry+1"],"picked":"Armaments+1","floor":18},{"not_picked":["Flex+1","Pommel Strike"],"picked":"Infernal Blade","floor":21},{"not_picked":["Anger","Perfected Strike","Metallicize"],"picked":"Singing Bowl","floor":22},{"not_picked":["Rage","Inflame+1"],"picked":"Fiend Fire","floor":23},{"not_picked":["Pommel Strike+1","Havoc"],"picked":"True Grit","floor":24}],"player_experience":245736,"potions_floor_usage":[6,16,21,22,23],"damage_taken":[{"damage":0,"enemies":"Cultist","floor":1,"turns":3},{"damage":0,"enemies":"Jaw Worm","floor":2,"turns":5},{"damage":0,"enemies":"Small Slimes","floor":3,"turns":2},{"damage":4,"enemies":"Blue Slaver","floor":5,"turns":3},{"damage":12,"enemies":"Gremlin Nob","floor":6,"turns":6},{"damage":16,"enemies":"Exordium Thugs","floor":7,"turns":2},{"damage":0,"enemies":"2 Fungi Beasts","floor":10,"turns":3},{"damage":0,"enemies":"Gremlin Gang","floor":11,"turns":4},{"damage":2,"enemies":"Red Slaver","floor":12,"turns":3},{"damage":0,"enemies":"2 Fungi Beasts","floor":13,"turns":4},{"damage":5,"enemies":"Large Slime","floor":14,"turns":4},{"damage":20,"enemies":"The Guardian","floor":16,"turns":10},{"damage":18,"enemies":"Spheric Guardian","floor":18,"turns":4},{"damage":18,"enemies":"3 Byrds","floor":21,"turns":4},{"damage":10,"enemies":"Snake Plant","floor":22,"turns":4},{"damage":6,"enemies":"Book of Stabbing","floor":23,"turns":5},{"damage":46,"enemies":"Slaver and Parasite","floor":24,"turns":9},{"damage":12,"enemies":"Centurion and Healer","floor":25,"turns":2}],"relics_obtained":[{"floor":6,"key":"Gambling Chip"},{"floor":9,"key":"Vajra"},{"floor":23,"key":"Mercury Hourglass"},{"floor":23,"key":"Matryoshka"}],"event_choices":[{"event_name":"The Lab","player_choice":"Got Potions","floor":4,"damage_taken":0},{"event_name":"Beggar","player_choice":"Gave Gold","floor":19,"damage_taken":0},{"event_name":"The Library","player_choice":"Read","floor":20,"damage_taken":0}],"boss_relics":[{"not_picked":["Eternal Feather","Cursed Key"],"picked":"Black Star"}],"potions_floor_spawned":[1,7,11,13,14,16,18,21],"seed_played":"-3551877995311688955","killed_by":"Centurion and Healer","ascension_level":0,"potions_obtained":[{"floor":1,"key":"FearPotion"},{"floor":4,"key":"AttackPotion"},{"floor":4,"key":"BloodPotion"},{"floor":7,"key":"SteroidPotion"},{"floor":11,"key":"Strength Potion"},{"floor":13,"key":"Block Potion"},{"floor":16,"key":"Block Potion"},{"floor":18,"key":"Regen Potion"},{"floor":21,"key":"Strength Potion"}],"is_trial":false}