{"gold_per_floor":[20,37,53,71,71,103,103,137,137,150,150,161,38,38,38,134,134,153,68,68,84,99,99,118,118,118,118,128,128,55,154,154,154],"floor_reached":33,"playtime":1239,"items_purged":["Parasite"],"score":311,"play_id":"2a0b1186-e97b-4166-ba16-df303e1d4039","local_time":"20190719150800","is_ascension_mode":true,"campfire_choices":[{"data":"Glass Knife","floor":7,"key":"SMITH"},{"floor":15,"key":"REST"},{"data":"Glass Knife","floor":23,"key":"SMITH"},{"data":"Noxious Fumes","floor":25,"key":"SMITH"},{"data":"Neutralize","floor":27,"key":"SMITH"},{"floor":32,"key":"REST"}],"neow_cost":"NO_GOLD","seed_source_timestamp":239748093136200,"circlet_count":0,"master_deck":["Strike_G","Strike_G","Strike_G","Strike_G","Strike_G","Defend_G","Defend_G","Defend_G","Defend_G","Defend_G","Survivor","Neutralize+1","Glass Knife+1","Blur","All Out Attack","Glass Knife+1","Dash","Corpse Explosion","Dagger Spray","Tools of the Trade","Endless Agony+1","PiercingWail+1","Noxious Fumes+1","Footwork"],"relics":["Ring of the Snake","Sundial","Ninja Scroll","Mummified Hand","Busted Crown","Paper Crane","Blood Vial","MutagenicStrength"],"potions_floor_usage":[14,16,16,22,33],"damage_taken":[{"damage":4,"enemies":"Small Slimes","floor":1,"turns":2},{"damage":0,"enemies":"2 Louse","floor":2,"turns":3},{"damage":0,"enemies":"Jaw Worm","floor":3,"turns":3},{"damage":9,"enemies":"3 Louse","floor":4,"turns":3},{"damage":26,"enemies":"Gremlin Nob","floor":6,"turns":4},{"damage":24,"enemies":"Lagavulin","floor":8,"turns":6},{"damage":0,"enemies":"Looter","floor":10,"turns":1},{"damage":0,"enemies":"Blue Slaver","floor":12,"turns":3},{"damage":0,"enemies":"Exordium Wildlife","floor":14,"turns":1},{"damage":24,"enemies":"Hexaghost","floor":16,"turns":9},{"damage":6,"enemies":"Spheric Guardian","floor":18,"turns":3},{"damage":0,"enemies":"3 Byrds","floor":21,"turns":1},{"damage":5,"enemies":"Snake Plant","floor":22,"turns":4},{"damage":0,"enemies":"Cultist and Chosen","floor":24,"turns":4},{"damage":23,"enemies":"Shelled Parasite and Fungi","floor":28,"turns":5},{"damage":59,"enemies":"Champ","floor":33,"turns":11}],"seed_played":"8247212059332519909","potions_obtained":[{"floor":1,"key":"SmokeBomb"},{"floor":12,"key":"Fire Potion"},{"floor":16,"key":"PowerPotion"},{"floor":18,"key":"GhostInAJar"}],"is_trial":false,"path_per_floor":["M","M","M","M","?","E","R","E","T","M","?","M","$","M","R","B",null,"M","?","?","M","M","R","M","R","T","R","M","?","$","?","R","B"],"character_chosen":"THE_SILENT","items_purchased":["Block Potion","Footwork"],"campfire_rested":2,"item_purchase_floors":[13,30],"current_hp_per_floor":[66,66,66,57,57,31,31,7,7,7,24,24,24,24,44,20,67,61,61,61,61,56,56,56,56,56,56,35,35,35,35,55,0],"gold":154,"neow_bonus":"THREE_RARE_CARDS","is_prod":false,"is_daily":false,"chose_seed":false,"campfire_upgraded":4,"win_rate":0,"timestamp":1563563280,"path_taken":["M","M","M","M","?","E","R","E","T","M","?","M","$","M","R","BOSS","M","?","?","M","?","R","M","R","T","R","M","?","$","?","R","BOSS"],"build_version":"2019-07-17","purchased_purges":1,"victory":false,"max_hp_per_floor":[70,70,70,70,70,70,70,70,70,70,70,70,67,67,67,67,67,67,67,67,67,67,67,67,67,67,67,67,67,67,67,67,67],"card_choices":[{"not_picked":["Wraith Form v2","Adrenaline"],"picked":"Glass Knife","floor":0},{"not_picked":["Setup","Reflex"],"picked":"Blur","floor":1},{"not_picked":["Acrobatics","Blade Dance"],"picked":"All Out Attack","floor":2},{"not_picked":["Blade Dance","Slice","Outmaneuver"],"picked":"SKIP","floor":3},{"not_picked":["Outmaneuver","Blade Dance"],"picked":"Glass Knife","floor":4},{"not_picked":["Quick Slash","Slice"],"picked":"Dash","floor":6},{"not_picked":["Prepared","Blade Dance"],"picked":"Corpse Explosion","floor":8},{"not_picked":["Dagger Throw","Slice","Quick Slash"],"picked":"SKIP","floor":10},{"not_picked":["Tactician","Dash"],"picked":"Dagger Spray","floor":12},{"not_picked":["Die Die Die","Night Terror"],"picked":"Tools of the Trade","floor":16},{"not_picked":[],"picked":"Endless Agony+1","floor":18},{"not_picked":["Reflex"],"picked":"SKIP","floor":21},{"not_picked":[],"picked":"PiercingWail+1","floor":22},{"not_picked":[],"picked":"Noxious Fumes","floor":24},{"not_picked":["Blade Dance"],"picked":"SKIP","floor":28}],"player_experience":421628,"relics_obtained":[{"floor":6,"key":"Sundial"},{"floor":8,"key":"Ninja Scroll"},{"floor":9,"key":"Mummified Hand"},{"floor":26,"key":"Blood Vial"}],"event_choices":[{"damage_healed":0,"gold_gain":0,"player_choice":"Ignored","damage_taken":0,"max_hp_gain":0,"max_hp_loss":0,"event_name":"Shining Light","floor":5,"gold_loss":0},{"damage_healed":17,"gold_gain":0,"player_choice":"Healed and dodged fight","damage_taken":0,"max_hp_gain":0,"max_hp_loss":0,"event_name":"Mushrooms","floor":11,"gold_loss":0,"cards_obtained":["Parasite"]},{"damage_healed":0,"gold_gain":0,"player_choice":"Obtained Relic","damage_taken":0,"relics_obtained":["Paper Crane"],"max_hp_gain":0,"max_hp_loss":0,"event_name":"Addict","floor":19,"gold_loss":85},{"damage_healed":0,"gold_gain":0,"player_choice":"Ignored","damage_taken":0,"max_hp_gain":0,"max_hp_loss":0,"event_name":"Cursed Tome","floor":20,"gold_loss":0},{"damage_healed":0,"gold_gain":0,"player_choice":"Inject Mutagens","damage_taken":0,"relics_obtained":["MutagenicStrength"],"max_hp_gain":0,"max_hp_loss":0,"event_name":"Drug Dealer","floor":29,"gold_loss":0},{"damage_healed":0,"gold_gain":99,"player_choice":"Stole From Cult","damage_taken":0,"max_hp_gain":0,"max_hp_loss":0,"event_name":"Nest","floor":31,"gold_loss":0}],"is_beta":false,"boss_relics":[{"not_picked":["Lizard Tail","Coffee Dripper"],"picked":"Busted Crown"}],"items_purged_floors":[13],"is_endless":false,"potions_floor_spawned":[1,12,14,16,18],"killed_by":"Champ","ascension_level":4}