{"gold_per_floor":[112,129,129,0,0,0,35,35,335,335,345,356,381,381,381,381],"floor_reached":16,"playtime":680,"items_purged":[],"score":259,"play_id":"0ab2e5f4-6ab0-4f1f-936a-26096c276120","local_time":"20190420121320","is_ascension_mode":true,"campfire_choices":[{"data":"Sweeping Beam","floor":6.0,"key":"SMITH"},{"data":"Zap","floor":10.0,"key":"SMITH"},{"data":"Sunder","floor":15.0,"key":"SMITH"}],"neow_cost":"NONE","seed_source_timestamp":747191464663070,"circlet_count":0,"master_deck":["AscendersBane","Strike_B","Defend_B","Defend_B","Defend_B","Defend_B","Zap+1","Dualcast","BootSequence","Sweeping Beam+1","Cold Snap","Coolheaded","Coolheaded","Seek","Sunder+1"],"special_seed":0,"relics":["Cracked Core","NeowsBlessing","Bird Faced Urn","Old Coin","Pen Nib"],"potions_floor_usage":[16,16],"damage_taken":[{"damage":0.0,"enemies":"Cultist","floor":1.0,"turns":1.0},{"damage":0.0,"enemies":"Jaw Worm","floor":2.0,"turns":1.0},{"damage":0.0,"enemies":"Gremlin Nob","floor":7.0,"turns":1.0},{"damage":0.0,"enemies":"Small Slimes","floor":11.0,"turns":2.0},{"damage":0.0,"enemies":"3 Louse","floor":12.0,"turns":2.0},{"damage":28.0,"enemies":"3 Sentries","floor":13.0,"turns":7.0},{"damage":37,"enemies":"Slime Boss","floor":16,"turns":10}],"seed_played":"433356668427033726","potions_obtained":[{"floor":7.0,"key":"SteroidPotion"},{"floor":12.0,"key":"FearPotion"}],"is_trial":false,"path_per_floor":["M","M","?","$","?","R","E","?","T","R","M","M","E","?","R","B"],"character_chosen":"DEFECT","items_purchased":["Sweeping Beam","Cold Snap","Coolheaded"],"campfire_rested":0,"item_purchase_floors":[4,4,4],"current_hp_per_floor":[64,64,64,64,64,64,64,57,57,57,57,57,29,29,29,0],"gold":381,"neow_bonus":"THREE_ENEMY_KILL","is_prod":false,"is_daily":false,"chose_seed":false,"campfire_upgraded":3,"win_rate":0,"timestamp":1555758800,"path_taken":["M","?","?","?","?","R","E","?","T","R","M","M","E","?","R","BOSS"],"build_version":"2019-01-23","purchased_purges":0,"victory":false,"max_hp_per_floor":[71,71,71,71,71,71,71,71,71,71,71,71,71,71,71,71],"card_choices":[{"not_picked":["Compile Driver","Turbo"],"picked":"BootSequence","floor":1.0},{"not_picked":["BootSequence","Streamline","Turbo"],"picked":"SKIP","floor":2.0},{"not_picked":["Skim","Fusion","Go for the Eyes"],"picked":"SKIP","floor":7.0},{"not_picked":["Stack","Skim"],"picked":"Coolheaded","floor":11.0},{"not_picked":["Redo","Sweeping Beam","Beam Cell"],"picked":"SKIP","floor":12.0},{"not_picked":["Force Field","Beam Cell"],"picked":"Seek","floor":13.0}],"player_experience":829109,"relics_obtained":[{"floor":7.0,"key":"Bird Faced Urn"},{"floor":9.0,"key":"Old Coin"},{"floor":13.0,"key":"Pen Nib"}],"event_choices":[{"cards_removed":["Strike_B"],"damage_healed":0.0,"max_hp_gain":0.0,"max_hp_loss":0.0,"gold_gain":0.0,"event_name":"Purifier","player_choice":"Purged","floor":3.0,"gold_loss":0.0,"damage_taken":0.0},{"damage_healed":0.0,"max_hp_gain":0.0,"max_hp_loss":0.0,"gold_gain":0.0,"event_name":"The Cleric","player_choice":"Leave","floor":5.0,"gold_loss":0.0,"damage_taken":0.0},{"cards_removed":["Strike_B"],"damage_healed":0.0,"max_hp_gain":0.0,"max_hp_loss":0.0,"gold_gain":0.0,"event_name":"Golden Wing","player_choice":"Card Removal","floor":8.0,"gold_loss":0.0,"damage_taken":7.0},{"damage_healed":0.0,"max_hp_gain":0.0,"max_hp_loss":0.0,"gold_gain":0.0,"cards_transformed":["Strike_B"],"event_name":"Living Wall","player_choice":"Change","floor":14.0,"gold_loss":0.0,"damage_taken":0.0,"cards_obtained":["Sunder"]}],"is_beta":false,"boss_relics":[],"items_purged_floors":[],"is_endless":false,"potions_floor_spawned":[7,12,13],"killed_by":"Slime Boss","ascension_level":19}