{"gold_per_floor":[119,133,133,153,20,48,48,79,79,79,79,4,21,38,38,109,109,125,137,155,155,169,169,194,94,174,189,114,139,159,34,34,109,109,122,122,468,487,502,502,535,535,535,635,663,282,299,299,299,299],"floor_reached":51,"playtime":4609,"items_purged":["Pain","Strike_B","Strike_B"],"score":1644,"play_id":"c4635ec8-f821-421d-a958-2fe2b6c63efe","local_time":"20190421002456","is_ascension_mode":true,"campfire_choices":[{"floor":7.0,"key":"REST"},{"data":"Barrage","floor":11,"key":"SMITH"},{"data":"Compile Driver","floor":15,"key":"SMITH"},{"data":"Defragment","floor":23,"key":"SMITH"},{"data":"Biased Cognition","floor":32,"key":"SMITH"},{"floor":40,"key":"DIG"},{"floor":42,"key":"DIG"},{"floor":49,"key":"DIG"}],"neow_cost":"NONE","seed_source_timestamp":787230961932767,"circlet_count":0,"master_deck":["AscendersBane","Defend_B","Defend_B","Dualcast","Ball Lightning","Ball Lightning","Self Repair","Cold Snap","Chill","Barrage+1","Compile Driver+1","Core Surge","Doom and Gloom","Defragment+1","Undo","Biased Cognition+1","Blizzard+1","Reboot","Gash+1","Skim+1","Cold Snap+1","Reinforced Body+1","Coolheaded","Loop+1","Defragment+1","Coolheaded","Recycle","Mind Blast+1","Hologram","Coolheaded"],"special_seed":0,"relics":["Sozu","Bottled Lightning","Meat on the Bone","Mummified Hand","WarpedTongs","Inserter","Enchiridion","Blue Candle","Ornamental Fan","Shovel","Astrolabe","Old Coin","Orichalcum","Dead Branch","Question Card","Emotion Chip","Incense Burner","Molten Egg 2","Mercury Hourglass","Thread and Needle"],"potions_floor_usage":[],"damage_taken":[{"damage":7.0,"enemies":"Jaw Worm","floor":1.0,"turns":3.0},{"damage":1.0,"enemies":"Cultist","floor":2.0,"turns":3.0},{"damage":4.0,"enemies":"Small Slimes","floor":4.0,"turns":2.0},{"damage":37.0,"enemies":"Gremlin Nob","floor":6.0,"turns":4.0},{"damage":21,"enemies":"Lagavulin","floor":8,"turns":6},{"damage":3,"enemies":"Gremlin Gang","floor":13,"turns":5},{"damage":12,"enemies":"Blue Slaver","floor":14,"turns":5},{"damage":15,"enemies":"Hexaghost","floor":16,"turns":8},{"damage":1,"enemies":"Spheric Guardian","floor":18,"turns":3},{"damage":15,"enemies":"3 Byrds","floor":19,"turns":6},{"damage":18,"enemies":"Shelled Parasite and Fungi","floor":20,"turns":5},{"damage":0,"enemies":"Centurion and Healer","floor":22,"turns":7},{"damage":25,"enemies":"Gremlin Leader","floor":24,"turns":7},{"damage":0,"enemies":"3 Cultists","floor":27,"turns":3},{"damage":18,"enemies":"Slavers","floor":29,"turns":5},{"damage":0,"enemies":"Cultist and Chosen","floor":30,"turns":4},{"damage":36,"enemies":"Collector","floor":33,"turns":9},{"damage":0,"enemies":"Orb Walker","floor":35,"turns":3},{"damage":21,"enemies":"2 Orb Walkers","floor":37,"turns":4},{"damage":17,"enemies":"3 Shapes","floor":38,"turns":5},{"damage":2,"enemies":"3 Darklings","floor":39,"turns":3},{"damage":0,"enemies":"Nemesis","floor":41,"turns":7},{"damage":0,"enemies":"Mind Bloom Boss Battle","floor":44,"turns":6},{"damage":0,"enemies":"Reptomancer","floor":45,"turns":5},{"damage":2,"enemies":"Maw","floor":47,"turns":5},{"damage":0,"enemies":"Awakened One","floor":50,"turns":12}],"seed_played":"4864055639753875082","potions_obtained":[],"is_trial":false,"path_per_floor":["M","M","?","M","$","E","R","E","T","?","R","$","M","M","R","B",null,"M","M","M","?","M","R","E","$","T","M","?","E","M","$","R","B",null,"M","?","?","M","M","R","E","R","T","?","E","$","M","?","R","B",null],"character_chosen":"DEFECT","items_purchased":["Self Repair","Cold Snap","Mind Blast+1","Mercury Hourglass"],"campfire_rested":1,"item_purchase_floors":[5,5,46,46],"current_hp_per_floor":[57,56,56,52,52,22,43,29,29,29,29,29,48,46,46,50,66,71,56,45,24,43,43,30,30,30,42,42,43,53,53,53,39,63,63,63,52,54,59,59,69,69,69,71,71,71,71,71,71,71],"gold":299,"neow_bonus":"BOSS_RELIC","is_prod":false,"is_daily":false,"chose_seed":false,"campfire_upgraded":4,"win_rate":0,"timestamp":1555802696,"path_taken":["M","M","?","M","?","E","R","E","T","?","R","$","M","M","R","BOSS","M","M","?","?","M","R","E","$","T","M","?","E","M","?","R","BOSS","M","?","?","M","M","R","E","R","T","?","E","$","M","?","R","BOSS"],"build_version":"2019-01-23","purchased_purges":3,"victory":true,"max_hp_per_floor":[71,71,71,71,71,71,71,71,71,71,71,71,71,71,71,71,71,71,71,71,71,71,71,71,71,71,71,71,71,71,71,71,71,71,71,71,71,71,71,71,71,71,71,71,71,71,71,71,71,71],"card_choices":[{"not_picked":["Go for the Eyes","Rebound"],"picked":"Ball Lightning","floor":1.0},{"not_picked":["White Noise","Coolheaded"],"picked":"Ball Lightning","floor":2.0},{"not_picked":["Lockon","Streamline","Gash"],"picked":"SKIP","floor":4.0},{"not_picked":["Chaos","Stack"],"picked":"Chill","floor":6.0},{"not_picked":["White Noise","BootSequence"],"picked":"Barrage","floor":8},{"not_picked":["Cold Snap","Ball Lightning"],"picked":"Compile Driver","floor":13},{"not_picked":["Streamline","Blizzard","Chaos"],"picked":"SKIP","floor":14},{"not_picked":["Buffer","Meteor Strike"],"picked":"Core Surge","floor":16},{"not_picked":["Steam","Leap"],"picked":"Doom and Gloom","floor":18},{"not_picked":["Heatsinks","Hologram"],"picked":"Defragment","floor":19},{"not_picked":["Redo","Gash"],"picked":"Undo","floor":20},{"not_picked":["Turbo","Chaos","Streamline"],"picked":"SKIP","floor":22},{"not_picked":["Steam Power","Aggregate","Blizzard"],"picked":"SKIP","floor":24},{"not_picked":["Capacitor","Steam"],"picked":"Biased Cognition","floor":27},{"not_picked":["Storm","Streamline","Beam Cell"],"picked":"SKIP","floor":29},{"not_picked":["Gash","Reprogram"],"picked":"Blizzard+1","floor":30},{"not_picked":["Hyperbeam","Thunder Strike"],"picked":"Reboot","floor":33},{"not_picked":["Beam Cell","Stack"],"picked":"Reinforced Body+1","floor":35},{"not_picked":["Streamline","Steam"],"picked":"Coolheaded","floor":37},{"not_picked":["Barrage","Storm"],"picked":"Loop+1","floor":38},{"not_picked":["Turbo","Hologram"],"picked":"Defragment+1","floor":39},{"not_picked":["Aggregate","Steam Power","Leap"],"picked":"SKIP","floor":41},{"not_picked":["Steam","Sweeping Beam+1","Creative AI"],"picked":"Coolheaded","floor":44},{"not_picked":["Force Field","Rebound","Turbo+1"],"picked":"Recycle","floor":45},{"not_picked":["Compile Driver+1","Gash+1","Streamline+1"],"picked":"Hologram","floor":47}],"player_experience":840985,"relics_obtained":[{"floor":6.0,"key":"Bottled Lightning"},{"floor":8,"key":"Meat on the Bone"},{"floor":9,"key":"Mummified Hand"},{"floor":21,"key":"Enchiridion"},{"floor":24,"key":"Blue Candle"},{"floor":26,"key":"Ornamental Fan"},{"floor":29,"key":"Shovel"},{"floor":37,"key":"Old Coin"},{"floor":40,"key":"Orichalcum"},{"floor":41,"key":"Dead Branch"},{"floor":42,"key":"Question Card"},{"floor":43,"key":"Emotion Chip"},{"floor":44,"key":"Incense Burner"},{"floor":45,"key":"Molten Egg 2"},{"floor":49,"key":"Thread and Needle"}],"event_choices":[{"cards_removed":["Strike_B"],"damage_healed":0.0,"max_hp_gain":0.0,"max_hp_loss":0.0,"gold_gain":0.0,"event_name":"Bonfire Elementals","player_choice":"Offered Basic","floor":3.0,"gold_loss":0.0,"damage_taken":0.0},{"damage_healed":0,"gold_gain":0,"player_choice":"Rummage","damage_taken":0,"relics_obtained":["WarpedTongs"],"max_hp_gain":0,"max_hp_loss":0,"event_name":"Accursed Blacksmith","floor":10,"gold_loss":0,"cards_obtained":["Pain"]},{"damage_healed":0,"gold_gain":0,"player_choice":"Obtained Book","damage_taken":21,"max_hp_gain":0,"max_hp_loss":0,"event_name":"Cursed Tome","floor":21,"gold_loss":0},{"cards_removed":["Strike_B"],"damage_healed":0,"gold_gain":0,"player_choice":"Gave Gold","damage_taken":0,"max_hp_gain":0,"max_hp_loss":0,"event_name":"Beggar","floor":28,"gold_loss":75},{"damage_healed":0,"gold_gain":0,"player_choice":"Ignored","damage_taken":0,"max_hp_gain":0,"max_hp_loss":0,"event_name":"Tomb of Lord Red Mask","floor":36,"gold_loss":0},{"damage_healed":0,"gold_gain":0,"player_choice":"Fight","damage_taken":0,"max_hp_gain":0,"max_hp_loss":0,"event_name":"Mysterious Sphere","floor":37,"gold_loss":0},{"damage_healed":0,"gold_gain":0,"player_choice":"Fight","damage_taken":0,"max_hp_gain":0,"max_hp_loss":0,"event_name":"MindBloom","floor":44,"gold_loss":0},{"damage_healed":0,"gold_gain":0,"player_choice":"Copied","damage_taken":0,"max_hp_gain":0,"max_hp_loss":0,"event_name":"Duplicator","floor":48,"gold_loss":0,"cards_obtained":["Coolheaded"]}],"is_beta":false,"boss_relics":[{"not_picked":["Pandora\u0027s Box","Ectoplasm"],"picked":"Inserter"},{"not_picked":["Tiny House","Calling Bell"],"picked":"Astrolabe"}],"items_purged_floors":[12,25,31],"is_endless":false,"potions_floor_spawned":[6,13,14,19,20,27,33,35,39,44,45,47],"ascension_level":19}