{"gold_per_floor":[112,19,19,19,29,64,80,113,138,138,63,63,79,99,99,99],"floor_reached":16,"playtime":576,"items_purged":["Strike_G"],"score":196,"play_id":"bb7b47e4-957e-4b5e-8aa6-55f9601787c9","local_time":"20190722210154","is_ascension_mode":true,"campfire_choices":[{"data":"Footwork","floor":10,"key":"SMITH"},{"data":"Deadly Poison","floor":15,"key":"SMITH"}],"neow_cost":"NONE","seed_source_timestamp":109513946990000,"circlet_count":0,"master_deck":["Strike_G","Strike_G","Strike_G","Defend_G","Defend_G","Defend_G","Defend_G+1","Defend_G","Survivor","Neutralize","Quick Slash","Footwork+1","Acrobatics+1","Caltrops+1","Acrobatics","Underhanded Strike","Sucker Punch","Deadly Poison+1","Flying Knee"],"relics":["Ring of the Snake","NeowsBlessing","Bag of Preparation","Anchor","Lantern"],"potions_floor_usage":[8,8],"damage_taken":[{"damage":0,"enemies":"Jaw Worm","floor":1,"turns":1},{"damage":0,"enemies":"Small Slimes","floor":5,"turns":1},{"damage":0,"enemies":"Lagavulin","floor":6,"turns":1},{"damage":3,"enemies":"Cultist","floor":7,"turns":4},{"damage":8,"enemies":"3 Sentries","floor":8,"turns":9},{"damage":0,"enemies":"2 Fungi Beasts","floor":13,"turns":4},{"damage":0,"enemies":"Blue Slaver","floor":14,"turns":3},{"damage":31,"enemies":"The Guardian","floor":16,"turns":9}],"seed_played":"1921425314693898841","potions_obtained":[{"floor":1,"key":"Block Potion"},{"floor":7,"key":"Explosive Potion"}],"is_trial":false,"path_per_floor":["M","$","?","?","M","E","M","E","T","R","$","?","M","M","R","B"],"character_chosen":"THE_SILENT","items_purchased":["Footwork","Acrobatics"],"campfire_rested":0,"item_purchase_floors":[2,2],"current_hp_per_floor":[63,63,49,42,42,42,39,31,31,31,31,31,31,31,31,0],"gold":99,"neow_bonus":"THREE_ENEMY_KILL","is_prod":false,"is_daily":false,"chose_seed":false,"campfire_upgraded":2,"win_rate":0,"timestamp":1563843714,"path_taken":["M","$","?","?","M","E","M","E","T","R","$","?","M","M","R","BOSS"],"build_version":"2019-07-17","purchased_purges":1,"victory":false,"max_hp_per_floor":[70,70,70,70,70,70,70,70,70,70,70,70,70,70,70,70],"card_choices":[{"not_picked":["Crippling Poison","Prepared"],"picked":"Quick Slash","floor":1},{"not_picked":["Underhanded Strike","Bane"],"picked":"Caltrops","floor":5},{"not_picked":["Poisoned Stab","Night Terror","Acrobatics"],"picked":"SKIP","floor":6},{"not_picked":["Poisoned Stab","Night Terror"],"picked":"Acrobatics","floor":6},{"not_picked":["Caltrops","Calculated Gamble"],"picked":"Underhanded Strike","floor":7},{"not_picked":["Storm of Steel","Blur"],"picked":"Sucker Punch","floor":8},{"not_picked":["Blade Dance","Bane"],"picked":"Deadly Poison","floor":13},{"not_picked":["Deadly Poison","Accuracy"],"picked":"Flying Knee","floor":14}],"player_experience":499253,"relics_obtained":[{"floor":6,"key":"Bag of Preparation"},{"floor":8,"key":"Anchor"},{"floor":9,"key":"Lantern"}],"event_choices":[{"damage_healed":0,"gold_gain":0,"player_choice":"Entered Light","damage_taken":14,"max_hp_gain":0,"max_hp_loss":0,"event_name":"Shining Light","floor":3,"gold_loss":0,"cards_upgraded":["Defend_G","Acrobatics"]},{"cards_removed":["Strike_G"],"damage_healed":0,"gold_gain":0,"player_choice":"Card Removal","damage_taken":7,"max_hp_gain":0,"max_hp_loss":0,"event_name":"Golden Wing","floor":4,"gold_loss":0},{"damage_healed":0,"gold_gain":0,"player_choice":"Upgraded","damage_taken":0,"max_hp_gain":0,"max_hp_loss":0,"event_name":"Upgrade Shrine","floor":12,"gold_loss":0,"cards_upgraded":["Caltrops"]}],"is_beta":false,"boss_relics":[],"items_purged_floors":[11],"is_endless":false,"potions_floor_spawned":[1,7],"killed_by":"The Guardian","ascension_level":9}