{"gold_per_floor":[112,112,122,140,140,159,190,34,84,84,115,115,115,132,132,230,230,241,241,253,74,74,92,110,110,110,128,146,46,61,74,74,74],"floor_reached":33,"playtime":1147,"items_purged":["Defend_R","Decay"],"score":286,"play_id":"b11c2946-304b-484b-ad86-5068fe55cf65","local_time":"20190302150120","is_ascension_mode":false,"campfire_choices":[{"data":"Whirlwind","floor":13.0,"key":"SMITH"},{"data":"Fiend Fire","floor":15.0,"key":"SMITH"},{"data":"Inflame","floor":25.0,"key":"SMITH"},{"data":"Twin Strike","floor":32,"key":"SMITH"}],"neow_cost":"NONE","seed_source_timestamp":0,"circlet_count":0,"master_deck":["Strike_R","Strike_R","Strike_R","Strike_R+1","Strike_R","Defend_R","Defend_R","Bash+1","Impervious","Whirlwind+1","Twin Strike+1","Headbutt","True Grit","Fiend Fire+1","Battle Trance","Intimidate+1","Bloodletting","Feed","Combust","Feed","Inflame+1","Thunderclap","Uppercut+1","Rampage+1","Pommel Strike+1"],"special_seed":0,"relics":["Burning Blood","Ornamental Fan","Boot","Vajra","Art of War","Cursed Key","Anchor","Lantern"],"potions_floor_usage":[33],"damage_taken":[{"damage":0.0,"enemies":"2 Louse","floor":1.0,"turns":3.0},{"damage":4.0,"enemies":"Small Slimes","floor":3.0,"turns":3.0},{"damage":6.0,"enemies":"Cultist","floor":4.0,"turns":3.0},{"damage":15.0,"enemies":"2 Fungi Beasts","floor":6.0,"turns":3.0},{"damage":15.0,"enemies":"3 Sentries","floor":7.0,"turns":7.0},{"damage":11.0,"enemies":"Gremlin Nob","floor":11.0,"turns":3.0},{"damage":0.0,"enemies":"Large Slime","floor":14.0,"turns":3.0},{"damage":26.0,"enemies":"Hexaghost","floor":16.0,"turns":6.0},{"damage":4.0,"enemies":"Chosen","floor":18.0,"turns":3.0},{"damage":3.0,"enemies":"3 Byrds","floor":20.0,"turns":3.0},{"damage":0.0,"enemies":"Snecko","floor":23.0,"turns":3.0},{"damage":26.0,"enemies":"Sentry and Sphere","floor":24.0,"turns":4.0},{"damage":29.0,"enemies":"3 Cultists","floor":27.0,"turns":5.0},{"damage":0.0,"enemies":"Chosen and Byrds","floor":28.0,"turns":3.0},{"damage":17.0,"enemies":"Snake Plant","floor":30.0,"turns":4.0},{"damage":0,"enemies":"Centurion and Healer","floor":31,"turns":4},{"damage":54,"enemies":"Automaton","floor":33,"turns":6}],"seed_played":"-2690321474584551898","potions_obtained":[{"floor":3.0,"key":"Explosive Potion"},{"floor":4.0,"key":"SteroidPotion"},{"floor":6.0,"key":"LiquidBronze"},{"floor":7.0,"key":"GamblersBrew"},{"floor":20.0,"key":"SpeedPotion"},{"floor":27.0,"key":"PowerPotion"},{"floor":30.0,"key":"SkillPotion"}],"is_trial":false,"path_per_floor":["M","?","M","M","?","M","E","$","T","?","E","?","R","M","R","B",null,"M","?","M","$","?","M","M","R","T","M","M","$","M","M","R","B"],"character_chosen":"IRONCLAD","items_purchased":["Battle Trance","Inflame","Anchor"],"campfire_rested":0,"item_purchase_floors":[8,21,21],"current_hp_per_floor":[80,73,75,75,75,66,57,57,57,50,45,29,29,35,35,15,80,80,80,80,80,80,83,66,66,66,46,55,55,44,53,53,0],"gold":74,"neow_bonus":"ONE_RANDOM_RARE_CARD","is_prod":false,"is_daily":false,"chose_seed":false,"campfire_upgraded":4,"win_rate":0,"timestamp":1551538880,"path_taken":["M","?","M","M","?","?","E","$","T","?","E","?","R","M","R","BOSS","M","?","?","$","?","M","M","R","T","M","M","$","M","M","R","BOSS"],"build_version":"2019-01-23","purchased_purges":2,"victory":false,"max_hp_per_floor":[80,80,80,80,80,80,80,80,80,80,80,80,80,80,80,80,80,80,80,80,80,80,83,86,86,86,89,92,92,92,95,95,95],"card_choices":[{"not_picked":["Anger","Uppercut"],"picked":"Whirlwind","floor":1.0},{"not_picked":["Bloodletting","True Grit"],"picked":"Twin Strike","floor":3.0},{"not_picked":["Clothesline","Havoc"],"picked":"Headbutt","floor":4.0},{"not_picked":["Cleave","Armaments"],"picked":"True Grit","floor":6.0},{"not_picked":["Whirlwind","Headbutt"],"picked":"Fiend Fire","floor":7.0},{"not_picked":["Ghostly Armor","Sentinel"],"picked":"Intimidate","floor":11.0},{"not_picked":["Armaments","Twin Strike"],"picked":"Bloodletting","floor":14.0},{"not_picked":["Berserk","Exhume"],"picked":"Feed","floor":16.0},{"not_picked":["Heavy Blade","Sword Boomerang"],"picked":"Combust","floor":18.0},{"not_picked":["Wild Strike","Cleave","Sever Soul"],"picked":"SKIP","floor":20.0},{"not_picked":["Second Wind","Dual Wield"],"picked":"Thunderclap","floor":23.0},{"not_picked":["Shrug It Off","Thunderclap"],"picked":"Uppercut+1","floor":24.0},{"not_picked":["Thunderclap","Pummel"],"picked":"Rampage+1","floor":27.0},{"not_picked":["Power Through","Iron Wave"],"picked":"Pommel Strike+1","floor":28.0},{"not_picked":["Warcry","Carnage+1","Infernal Blade"],"picked":"SKIP","floor":30.0},{"not_picked":["Perfected Strike","Infernal Blade","Barricade"],"picked":"SKIP","floor":31}],"player_experience":538873,"relics_obtained":[{"floor":7.0,"key":"Boot"},{"floor":9.0,"key":"Vajra"},{"floor":11.0,"key":"Art of War"},{"floor":26.0,"key":"Lantern"}],"event_choices":[{"damage_healed":0.0,"max_hp_gain":0.0,"max_hp_loss":0.0,"gold_gain":0.0,"event_name":"Scrap Ooze","player_choice":"Success","floor":2.0,"gold_loss":0.0,"damage_taken":7.0,"relics_obtained":["Ornamental Fan"]},{"damage_healed":0.0,"max_hp_gain":0.0,"max_hp_loss":0.0,"gold_gain":0.0,"event_name":"Upgrade Shrine","player_choice":"Upgraded","floor":5.0,"gold_loss":0.0,"damage_taken":0.0,"cards_upgraded":["Bash"]},{"cards_removed":["Defend_R"],"damage_healed":0.0,"max_hp_gain":0.0,"max_hp_loss":0.0,"gold_gain":0.0,"event_name":"Golden Wing","player_choice":"Card Removal","floor":10.0,"gold_loss":0.0,"damage_taken":7.0},{"damage_healed":0.0,"max_hp_gain":0.0,"max_hp_loss":0.0,"gold_gain":0.0,"event_name":"Shining Light","player_choice":"Entered Light","floor":12.0,"gold_loss":0.0,"damage_taken":16.0,"cards_upgraded":["Strike_R","Intimidate"]},{"damage_healed":0.0,"max_hp_gain":0.0,"max_hp_loss":0.0,"gold_gain":0.0,"event_name":"Duplicator","player_choice":"Copied","floor":19.0,"gold_loss":0.0,"damage_taken":0.0,"cards_obtained":["Feed"]},{"damage_healed":0.0,"max_hp_gain":0.0,"max_hp_loss":0.0,"gold_gain":0.0,"event_name":"Beggar","player_choice":"Ignored","floor":22.0,"gold_loss":0.0,"damage_taken":0.0}],"is_beta":false,"boss_relics":[{"not_picked":["Calling Bell","Orrery"],"picked":"Cursed Key"}],"items_purged_floors":[8,29],"is_endless":false,"potions_floor_spawned":[3,4,6,7,20,27,30],"killed_by":"Automaton","ascension_level":0}