{"path_per_floor":["M","?","$","M","M","R","M","M","T","?","M","R","E","M","R","B",null,"M","?","M","$","?"],"character_chosen":"DEFECT","items_purchased":["Bandage Up","Anchor","Seek"],"gold_per_floor":[114,114,114,129,144,144,159,174,199,199,214,214,244,259,259,359,359,374,374,389,65,65,65],"floor_reached":23,"campfire_rested":1,"playtime":1101,"item_purchase_floors":[21,21,21],"current_hp_per_floor":[72,77,77,77,71,71,54,54,54,54,47,47,16,7,75,12,75,55,55,31,31,31,0],"items_purged":[],"gold":65,"score":318,"play_id":"cd236cb7-3ffb-4236-8a09-e6ad0d7f8a5e","local_time":"20180621105946","daily_mods":["Diverse","Night Terrors","Hoarder"],"is_prod":false,"is_daily":true,"chose_seed":false,"is_ascension_mode":false,"campfire_upgraded":2,"win_rate":0,"timestamp":1529575186,"campfire_choices":[{"data":"Zap","floor":6,"key":"SMITH"},{"data":"Dualcast","floor":12,"key":"SMITH"},{"floor":15,"key":"REST"}],"path_taken":["M","?","$","M","M","R","M","M","T","?","M","R","E","M","R","BOSS","M","?","M","$","?","E"],"build_version":"2018-06-14v2","seed_source_timestamp":0,"purchased_purges":0,"victory":false,"master_deck":["Strike_B","Strike_B","Strike_B","Strike_B","Defend_B","Defend_B","Defend_B","Defend_B","Zap+1","Dualcast+1","Doom and Gloom","Doom and Gloom","Doom and Gloom","Flex","Flex","Flex","Normality","Normality","Normality","Flying Knee","Flying Knee","Flying Knee","Meteor Strike","Meteor Strike","Meteor Strike","Writhe","Writhe","Writhe","Leap+1","Leap+1","Leap+1","Bandage Up","Bandage Up","Bandage Up","Seek","Seek","Seek"],"max_hp_per_floor":[75,80,80,80,80,80,80,80,80,80,80,80,80,80,75,75,75,75,75,75,75,75,75],"special_seed":17703,"relics":["Cracked Core","Vajra","Boot","Oddly Smooth Stone","Coffee Dripper","Ancient Tea Set","Anchor"],"card_choices":[{"not_picked":["Scrape","Rupture"],"picked":"Doom and Gloom","floor":1},{"not_picked":["Dual Wield","Leap","Go for the Eyes"],"picked":"SKIP","floor":4},{"not_picked":["Havoc","Clash"],"picked":"Flex","floor":5},{"not_picked":["Body Slam","Stack","Shrug It Off"],"picked":"SKIP","floor":7},{"not_picked":["Turbo","True Grit","Redo"],"picked":"SKIP","floor":8},{"not_picked":["Fusion","Warcry","Acrobatics"],"picked":"SKIP","floor":11},{"not_picked":["Headbutt","Poisoned Stab"],"picked":"Flying Knee","floor":13},{"not_picked":["Armaments","Disarm","Headbutt"],"picked":"SKIP","floor":14},{"not_picked":["Phantasmal Killer","Impervious"],"picked":"Meteor Strike","floor":16},{"not_picked":["Anger","Rebound","Rupture"],"picked":"SKIP","floor":18},{"not_picked":["Rebound+1","Wild Strike"],"picked":"Leap+1","floor":20}],"player_experience":276124,"potions_floor_usage":[14,16,16,23],"damage_taken":[{"damage":3,"enemies":"Jaw Worm","floor":1,"turns":4},{"damage":0,"enemies":"Small Slimes","floor":4,"turns":2},{"damage":6,"enemies":"2 Louse","floor":5,"turns":2},{"damage":17,"enemies":"Exordium Thugs","floor":7,"turns":5},{"damage":0,"enemies":"Lots of Slimes","floor":8,"turns":1},{"damage":7,"enemies":"Blue Slaver","floor":11,"turns":2},{"damage":31,"enemies":"Lagavulin","floor":13,"turns":4},{"damage":9,"enemies":"2 Fungi Beasts","floor":14,"turns":3},{"damage":63,"enemies":"Hexaghost","floor":16,"turns":9},{"damage":20,"enemies":"Shell Parasite","floor":18,"turns":4},{"damage":24,"enemies":"Spheric Guardian","floor":20,"turns":4},{"damage":44,"enemies":"Book of Stabbing","floor":23,"turns":4}],"relics_obtained":[{"floor":9,"key":"Vajra"},{"floor":13,"key":"Oddly Smooth Stone"}],"event_choices":[{"event_name":"Big Fish","player_choice":"Donut","floor":2,"damage_taken":0},{"event_name":"Accursed Blacksmith","player_choice":"Rummage","floor":10,"damage_taken":0},{"event_name":"The Mausoleum","player_choice":"Yes","floor":19,"damage_taken":0},{"event_name":"Drug Dealer","player_choice":"Ignored","floor":22,"damage_taken":0}],"boss_relics":[{"not_picked":["Pandora\u0027s Box","Orrery"],"picked":"Coffee Dripper"}],"items_purged_floors":[],"is_endless":false,"potions_floor_spawned":[1,5,8,13,20],"seed_played":"-2047804934668331113","killed_by":"Book of Stabbing","ascension_level":0,"potions_obtained":[{"floor":1,"key":"Poison Potion"},{"floor":5,"key":"EssenceOfSteel"},{"floor":8,"key":"Poison Potion"},{"floor":20,"key":"AttackPotion"}],"is_trial":false}