{"gold_per_floor":[116,116,132,132,219,231,261,273,285,322,23,23,33,50,50,50],"floor_reached":16,"playtime":800,"items_purged":[],"score":135,"play_id":"f1b8e1ef-0386-42ed-96b6-a3b9802e54d0","local_time":"20181227225056","is_ascension_mode":true,"campfire_choices":[{"data":"Sweeping Beam","floor":6,"key":"SMITH"},{"floor":12,"key":"REST"},{"data":"Recycle","floor":15,"key":"SMITH"}],"neow_cost":"NONE","seed_source_timestamp":606963610982000,"circlet_count":0,"master_deck":["Strike_B","Strike_B","Strike_B","Defend_B","Defend_B","Defend_B","Defend_B","Zap","Dualcast","Fission","Sweeping Beam+1","Rebound","Sunder","Gash","Recycle+1"],"relics":["Cracked Core","MawBank","Du-Vu Doll","Dodecahedron","Unceasing Top"],"potions_floor_usage":[16,16],"damage_taken":[{"damage":4,"enemies":"Jaw Worm","floor":1,"turns":4},{"damage":9,"enemies":"2 Louse","floor":3,"turns":4},{"damage":0,"enemies":"Small Slimes","floor":7,"turns":2},{"damage":35,"enemies":"Lagavulin","floor":10,"turns":5},{"damage":0,"enemies":"3 Louse","floor":13,"turns":2},{"damage":9,"enemies":"Red Slaver","floor":14,"turns":3},{"damage":15,"enemies":"Slime Boss","floor":16,"turns":7}],"seed_played":"-4340588150170957245","potions_obtained":[{"floor":7,"key":"SpeedPotion"},{"floor":14,"key":"Fire Potion"}],"is_trial":false,"path_per_floor":["M","?","M","T","?","R","M","?","T","E","$","R","M","M","R","B"],"character_chosen":"DEFECT","items_purchased":["Unceasing Top"],"campfire_rested":1,"item_purchase_floors":[11],"current_hp_per_floor":[64,57,48,48,37,37,37,37,37,2,2,24,24,15,15,0],"gold":50,"neow_bonus":"ONE_RANDOM_RARE_CARD","is_prod":false,"is_daily":false,"chose_seed":false,"campfire_upgraded":2,"win_rate":0,"timestamp":1545951056,"path_taken":["M","?","M","?","?","R","M","?","T","E","$","R","M","M","R","BOSS"],"build_version":"2018-12-20","purchased_purges":0,"victory":false,"max_hp_per_floor":[75,75,75,75,75,75,75,75,75,75,75,75,75,75,75,75],"card_choices":[{"not_picked":["Redo","Compile Driver"],"picked":"Sweeping Beam","floor":1},{"not_picked":["Go for the Eyes","Barrage"],"picked":"Rebound","floor":3},{"not_picked":["Double Energy","Stack"],"picked":"Sunder","floor":7},{"not_picked":["Sweeping Beam","Chill"],"picked":"Gash","floor":10},{"not_picked":["Steam","Scrape"],"picked":"Recycle","floor":13},{"not_picked":["Streamline","Rebound","Sweeping Beam"],"picked":"SKIP","floor":14},{"not_picked":["Streamline","Rebound","Sweeping Beam"],"picked":"SKIP","floor":14}],"player_experience":399202,"relics_obtained":[{"floor":4,"key":"MawBank"},{"floor":9,"key":"Du-Vu Doll"},{"floor":10,"key":"Dodecahedron"}],"event_choices":[{"cards_removed":["Strike_B"],"damage_healed":0,"gold_gain":0,"player_choice":"Card Removal","damage_taken":7,"max_hp_gain":0,"max_hp_loss":0,"event_name":"Golden Wing","floor":2,"gold_loss":0},{"damage_healed":0,"gold_gain":75,"player_choice":"Gather Gold","damage_taken":11,"max_hp_gain":0,"max_hp_loss":0,"event_name":"World of Goop","floor":5,"gold_loss":0},{"damage_healed":0,"gold_gain":0,"player_choice":"Ignored","damage_taken":0,"max_hp_gain":0,"max_hp_loss":0,"event_name":"Liars Game","floor":8,"gold_loss":0}],"is_beta":false,"boss_relics":[],"items_purged_floors":[],"is_endless":false,"potions_floor_spawned":[7,14],"killed_by":"Slime Boss","ascension_level":7}