{"path_per_floor":["M","M","?","M","?","R","?","E","T","R","M","R","M","?","R","B",null,"M","M","M","?","T","R","E","R","T","R","M","?","E","M","R","B",null,"M","?","?","$","M","R","E","R","T","M","M","$","M","M","R","B"],"character_chosen":"THE_SILENT","items_purchased":["Ice Cream","Panache","Prepared","Well Laid Plans","Mummified Hand"],"gold_per_floor":[119,133,133,153,103,103,103,136,188,188,199,199,216,216,216,312,312,323,336,350,350,377,377,405,405,405,405,420,420,447,466,466,571,571,581,581,628,32,44,44,379,379,403,413,431,43,55,65,65,65],"floor_reached":51,"campfire_rested":3,"playtime":7310,"current_hp_per_floor":[65,65,65,52,52,52,45,38,38,38,38,38,38,31,31,16,70,64,62,43,27,27,63,10,46,46,46,34,21,26,26,65,42,82,78,78,73,73,63,63,58,58,58,65,64,64,74,82,82,82],"items_purged":["Strike_G","Strike_G"],"gold":65,"score":676,"play_id":"58e8ba98-3321-4ed4-85a6-fcc4fcee1d4a","is_prod":false,"is_daily":false,"is_ascension_mode":true,"campfire_upgraded":8,"path_taken":["M","M","?","?","?","R","?","E","T","R","?","R","M","?","R","BOSS","M","M","M","?","?","R","E","R","T","R","?","?","E","M","R","BOSS","M","?","?","$","M","R","E","R","T","M","M","?","M","M","R","BOSS"],"build_version":"2018-02-08-PROD1","purchased_purges":3,"victory":true,"master_deck":["Defend_G","Defend_G","Defend_G","Defend_G","Strike_G","Survivor","Neutralize+1","Slice","Die Die Die","Backflip+1","Backflip+1","Dash+1","Quick Slash","Burst+1","Deadly Poison+1","Footwork+1","Flying Knee+1","Tools of the Trade+1","Poisoned Stab+1","Dodge and Roll+1","After Image+1","Deadly Poison+1","Bouncing Flask+1","Panache+1","Prepared+1","Malaise+1","Dagger Throw+1","Catalyst+1","Footwork+1","Well Laid Plans+1","Infinite Blades+1","Backflip+1"],"max_hp_per_floor":[70,70,70,70,70,70,70,70,70,70,70,70,70,70,70,70,70,70,70,70,70,70,70,70,70,70,70,70,75,82,82,82,82,82,82,82,82,82,82,82,82,82,82,82,82,82,82,82,82,82],"relics":["White Beast Statue","Frozen Egg 2","Lantern","Black Star","Enchiridion","Regal Pillow","Bag of Preparation","Prayer Wheel","Sundial","Strawberry","Happy Flower","Snecko Eye","Bird Faced Urn","Ice Cream","Old Coin","Tingsha","Bronze Scales","Mummified Hand"],"card_choices":[{"not_picked":["PiercingWail","Poisoned Stab"],"picked":"Slice"},{"not_picked":["Acrobatics","Dagger Spray"],"picked":"Die Die Die"},{"not_picked":["Terror","Prepared"],"picked":"Backflip"},{"not_picked":["Quick Slash","Expertise"],"picked":"Backflip"},{"not_picked":["Malaise","Underhanded Strike"],"picked":"Dash"},{"not_picked":["Night Terror","Expertise"],"picked":"Quick Slash"},{"not_picked":["Wraith Form","Unload"],"picked":"Burst"},{"not_picked":["Bane","Underhanded Strike"],"picked":"Deadly Poison"},{"not_picked":["Poisoned Stab","Sucker Punch"],"picked":"Footwork"},{"not_picked":["Predator","Flechettes"],"picked":"Flying Knee"},{"not_picked":["Quick Slash","Skewer"],"picked":"Tools of the Trade"},{"not_picked":["Masterful Stab","Leg Sweep"],"picked":"Poisoned Stab"},{"not_picked":["Dash","Prepared"],"picked":"Dodge and Roll"},{"not_picked":["Acrobatics","Deadly Poison"],"picked":"After Image"},{"not_picked":["Quick Slash","Bane"],"picked":"Deadly Poison"},{"not_picked":["Bane","Flying Knee"],"picked":"Bouncing Flask"},{"not_picked":["Dodge and Roll","Sucker Punch"],"picked":"Malaise"},{"not_picked":["Doppelganger","Deflect"],"picked":"Dagger Throw"},{"not_picked":["Blade Dance","Distraction"],"picked":"Catalyst"},{"not_picked":["Crippling Poison","PiercingWail"],"picked":"Footwork"},{"not_picked":["Slice","Prepared"],"picked":"Infinite Blades"},{"not_picked":["Acrobatics","Caltrops"],"picked":"Backflip"}],"player_experience":118215,"potions_floor_usage":[8,8,13,16,16,16,20,24,24,30,30,31,33,33,37,41,45,50,50],"damage_taken":[{"damage":5,"enemies":"Cultist","floor":1,"turns":5},{"damage":0,"enemies":"2 Louse","floor":2,"turns":4},{"damage":13,"enemies":"Blue Slaver","floor":4,"turns":4},{"damage":7,"enemies":"Lagavulin","floor":8,"turns":8},{"damage":0,"enemies":"2 Fungi Beasts","floor":11,"turns":3},{"damage":0,"enemies":"Exordium Thugs","floor":13,"turns":3},{"damage":15,"enemies":"The Guardian","floor":16,"turns":14},{"damage":6,"enemies":"3 Byrds","floor":18,"turns":10},{"damage":2,"enemies":"Shell Parasite","floor":19,"turns":8},{"damage":19,"enemies":"3 Cultists","floor":20,"turns":8},{"damage":53,"enemies":"Slavers","floor":24,"turns":5},{"damage":12,"enemies":"Snake Plant","floor":28,"turns":5},{"damage":2,"enemies":"Book of Stabbing","floor":30,"turns":5},{"damage":0,"enemies":"Cultist and Chosen","floor":31,"turns":7},{"damage":23,"enemies":"Automaton","floor":33,"turns":12},{"damage":4,"enemies":"Orb Walker","floor":35,"turns":4},{"damage":20,"enemies":"Mysterious Sphere","floor":37,"turns":5},{"damage":18,"enemies":"3 Darklings","floor":39,"turns":3},{"damage":15,"enemies":"Nemesis","floor":41,"turns":10},{"damage":3,"enemies":"Sphere and 2 Shapes","floor":44,"turns":4},{"damage":11,"enemies":"Maw","floor":45,"turns":6},{"damage":0,"enemies":"3 Darklings","floor":47,"turns":2},{"damage":0,"enemies":"4 Shapes","floor":48,"turns":4},{"damage":0,"enemies":"Donu and Deca","floor":50,"turns":5}],"event_choices":[{"event_name":"Bonfire Elementals","player_choice":"BASIC","floor":3,"damage_taken":0},{"event_name":"The Cleric","player_choice":"Card Removal","floor":5,"damage_taken":0},{"event_name":"Golden Wing","player_choice":"Card Removal","floor":7,"damage_taken":0},{"event_name":"Wheel of Change","player_choice":"Damage","floor":14,"damage_taken":0},{"event_name":"Cursed Tome","player_choice":"Obtained Book","floor":21,"damage_taken":0},{"event_name":"Forgotten Altar","player_choice":"Shed Blood","floor":29,"damage_taken":0},{"event_name":"The Woman in Blue","player_choice":"Bought 0 Potions","floor":36,"damage_taken":0},{"event_name":"Mysterious Sphere","player_choice":"Fight","floor":37,"damage_taken":0}],"boss_relics":[{"not_picked":["Eternal Feather","Calling Bell"],"picked":"Black Star"},{"not_picked":["Philosopher\u0027s Stone","Lizard Tail"],"picked":"Snecko Eye"}],"potions_floor_spawned":[1,2,4,8,11,13,16,18,19,20,24,28,30,31,33,35,37,39,41,44,45,47,48],"seed_played":"-6273009517458228838","ascension_level":2,"is_trial":false}