{"gold_per_floor":[109,128,141,153,19,19,47,47,71,71,71,96,96,96],"floor_reached":14,"playtime":532,"items_purged":[],"score":186,"play_id":"11d3fc8e-f48c-47be-95fd-a72c2b2c142a","local_time":"20190810104750","is_ascension_mode":true,"campfire_choices":[{"data":"Footwork","floor":6,"key":"SMITH"},{"data":"Neutralize","floor":8,"key":"SMITH"},{"data":"Unload","floor":11,"key":"SMITH"}],"neow_cost":"NONE","seed_source_timestamp":471381270685800,"circlet_count":0,"master_deck":["AscendersBane","Strike_G","Strike_G+1","Strike_G+1","Strike_G","Strike_G","Defend_G","Defend_G","Defend_G","Defend_G","Defend_G","Survivor","Neutralize+1","Bouncing Flask","Caltrops","Footwork+1","Catalyst","Unload+1","Quick Slash","Tactician"],"relics":["Ring of the Snake","Strawberry","Whetstone","Art of War","Golden Idol"],"potions_floor_usage":[4,7,14],"damage_taken":[{"damage":0,"enemies":"Jaw Worm","floor":1,"turns":8},{"damage":0,"enemies":"2 Louse","floor":2,"turns":3},{"damage":1,"enemies":"Small Slimes","floor":3,"turns":5},{"damage":4,"enemies":"Looter","floor":4,"turns":4},{"damage":34,"enemies":"3 Sentries","floor":7,"turns":15},{"damage":4,"enemies":"Lagavulin","floor":12,"turns":5},{"damage":32,"enemies":"3 Sentries","floor":14,"turns":4}],"seed_played":"8910115768442238445","potions_obtained":[{"floor":1,"key":"GamblersBrew"},{"floor":3,"key":"AttackPotion"},{"floor":7,"key":"FearPotion"}],"is_trial":false,"path_per_floor":["M","M","M","M","$","R","E","R","T","$","R","E","?","E"],"character_chosen":"THE_SILENT","items_purchased":["Unload","Block Potion"],"campfire_rested":0,"item_purchase_floors":[5,5],"current_hp_per_floor":[65,65,64,60,60,60,33,33,33,33,33,29,29,0],"gold":96,"neow_bonus":"TEN_PERCENT_HP_BONUS","is_prod":false,"is_daily":false,"chose_seed":false,"campfire_upgraded":3,"win_rate":0,"timestamp":1565448470,"path_taken":["M","M","M","M","$","R","E","R","T","$","R","E","?","E"],"build_version":"2019-07-17","purchased_purges":0,"victory":false,"max_hp_per_floor":[72,72,72,72,72,72,79,79,79,79,79,79,72,72],"card_choices":[{"not_picked":["Reflex","Deflect"],"picked":"Bouncing Flask","floor":1},{"not_picked":["Outmaneuver","Prepared"],"picked":"Caltrops","floor":2},{"not_picked":["PiercingWail","Dash"],"picked":"Footwork","floor":3},{"not_picked":["Flying Knee","Caltrops"],"picked":"Catalyst","floor":4},{"not_picked":["Escape Plan","Eviscerate"],"picked":"Quick Slash","floor":7},{"not_picked":["Flechettes","Underhanded Strike"],"picked":"Tactician","floor":12}],"player_experience":681174,"relics_obtained":[{"floor":7,"key":"Strawberry"},{"floor":9,"key":"Whetstone"},{"floor":12,"key":"Art of War"}],"event_choices":[{"damage_healed":0,"gold_gain":0,"player_choice":"Lose Max HP","damage_taken":0,"relics_obtained":["Golden Idol"],"max_hp_gain":0,"max_hp_loss":7,"event_name":"Golden Idol","floor":13,"gold_loss":0}],"is_beta":false,"boss_relics":[],"items_purged_floors":[],"is_endless":false,"potions_floor_spawned":[1,3,7],"killed_by":"3 Sentries","ascension_level":18}