{"gold_per_floor":[109,284,297,78,78,111,111,126,174,206,31,31,106,116,116,217,217,227,246,246,246,161,161,190,190,190,210,243,262,287,387,387,490,490,507,115,130,144,160,185,197,0,12,36,64,96,124,150,162,174],"floor_reached":51,"playtime":4091,"items_purged":["Doubt","Strike_G","Strike_G"],"score":838,"play_id":"a0593ffa-705f-4d57-b04f-26782d9e6561","local_time":"20190503195515","is_ascension_mode":true,"campfire_choices":[{"data":"Catalyst","floor":7.0,"key":"SMITH"},{"data":"Bouncing Flask","floor":12.0,"key":"SMITH"},{"data":"Night Terror","floor":15.0,"key":"SMITH"},{"floor":23.0,"key":"REST"},{"floor":32.0,"key":"DIG"},{"floor":41.0,"key":"DIG"},{"floor":49,"key":"DIG"}],"neow_cost":"NONE","seed_source_timestamp":945293179409410,"circlet_count":0,"master_deck":["Defend_G","Defend_G","Defend_G","Defend_G+1","Defend_G","Strike_G+1","Strike_G","Survivor","Neutralize","Deflect","Flying Knee+1","Noxious Fumes+1","Catalyst+1","Night Terror+1","Backstab","PiercingWail","Bouncing Flask+1","PiercingWail","Noxious Fumes+1","Necronomicurse","PiercingWail+1","Dodge and Roll+1","Backflip","Corpse Explosion+1","Master of Strategy+1","Acrobatics+1","Injury","Deadly Poison+1"],"special_seed":0,"relics":["Ring of the Snake","Regal Pillow","Orichalcum","Pen Nib","Whetstone","Snecko Eye","Necronomicon","Vajra","Dream Catcher","Potion Belt","PreservedInsect","Pantograph","Shovel","Toxic Egg 2","Letter Opener","Cursed Key","MawBank","Mercury Hourglass","Red Mask","Kunai","Blue Candle"],"potions_floor_usage":[48,48,50,50],"damage_taken":[{"damage":1.0,"enemies":"Small Slimes","floor":1.0,"turns":4.0},{"damage":3.0,"enemies":"Jaw Worm","floor":3.0,"turns":7.0},{"damage":4.0,"enemies":"Lagavulin","floor":6.0,"turns":8.0},{"damage":1.0,"enemies":"2 Louse","floor":8.0,"turns":4.0},{"damage":15.0,"enemies":"3 Sentries","floor":10.0,"turns":7.0},{"damage":0.0,"enemies":"Lots of Slimes","floor":14.0,"turns":3.0},{"damage":12.0,"enemies":"Hexaghost","floor":16.0,"turns":6.0},{"damage":4.0,"enemies":"Chosen","floor":18.0,"turns":4.0},{"damage":12.0,"enemies":"2 Thieves","floor":19.0,"turns":3.0},{"damage":0.0,"enemies":"Book of Stabbing","floor":24.0,"turns":4.0},{"damage":15.0,"enemies":"Snake Plant","floor":27.0,"turns":5.0},{"damage":1.0,"enemies":"Gremlin Leader","floor":28.0,"turns":6.0},{"damage":1.0,"enemies":"Shelled Parasite and Fungi","floor":29.0,"turns":6.0},{"damage":10.0,"enemies":"Slavers","floor":30.0,"turns":5.0},{"damage":3.0,"enemies":"Colosseum Slavers","floor":31.0,"turns":5.0},{"damage":5.0,"enemies":"Colosseum Nobs","floor":31.0,"turns":4.0},{"damage":12.0,"enemies":"Collector","floor":33.0,"turns":6.0},{"damage":5.0,"enemies":"3 Darklings","floor":35.0,"turns":3.0},{"damage":1.0,"enemies":"3 Shapes","floor":37.0,"turns":4.0},{"damage":0.0,"enemies":"Maw","floor":38.0,"turns":6.0},{"damage":1.0,"enemies":"4 Shapes","floor":39.0,"turns":2.0},{"damage":0.0,"enemies":"Nemesis","floor":40.0,"turns":3.0},{"damage":0.0,"enemies":"Jaw Worm Horde","floor":44.0,"turns":3.0},{"damage":9.0,"enemies":"3 Darklings","floor":45.0,"turns":4.0},{"damage":0.0,"enemies":"Maw","floor":46.0,"turns":4.0},{"damage":0.0,"enemies":"Spire Growth","floor":47.0,"turns":4.0},{"damage":0,"enemies":"Transient","floor":48,"turns":3},{"damage":43,"enemies":"Awakened One","floor":50,"turns":16}],"seed_played":"-4898030294581439099","potions_obtained":[{"floor":3.0,"key":"GamblersBrew"},{"floor":10.0,"key":"PowerPotion"},{"floor":14.0,"key":"GhostInAJar"},{"floor":18.0,"key":"SpeedPotion"},{"floor":19.0,"key":"Poison Potion"},{"floor":27.0,"key":"Block Potion"},{"floor":29.0,"key":"Energy Potion"},{"floor":31.0,"key":"AttackPotion"},{"floor":37.0,"key":"Weak Potion"},{"floor":40.0,"key":"Block Potion"},{"floor":45.0,"key":"GhostInAJar"},{"floor":46.0,"key":"GhostInAJar"}],"is_trial":false,"path_per_floor":["M","?","M","$","?","E","R","M","T","E","$","R","?","M","R","B",null,"M","M","?","?","?","R","E","T","T","M","E","M","E","?","R","B",null,"M","$","M","M","M","E","R","?","T","M","M","M","M","M","R","B",null],"character_chosen":"THE_SILENT","items_purchased":["Noxious Fumes","Catalyst","Bouncing Flask","GamblersBrew","Master of Strategy+1"],"campfire_rested":1,"item_purchase_floors":[4,4,11,36,36],"current_hp_per_floor":[69,69,66,66,52,48,48,47,47,32,32,32,25,25,25,13,70,66,54,38,38,38,70,70,70,70,55,54,53,43,35,35,48,70,65,65,64,64,63,63,63,63,63,63,54,54,54,54,54,27],"gold":186,"neow_bonus":"RANDOM_COMMON_RELIC","is_prod":false,"is_daily":false,"chose_seed":false,"campfire_upgraded":3,"win_rate":0,"timestamp":1556909715,"path_taken":["M","?","M","$","?","E","R","M","T","E","?","R","?","?","R","BOSS","M","M","?","?","?","R","E","?","T","M","E","M","E","?","R","BOSS","M","$","M","M","M","E","R","?","T","M","M","M","M","M","R","BOSS"],"build_version":"2019-01-23","purchased_purges":3,"victory":true,"max_hp_per_floor":[70,70,70,70,70,70,70,70,70,70,70,70,70,70,70,70,70,70,70,70,70,70,70,70,70,70,70,70,70,70,70,70,70,70,70,70,70,70,70,70,70,70,70,70,70,70,70,70,70,70],"card_choices":[{"not_picked":["Outmaneuver","Bane"],"picked":"Deflect","floor":1.0},{"not_picked":["Sucker Punch","Prepared"],"picked":"Flying Knee","floor":3.0},{"not_picked":["Crippling Poison","Tactician"],"picked":"Night Terror","floor":6.0},{"not_picked":["Setup","Outmaneuver"],"picked":"Backstab","floor":8.0},{"not_picked":["Riddle With Holes","Masterful Stab"],"picked":"PiercingWail","floor":10.0},{"not_picked":["Underhanded Strike","Acrobatics","Dagger Throw"],"picked":"SKIP","floor":14.0},{"not_picked":["Quick Slash","Bane"],"picked":"PiercingWail","floor":18.0},{"not_picked":["Endless Agony","Underhanded Strike"],"picked":"Noxious Fumes+1","floor":19.0},{"not_picked":["Distraction","All Out Attack"],"picked":"PiercingWail+1","floor":24.0},{"not_picked":["Cloak And Dagger","Blade Dance","Prepared+1"],"picked":"SKIP","floor":27.0},{"not_picked":["Prepared","Underhanded Strike"],"picked":"Dodge and Roll+1","floor":28.0},{"not_picked":["Dagger Throw+1","Glass Knife"],"picked":"Backflip","floor":29.0},{"not_picked":["Underhanded Strike","Blur","Dagger Throw+1"],"picked":"SKIP","floor":30.0},{"not_picked":["Glass Knife","Malaise+1"],"picked":"Corpse Explosion+1","floor":33.0},{"not_picked":["Bane+1","Outmaneuver+1","Cloak And Dagger+1"],"picked":"SKIP","floor":35.0},{"not_picked":["Sucker Punch","Dodge and Roll+1","Blade Dance+1"],"picked":"SKIP","floor":37.0},{"not_picked":["Dagger Spray","After Image"],"picked":"Acrobatics+1","floor":38.0},{"not_picked":["Eviscerate+1","Infinite Blades","Footwork"],"picked":"SKIP","floor":39.0},{"not_picked":["Outmaneuver+1","Unload","Prepared+1"],"picked":"SKIP","floor":40.0},{"not_picked":["Escape Plan+1","Backflip+1","Reflex+1"],"picked":"SKIP","floor":44.0},{"not_picked":["Cloak And Dagger+1","Prepared+1"],"picked":"Deadly Poison+1","floor":45.0},{"not_picked":["PiercingWail+1","Quick Slash","Slice+1"],"picked":"SKIP","floor":46.0},{"not_picked":["Concentrate+1","Venomology+1","Dodge and Roll+1"],"picked":"SKIP","floor":47.0},{"not_picked":["Endless Agony","Dagger Throw","Slice"],"picked":"SKIP","floor":48}],"player_experience":932988,"relics_obtained":[{"floor":6.0,"key":"Orichalcum"},{"floor":9.0,"key":"Pen Nib"},{"floor":10.0,"key":"Whetstone"},{"floor":20.0,"key":"Necronomicon"},{"floor":24.0,"key":"Dream Catcher"},{"floor":25.0,"key":"Potion Belt"},{"floor":28.0,"key":"PreservedInsect"},{"floor":30.0,"key":"Pantograph"},{"floor":31.0,"key":"Shovel"},{"floor":31.0,"key":"Toxic Egg 2"},{"floor":32.0,"key":"Letter Opener"},{"floor":40.0,"key":"MawBank"},{"floor":41.0,"key":"Mercury Hourglass"},{"floor":43.0,"key":"Kunai"},{"floor":49,"key":"Blue Candle"}],"event_choices":[{"damage_healed":0.0,"max_hp_gain":0.0,"max_hp_loss":0.0,"gold_gain":175.0,"event_name":"Liars Game","player_choice":"AGREE","floor":2.0,"gold_loss":0.0,"damage_taken":0.0,"cards_obtained":["Doubt"]},{"damage_healed":0.0,"max_hp_gain":0.0,"max_hp_loss":0.0,"gold_gain":0.0,"event_name":"Shining Light","player_choice":"Entered Light","floor":5.0,"gold_loss":0.0,"damage_taken":14.0,"cards_upgraded":["Defend_G","Noxious Fumes"]},{"damage_healed":0.0,"max_hp_gain":0.0,"max_hp_loss":0.0,"gold_gain":75.0,"event_name":"FaceTrader","player_choice":"Touch","floor":13.0,"gold_loss":0.0,"damage_taken":7.0},{"damage_healed":0.0,"max_hp_gain":0.0,"max_hp_loss":0.0,"gold_gain":0.0,"event_name":"Cursed Tome","player_choice":"Obtained Book","floor":20.0,"gold_loss":0.0,"damage_taken":16.0},{"cards_removed":["Strike_G"],"damage_healed":0.0,"max_hp_gain":0.0,"max_hp_loss":0.0,"gold_gain":0.0,"event_name":"Back to Basics","player_choice":"Elegance","floor":21.0,"gold_loss":0.0,"damage_taken":0.0},{"damage_healed":0.0,"max_hp_gain":0.0,"max_hp_loss":0.0,"gold_gain":0.0,"event_name":"Addict","player_choice":"Obtained Relic","floor":22.0,"gold_loss":85.0,"damage_taken":0.0,"relics_obtained":["Vajra"]},{"damage_healed":0.0,"max_hp_gain":0.0,"max_hp_loss":0.0,"gold_gain":0.0,"event_name":"Colosseum","player_choice":"Fight","floor":31.0,"gold_loss":0.0,"damage_taken":0.0},{"damage_healed":0.0,"max_hp_gain":0.0,"max_hp_loss":0.0,"gold_gain":0.0,"event_name":"Colosseum","player_choice":"Fought Nobs","floor":31.0,"gold_loss":0.0,"damage_taken":0.0},{"damage_healed":0.0,"max_hp_gain":0.0,"max_hp_loss":0.0,"gold_gain":0.0,"event_name":"Tomb of Lord Red Mask","player_choice":"Paid","floor":42.0,"gold_loss":209.0,"damage_taken":0.0,"relics_obtained":["Red Mask"]}],"is_beta":false,"boss_relics":[{"not_picked":["Ring of the Serpent","Runic Dome"],"picked":"Snecko Eye"},{"not_picked":["Sozu","Busted Crown"],"picked":"Cursed Key"}],"items_purged_floors":[4,11,36],"is_endless":false,"potions_floor_spawned":[3,10,14,18,19,27,29,31,31,37,40,45,46],"ascension_level":1}