{"gold_per_floor":[116,116,191,205,225,225,241,241,241,257,257,12,32,43,43,141,141,158,171,171,0,11,11,11,31,31,46,46,66,66,76,76,178,178,190,209,209,219,219,219,219,232,232,14,14,32,32,51,51,51],"floor_reached":50,"playtime":3169,"items_purged":["Bite"],"score":440,"play_id":"4f92629b-bcd8-4522-9335-7d40cca1c3bb","local_time":"20190225003213","is_ascension_mode":false,"campfire_choices":[{"data":"Armaments","floor":6,"key":"SMITH"},{"data":"Bash","floor":8,"key":"SMITH"},{"data":"Body Slam","floor":11,"key":"SMITH"},{"data":"Defend_R","floor":15,"key":"SMITH"},{"data":"Flex","floor":23,"key":"SMITH"},{"data":"Bludgeon","floor":28,"key":"SMITH"},{"data":"Flame Barrier","floor":30,"key":"SMITH"},{"data":"Fiend Fire","floor":32,"key":"SMITH"},{"data":"Disarm","floor":40,"key":"SMITH"},{"data":"Limit Break","floor":45,"key":"SMITH"},{"floor":47,"key":"REST"},{"floor":49,"key":"REST"}],"neow_cost":"NONE","seed_source_timestamp":253181256583836,"circlet_count":0,"master_deck":["Defend_R+1","Defend_R","Defend_R","Bash+1","Armaments+1","Bludgeon+1","Clash","Body Slam+1","Dropkick","Secret Weapon","Fiend Fire+1","Dropkick","Reaper","Shrug It Off","Uppercut+1","Flex+1","Bite","Bite","Bite","Carnage+1","Flame Barrier+1","Clothesline+1","Clash","Offering","Disarm+1","Hemokinesis+1","Infernal Blade+1","Metallicize+1","Inflame","Limit Break+1","Battle Trance+1","Flex+1"],"relics":["Cursed Key"],"potions_floor_usage":[19,20,27,29,33,33,50,50,50],"damage_taken":[{"damage":1,"enemies":"2 Louse","floor":1,"turns":2},{"damage":1,"enemies":"Jaw Worm","floor":4,"turns":2},{"damage":0,"enemies":"Cultist","floor":5,"turns":2},{"damage":0,"enemies":"Large Slime","floor":7,"turns":2},{"damage":0,"enemies":"3 Louse","floor":10,"turns":3},{"damage":0,"enemies":"Exordium Wildlife","floor":13,"turns":1},{"damage":0,"enemies":"2 Fungi Beasts","floor":14,"turns":2},{"damage":46,"enemies":"Hexaghost","floor":16,"turns":7},{"damage":2,"enemies":"Chosen","floor":18,"turns":3},{"damage":4,"enemies":"2 Thieves","floor":19,"turns":3},{"damage":33,"enemies":"Colosseum Slavers","floor":20,"turns":6},{"damage":32,"enemies":"Chosen and Byrds","floor":22,"turns":5},{"damage":0,"enemies":"Centurion and Healer","floor":25,"turns":5},{"damage":6,"enemies":"Snecko","floor":27,"turns":3},{"damage":0,"enemies":"Chosen and Byrds","floor":29,"turns":4},{"damage":2,"enemies":"Snake Plant","floor":31,"turns":3},{"damage":43,"enemies":"Automaton","floor":33,"turns":6},{"damage":12,"enemies":"3 Shapes","floor":35,"turns":4},{"damage":18,"enemies":"3 Darklings","floor":36,"turns":4},{"damage":30,"enemies":"4 Shapes","floor":38,"turns":7},{"damage":18,"enemies":"Spire Growth","floor":42,"turns":2},{"damage":27,"enemies":"Writhing Mass","floor":46,"turns":6},{"damage":16,"enemies":"Transient","floor":48,"turns":5},{"damage":39,"enemies":"Time Eater","floor":50,"turns":5}],"seed_played":"7631586627678617230","potions_obtained":[{"floor":5,"key":"Energy Potion"},{"floor":7,"key":"SteroidPotion"},{"floor":10,"key":"Regen Potion"},{"floor":19,"key":"Poison Potion"},{"floor":22,"key":"Energy Potion"},{"floor":27,"key":"Ancient Potion"},{"floor":29,"key":"Dexterity Potion"},{"floor":36,"key":"Dexterity Potion"},{"floor":46,"key":"PowerPotion"}],"is_trial":false,"path_per_floor":["M","?","?","M","M","R","M","R","T","M","R","$","M","M","R","B",null,"M","M","?","?","M","R","?","M","T","M","R","M","R","M","R","B",null,"M","M","?","M","?","R","?","M","T","$","R","M","R","M","R","B"],"character_chosen":"IRONCLAD","items_purchased":["Dropkick","Secret Weapon","Inflame","Limit Break"],"campfire_rested":2,"item_purchase_floors":[12,12,44,44],"current_hp_per_floor":[79,79,71,70,70,70,70,70,70,70,70,70,70,70,70,24,80,78,74,64,64,38,38,38,54,54,56,56,56,56,56,56,19,56,50,39,39,15,49,49,49,31,31,31,31,8,22,24,38,0],"gold":51,"neow_bonus":"BOSS_RELIC","is_prod":false,"is_daily":false,"chose_seed":false,"campfire_upgraded":10,"win_rate":0,"timestamp":1551054733,"path_taken":["M","?","?","?","M","R","M","R","T","M","R","$","M","M","R","BOSS","M","M","?","?","M","R","?","?","T","M","R","M","R","M","R","BOSS","M","M","?","M","?","R","?","M","T","$","R","M","R","M","R","BOSS"],"build_version":"2019-01-23","purchased_purges":1,"victory":false,"max_hp_per_floor":[80,80,80,80,80,80,80,80,80,80,80,80,80,80,80,80,80,80,80,80,80,80,80,56,56,56,56,56,56,56,56,56,56,56,56,56,56,56,49,49,49,49,49,49,49,49,49,49,49,49],"card_choices":[{"not_picked":["Perfected Strike","Feel No Pain"],"picked":"Armaments","floor":1},{"not_picked":["Intimidate","Entrench","Sword Boomerang"],"picked":"SKIP","floor":4},{"not_picked":["Anger","Sword Boomerang"],"picked":"Clash","floor":5},{"not_picked":["Havoc","Perfected Strike"],"picked":"Body Slam","floor":7},{"not_picked":["Perfected Strike","Bloodletting","Warcry"],"picked":"SKIP","floor":10},{"not_picked":["Cleave","Clash"],"picked":"Fiend Fire","floor":13},{"not_picked":["Sword Boomerang","Headbutt"],"picked":"Dropkick","floor":14},{"not_picked":["Fiend Fire","Impervious"],"picked":"Reaper","floor":16},{"not_picked":["Wild Strike","Pummel"],"picked":"Shrug It Off","floor":18},{"not_picked":["Body Slam","Clothesline"],"picked":"Uppercut+1","floor":19},{"not_picked":["Brutality","Pummel+1"],"picked":"Flex","floor":22},{"not_picked":["Havoc","Feel No Pain"],"picked":"Carnage+1","floor":25},{"not_picked":["Evolve","Thunderclap"],"picked":"Flame Barrier","floor":27},{"not_picked":["Body Slam","Second Wind"],"picked":"Clothesline+1","floor":29},{"not_picked":["Sword Boomerang+1","Twin Strike"],"picked":"Clash","floor":31},{"not_picked":["Exhume","Barricade"],"picked":"Offering","floor":33},{"not_picked":["Clash+1","Flex"],"picked":"Disarm","floor":35},{"not_picked":["Carnage+1","Clothesline+1"],"picked":"Hemokinesis+1","floor":36},{"not_picked":["Uppercut","Second Wind+1"],"picked":"Infernal Blade+1","floor":38},{"not_picked":["Body Slam+1","Seeing Red+1"],"picked":"Metallicize+1","floor":42},{"not_picked":["Perfected Strike+1","Cleave"],"picked":"Battle Trance+1","floor":46},{"not_picked":["Immolate","Searing Blow"],"picked":"Flex+1","floor":48}],"player_experience":494297,"relics_obtained":[],"event_choices":[{"damage_healed":0,"gold_gain":0,"cards_transformed":["Defend_R"],"player_choice":"Change","damage_taken":0,"max_hp_gain":0,"max_hp_loss":0,"event_name":"Living Wall","floor":2,"gold_loss":0,"cards_obtained":["Bludgeon"]},{"damage_healed":0,"gold_gain":75,"player_choice":"Touch","damage_taken":8,"max_hp_gain":0,"max_hp_loss":0,"event_name":"FaceTrader","floor":3,"gold_loss":0},{"damage_healed":0,"gold_gain":0,"player_choice":"Fight","damage_taken":0,"max_hp_gain":0,"max_hp_loss":0,"event_name":"Colosseum","floor":20,"gold_loss":0},{"damage_healed":0,"gold_gain":0,"player_choice":"Fled From Nobs","damage_taken":0,"max_hp_gain":0,"max_hp_loss":0,"event_name":"Colosseum","floor":20,"gold_loss":0},{"damage_healed":0,"gold_gain":0,"player_choice":"Paid Fearfully","damage_taken":0,"max_hp_gain":0,"max_hp_loss":0,"event_name":"Masked Bandits","floor":21,"gold_loss":171},{"damage_healed":0,"gold_gain":0,"player_choice":"Became a vampire","damage_taken":0,"max_hp_gain":0,"max_hp_loss":24,"event_name":"Vampires","floor":24,"gold_loss":0,"cards_obtained":["Bite","Bite","Bite","Bite","Bite"]},{"cards_removed":["Bite"],"damage_healed":0,"gold_gain":0,"player_choice":"Removed Attack","damage_taken":0,"max_hp_gain":0,"max_hp_loss":0,"event_name":"Falling","floor":37,"gold_loss":0},{"damage_healed":49,"gold_gain":0,"player_choice":"Heal","damage_taken":0,"max_hp_gain":0,"max_hp_loss":7,"event_name":"The Moai Head","floor":39,"gold_loss":0},{"damage_healed":0,"gold_gain":0,"player_choice":"Ignored","damage_taken":0,"max_hp_gain":0,"max_hp_loss":0,"event_name":"Mysterious Sphere","floor":41,"gold_loss":0}],"is_beta":false,"boss_relics":[{"not_picked":["Lizard Tail","Tiny House","Runic Dome"]},{"not_picked":["Lizard Tail","Tiny House","Runic Dome"]}],"items_purged_floors":[44],"is_endless":false,"potions_floor_spawned":[5,7,10,13,19,22,27,29,36,46],"killed_by":"Time Eater","ascension_level":0}