{"gold_per_floor":[114,47,47,67,31,63,63,97,97,149,165,184,184,197,197,299,299,310,310,310,22,39,39,116,116,116,116,131,151,164,184,184,286,286,297,297,297,43,143,143,143,159,159,170,170,187,62,78,78,78,78,78,41,68,68],"floor_reached":55,"playtime":4668,"items_purged":["Defend_G","Strike_G","Normality"],"score":707,"play_id":"8962799b-0b55-4404-839d-e5249819baf4","local_time":"20190101211529","is_ascension_mode":false,"campfire_choices":[{"data":"Storm of Steel","floor":7,"key":"SMITH"},{"floor":13,"key":"RECALL"},{"data":"Infinite Blades","floor":15,"key":"SMITH"},{"data":"Accuracy","floor":25,"key":"SMITH"},{"data":"Cloak And Dagger","floor":27,"key":"SMITH"},{"data":"Neutralize","floor":32,"key":"SMITH"},{"data":"Burst","floor":40,"key":"SMITH"},{"floor":49,"key":"REST"},{"data":"Regret","floor":52,"key":"PURGE"}],"neow_cost":"NONE","seed_source_timestamp":245057099440871,"circlet_count":0,"master_deck":["Defend_G","Defend_G","Defend_G","Defend_G","Strike_G","Strike_G","Strike_G","Survivor","Neutralize+1","Storm of Steel+1","Backflip","Footwork","Predator","Finisher","Backflip","Heel Hook","Acrobatics","Infinite Blades+1","Accuracy+1","Tools of the Trade","Blur","Cloak And Dagger+1","Well Laid Plans","Reflex+1","Cloak And Dagger","Burst+1","Cloak And Dagger+1","Riddle With Holes","Footwork","Underhanded Strike+1","Quick Slash+1","Terror","Blur+1","Riddle With Holes","Backflip+1"],"relics":["Ring of the Snake","Shuriken","Meat on the Bone","Art of War","Omamori","Cursed Key","MutagenicStrength","Bag of Preparation","Pear","Question Card","Empty Cage","Nunchaku","Ninja Scroll","Peace Pipe","Bottled Tornado"],"potions_floor_usage":[8,22,22,33,33,50,50,55,55],"damage_taken":[{"damage":9,"enemies":"Cultist","floor":1,"turns":4},{"damage":0,"enemies":"Small Slimes","floor":4,"turns":4},{"damage":21,"enemies":"Gremlin Nob","floor":6,"turns":4},{"damage":26,"enemies":"Lagavulin","floor":8,"turns":4},{"damage":0,"enemies":"Jaw Worm","floor":11,"turns":3},{"damage":2,"enemies":"Blue Slaver","floor":12,"turns":3},{"damage":13,"enemies":"Gremlin Gang","floor":14,"turns":6},{"damage":13,"enemies":"Hexaghost","floor":16,"turns":8},{"damage":10,"enemies":"Spheric Guardian","floor":18,"turns":4},{"damage":23,"enemies":"Colosseum Slavers","floor":20,"turns":4},{"damage":2,"enemies":"2 Thieves","floor":22,"turns":3},{"damage":19,"enemies":"Snake Plant","floor":28,"turns":4},{"damage":8,"enemies":"Snecko","floor":29,"turns":5},{"damage":4,"enemies":"3 Cultists","floor":30,"turns":4},{"damage":25,"enemies":"Snake Plant","floor":31,"turns":5},{"damage":33,"enemies":"Champ","floor":33,"turns":7},{"damage":6,"enemies":"Orb Walker","floor":35,"turns":3},{"damage":5,"enemies":"Mind Bloom Boss Battle","floor":39,"turns":6},{"damage":2,"enemies":"3 Shapes","floor":42,"turns":4},{"damage":18,"enemies":"Maw","floor":44,"turns":5},{"damage":30,"enemies":"Jaw Worm Horde","floor":46,"turns":4},{"damage":2,"enemies":"4 Shapes","floor":48,"turns":6},{"damage":61,"enemies":"Time Eater","floor":50,"turns":10},{"damage":61,"enemies":"Shield and Spear","floor":54,"turns":7},{"damage":71,"enemies":"The Heart","floor":55,"turns":3}],"seed_played":"4526544698481305288","potions_obtained":[{"floor":6,"key":"SkillPotion"},{"floor":8,"key":"SmokeBomb"},{"floor":12,"key":"GhostInAJar"},{"floor":16,"key":"SpeedPotion"},{"floor":22,"key":"Dexterity Potion"},{"floor":29,"key":"Poison Potion"},{"floor":31,"key":"SteroidPotion"},{"floor":42,"key":"LiquidBronze"},{"floor":44,"key":"Ancient Potion"},{"floor":46,"key":"SteroidPotion"},{"floor":54,"key":"LiquidBronze"}],"is_trial":false,"path_per_floor":["M","$","?","M","$","E","R","E","T","T","M","M","R","M","R","B",null,"M","?","?","$","M","?","T","R","T","R","M","M","M","M","R","B",null,"M","?","?","$","?","R","T","M","T","M","?","M","$","M","R","B",null,"R","$","E","B"],"character_chosen":"THE_SILENT","items_purchased":["Footwork","Finisher","Cloak And Dagger","Well Laid Plans","Dramatic Entrance","Riddle With Holes","Footwork","Riddle With Holes"],"campfire_rested":1,"item_purchase_floors":[2,5,21,21,21,38,38,53],"current_hp_per_floor":[61,61,49,49,49,28,28,14,14,14,26,36,36,35,35,34,70,60,60,37,37,47,47,57,57,57,57,50,42,50,37,37,16,80,74,74,74,74,69,69,69,67,67,49,49,31,31,41,65,16,80,80,80,31,0],"gold":68,"neow_bonus":"ONE_RANDOM_RARE_CARD","is_prod":false,"is_daily":false,"chose_seed":false,"campfire_upgraded":6,"win_rate":0,"timestamp":1546377329,"path_taken":["M","?","?","M","?","E","R","E","T","?","M","?","R","M","R","BOSS","M","?","?","?","M","?","?","R","T","R","M","M","M","?","R","BOSS","M","?","?","$","?","R","?","?","T","M","?","M","$","?","R","BOSS","R","$","E","BOSS"],"build_version":"2018-12-20","purchased_purges":3,"victory":false,"max_hp_per_floor":[70,70,70,70,70,70,70,70,70,70,70,70,70,70,70,70,70,70,70,70,70,70,70,80,80,80,80,80,80,80,80,80,80,80,80,80,80,80,80,80,80,80,80,80,80,80,80,80,80,80,80,80,80,80,80],"card_choices":[{"not_picked":["Poisoned Stab","Dagger Spray"],"picked":"Backflip","floor":1},{"not_picked":["Dodge and Roll","Slice"],"picked":"Predator","floor":4},{"not_picked":["Finisher","Eviscerate"],"picked":"Backflip","floor":6},{"not_picked":["Dash","Sucker Punch"],"picked":"Heel Hook","floor":8},{"not_picked":["Dash","Crippling Poison"],"picked":"Acrobatics","floor":11},{"not_picked":["Deflect","Cloak And Dagger"],"picked":"Infinite Blades","floor":12},{"not_picked":["Malaise","PiercingWail"],"picked":"Accuracy","floor":14},{"not_picked":["Doppelganger","Wraith Form v2"],"picked":"Tools of the Trade","floor":16},{"not_picked":["Footwork","Poisoned Stab"],"picked":"Blur","floor":18},{"not_picked":["Flying Knee","Underhanded Strike"],"picked":"Reflex+1","floor":22},{"not_picked":["Heel Hook","Distraction","Bane+1","Dodge and Roll"],"picked":"SKIP","floor":28},{"not_picked":["Heel Hook","Slice","Eviscerate"],"picked":"Cloak And Dagger","floor":29},{"not_picked":["Slice","Prepared","Tactician","Dagger Spray"],"picked":"SKIP","floor":30},{"not_picked":["Skewer","Endless Agony","Quick Slash","Concentrate+1"],"picked":"SKIP","floor":31},{"not_picked":["A Thousand Cuts","Malaise","Wraith Form v2"],"picked":"Burst","floor":33},{"not_picked":["Choke","Backflip+1","Deadly Poison+1"],"picked":"Cloak And Dagger+1","floor":35},{"not_picked":["Poisoned Stab+1","Prepared","Sucker Punch"],"picked":"Underhanded Strike+1","floor":39},{"not_picked":["Skewer","Concentrate","Flechettes"],"picked":"Quick Slash+1","floor":42},{"not_picked":["Sucker Punch+1","All Out Attack+1","Dodge and Roll","Bane"],"picked":"SKIP","floor":44},{"not_picked":["Infinite Blades+1","Expertise+1","Dodge and Roll"],"picked":"Terror","floor":46},{"not_picked":["Prepared","Calculated Gamble+1","Deadly Poison+1"],"picked":"Blur+1","floor":48},{"not_picked":["Heel Hook+1","Outmaneuver+1","Accuracy"],"picked":"Backflip+1","floor":54}],"player_experience":432150,"relics_obtained":[{"floor":6,"key":"Meat on the Bone"},{"floor":8,"key":"Art of War"},{"floor":10,"key":"Omamori"},{"floor":24,"key":"Pear"},{"floor":26,"key":"Question Card"},{"floor":39,"key":"Nunchaku"},{"floor":41,"key":"Ninja Scroll"},{"floor":43,"key":"Peace Pipe"},{"floor":54,"key":"Bottled Tornado"}],"event_choices":[{"damage_healed":0,"gold_gain":0,"player_choice":"Success","damage_taken":12,"relics_obtained":["Shuriken"],"max_hp_gain":0,"max_hp_loss":0,"event_name":"Scrap Ooze","floor":3,"gold_loss":0},{"damage_healed":0,"gold_gain":0,"player_choice":"Inject Mutagens","damage_taken":0,"relics_obtained":["MutagenicStrength"],"max_hp_gain":0,"max_hp_loss":0,"event_name":"Drug Dealer","floor":19,"gold_loss":0},{"damage_healed":0,"gold_gain":0,"player_choice":"Fight","damage_taken":0,"max_hp_gain":0,"max_hp_loss":0,"event_name":"Colosseum","floor":20,"gold_loss":0},{"damage_healed":0,"gold_gain":0,"player_choice":"Fled From Nobs","damage_taken":0,"max_hp_gain":0,"max_hp_loss":0,"event_name":"Colosseum","floor":20,"gold_loss":0},{"damage_healed":0,"gold_gain":0,"player_choice":"Opened","damage_taken":0,"relics_obtained":["Bag of Preparation"],"max_hp_gain":0,"max_hp_loss":0,"event_name":"The Mausoleum","floor":23,"gold_loss":0,"cards_obtained":["Writhe"]},{"cards_removed":["Dramatic Entrance"],"damage_healed":0,"gold_gain":0,"player_choice":"Removed Attack","damage_taken":0,"max_hp_gain":0,"max_hp_loss":0,"event_name":"Falling","floor":36,"gold_loss":0},{"damage_healed":0,"gold_gain":0,"player_choice":"Ignored","damage_taken":0,"max_hp_gain":0,"max_hp_loss":0,"event_name":"Tomb of Lord Red Mask","floor":37,"gold_loss":0},{"damage_healed":0,"gold_gain":0,"player_choice":"Fight","damage_taken":0,"max_hp_gain":0,"max_hp_loss":0,"event_name":"MindBloom","floor":39,"gold_loss":0},{"damage_healed":0,"gold_gain":0,"player_choice":"Bought 0 Potions","damage_taken":0,"max_hp_gain":0,"max_hp_loss":0,"event_name":"The Woman in Blue","floor":45,"gold_loss":0}],"is_beta":false,"boss_relics":[{"not_picked":["Sozu","Black Star"],"picked":"Cursed Key"},{"not_picked":["Runic Dome","White Beast Statue"],"picked":"Empty Cage"}],"items_purged_floors":[21,38,47],"is_endless":false,"potions_floor_spawned":[6,8,12,16,22,29,31,42,44,46,54],"killed_by":"The Heart","ascension_level":0}