{"gold_per_floor":[310,326,342,359,359,359,389,101,101,127,147,147,179,192,192,270,270,283,233,90,107,118,150,200,200,200,200,200,62,91,103,103,177,177,191,191,191,191,211,238,238,256,309,309,336,36,66,81,81,81,81,81,81,25,58,58],"floor_reached":56,"playtime":6256,"items_purged":["Strike_B","Strike_B"],"score":2436,"play_id":"db1fe4d1-c604-4b18-b0ab-f160e10fd479","local_time":"20190426223410","is_ascension_mode":true,"campfire_choices":[{"floor":6.0,"key":"REST"},{"data":"Sunder","floor":12.0,"key":"SMITH"},{"data":"Consume","floor":15.0,"key":"SMITH"},{"data":"Biased Cognition","floor":27.0,"key":"SMITH"},{"data":"Capacitor","floor":32.0,"key":"SMITH"},{"floor":41.0,"key":"RECALL"},{"data":"Reinforced Body","floor":49,"key":"SMITH"},{"data":"Hologram","floor":53,"key":"SMITH"}],"neow_cost":"NO_GOLD","seed_source_timestamp":0,"circlet_count":0,"master_deck":["AscendersBane","Strike_B+1","Strike_B+1","Defend_B+1","Defend_B+1","Defend_B+1","Defend_B+1","Zap+1","Dualcast+1","Sweeping Beam+1","Ball Lightning+1","Sunder+1","Conserve Battery+1","Consume+1","Core Surge+1","Biased Cognition+1","Ball Lightning+1","Static Discharge+1","Compile Driver+1","Self Repair+1","Glacier+1","Ghostly+1","Ghostly+1","Ghostly+1","Capacitor+1","Coolheaded+1","Hologram+1","Creative AI+1","Skim+1","Reinforced Body+1","Steam Power+1","Darkness","Hologram+1","Coolheaded+1","Hologram+1"],"special_seed":0,"relics":["Cracked Core","Old Coin","Blue Candle","PreservedInsect","Pantograph","Darkstone Periapt","Bag of Marbles","Philosopher\u0027s Stone","Bottled Flame","Dead Branch","Happy Flower","Coffee Dripper","Mark of the Bloom","Omamori","Pear","Incense Burner","Oddly Smooth Stone","Boot","Blood Vial"],"potions_floor_usage":[50,56,56],"damage_taken":[{"damage":5.0,"enemies":"Small Slimes","floor":1.0,"turns":2.0},{"damage":1.0,"enemies":"Cultist","floor":2.0,"turns":3.0},{"damage":12.0,"enemies":"Jaw Worm","floor":3.0,"turns":3.0},{"damage":7.0,"enemies":"Blue Slaver","floor":4.0,"turns":3.0},{"damage":13.0,"enemies":"Lagavulin","floor":7.0,"turns":7.0},{"damage":1.0,"enemies":"Gremlin Nob","floor":10.0,"turns":3.0},{"damage":1.0,"enemies":"Looter","floor":11.0,"turns":4.0},{"damage":6.0,"enemies":"3 Sentries","floor":13.0,"turns":5.0},{"damage":0.0,"enemies":"2 Fungi Beasts","floor":14.0,"turns":3.0},{"damage":54.0,"enemies":"The Guardian","floor":16.0,"turns":12.0},{"damage":3.0,"enemies":"3 Byrds","floor":18.0,"turns":3.0},{"damage":5.0,"enemies":"2 Thieves","floor":21.0,"turns":3.0},{"damage":16.0,"enemies":"Snake Plant","floor":22.0,"turns":3.0},{"damage":20.0,"enemies":"Gremlin Leader","floor":23.0,"turns":7.0},{"damage":0.0,"enemies":"Book of Stabbing","floor":30.0,"turns":4.0},{"damage":0.0,"enemies":"Centurion and Healer","floor":31.0,"turns":6.0},{"damage":0.0,"enemies":"Champ","floor":33.0,"turns":15.0},{"damage":0.0,"enemies":"3 Shapes","floor":35.0,"turns":3.0},{"damage":0.0,"enemies":"3 Darklings","floor":39.0,"turns":4.0},{"damage":0.0,"enemies":"Nemesis","floor":40.0,"turns":7.0},{"damage":0.0,"enemies":"Spire Growth","floor":42.0,"turns":5.0},{"damage":1.0,"enemies":"Reptomancer","floor":45.0,"turns":7.0},{"damage":0,"enemies":"Nemesis","floor":47,"turns":5},{"damage":0,"enemies":"Jaw Worm Horde","floor":48,"turns":5},{"damage":12,"enemies":"Time Eater","floor":50,"turns":24},{"damage":0,"enemies":"Awakened One","floor":51,"turns":60},{"damage":7,"enemies":"Shield and Spear","floor":55,"turns":3},{"damage":14,"enemies":"The Heart","floor":56,"turns":9}],"seed_played":"6909263210847914836","potions_obtained":[{"floor":2.0,"key":"SkillPotion"},{"floor":3.0,"key":"Regen Potion"},{"floor":10.0,"key":"Strength Potion"},{"floor":14.0,"key":"Poison Potion"},{"floor":22.0,"key":"SpeedPotion"},{"floor":23.0,"key":"Regen Potion"},{"floor":31.0,"key":"Swift Potion"},{"floor":39.0,"key":"Strength Potion"},{"floor":47,"key":"Weak Potion"},{"floor":48,"key":"GamblersBrew"}],"is_trial":false,"path_per_floor":["M","M","M","M","?","R","E","$","T","E","M","R","E","M","R","B",null,"M","?","$","M","M","E","?","?","T","R","?","$","E","M","R","B",null,"M","?","?","?","M","E","R","M","T","?","E","$","E","M","R","B","B",null,"R","$","E","B"],"character_chosen":"DEFECT","items_purchased":["PreservedInsect","Conserve Battery","Static Discharge","Capacitor","PowerPotion","Hologram","Oddly Smooth Stone","Ancient Potion","Energy Potion"],"campfire_rested":1,"item_purchase_floors":[8,8,20,29,29,46,46,46,54],"current_hp_per_floor":[59,58,46,39,18,39,41,41,41,40,39,39,33,33,33,4,54,51,51,51,46,30,17,17,17,17,17,17,17,24,31,31,35,35,35,35,35,33,33,33,33,33,33,33,32,32,32,32,32,20,20,20,20,20,13,0],"gold":58,"neow_bonus":"ONE_RARE_RELIC","is_prod":false,"is_daily":false,"chose_seed":false,"campfire_upgraded":6,"win_rate":0,"timestamp":1556314450,"path_taken":["M","M","M","M","?","R","E","$","T","E","M","R","E","M","R","BOSS","M","?","$","M","?","E","?","?","T","R","?","$","E","M","R","BOSS","M","?","?","?","M","E","R","M","T","?","E","$","E","M","R","BOSS","BOSS","R","$","E","BOSS"],"build_version":"2019-01-23","purchased_purges":2,"victory":false,"max_hp_per_floor":[71,71,71,71,71,71,71,71,71,71,71,71,71,71,71,71,71,71,71,71,71,71,71,71,35,35,35,35,35,35,35,35,35,35,35,35,35,33,33,33,33,33,33,43,43,43,43,43,43,43,43,43,43,43,43,43],"card_choices":[{"not_picked":["Fusion","Double Energy"],"picked":"Sweeping Beam","floor":1.0},{"not_picked":["Hello World","Double Energy"],"picked":"Ball Lightning","floor":2.0},{"not_picked":["Scrape","Chaos"],"picked":"Cold Snap","floor":3.0},{"not_picked":["White Noise","Cold Snap","Lockon"],"picked":"SKIP","floor":4.0},{"not_picked":["Rebound","Sweeping Beam"],"picked":"Sunder","floor":7.0},{"not_picked":["Scrape","Stack"],"picked":"Consume","floor":10.0},{"not_picked":["Sunder","Go for the Eyes","Gash"],"picked":"SKIP","floor":11.0},{"not_picked":["Go for the Eyes","Rainbow"],"picked":"Core Surge","floor":13.0},{"not_picked":["Storm","Conserve Battery","Turbo"],"picked":"SKIP","floor":14.0},{"not_picked":["Electrodynamics","Meteor Strike"],"picked":"Biased Cognition","floor":16.0},{"not_picked":["Barrage","Consume"],"picked":"Ball Lightning","floor":18.0},{"not_picked":["Go for the Eyes","Static Discharge"],"picked":"Compile Driver+1","floor":21.0},{"not_picked":["Recycle","Go for the Eyes"],"picked":"Self Repair","floor":22.0},{"not_picked":["Aggregate","Heatsinks"],"picked":"Glacier","floor":23.0},{"not_picked":["Go for the Eyes","Consume"],"picked":"Coolheaded+1","floor":30.0},{"not_picked":["Cold Snap+1","Steam+1"],"picked":"Hologram","floor":31.0},{"not_picked":["Buffer","Amplify"],"picked":"Creative AI","floor":33.0},{"not_picked":["Defragment","Redo"],"picked":"Skim+1","floor":35.0},{"not_picked":["Darkness+1","Compile Driver"],"picked":"Reinforced Body","floor":39.0},{"not_picked":["Rebound","Conserve Battery"],"picked":"Steam Power+1","floor":40.0},{"not_picked":["Redo","Fusion"],"picked":"Darkness","floor":42.0},{"not_picked":["Sweeping Beam","Cold Snap","Lockon+1"],"picked":"SKIP","floor":45.0},{"not_picked":["Rainbow","Chill"],"picked":"Coolheaded+1","floor":47},{"not_picked":["Self Repair+1","Gash","Redo+1"],"picked":"SKIP","floor":48},{"not_picked":["Reinforced Body+1","Recycle"],"picked":"Hologram+1","floor":55}],"player_experience":876804,"relics_obtained":[{"floor":7.0,"key":"Blue Candle"},{"floor":9.0,"key":"Pantograph"},{"floor":10.0,"key":"Darkstone Periapt"},{"floor":13.0,"key":"Bag of Marbles"},{"floor":23.0,"key":"Bottled Flame"},{"floor":26.0,"key":"Dead Branch"},{"floor":30.0,"key":"Happy Flower"},{"floor":40.0,"key":"Omamori"},{"floor":45.0,"key":"Incense Burner"},{"floor":47,"key":"Boot"},{"floor":55,"key":"Blood Vial"}],"event_choices":[{"damage_healed":0.0,"max_hp_gain":0.0,"max_hp_loss":0.0,"gold_gain":0.0,"event_name":"Shining Light","player_choice":"Entered Light","floor":5.0,"gold_loss":0.0,"damage_taken":21.0,"cards_upgraded":["Defend_B","Strike_B"]},{"damage_healed":0.0,"max_hp_gain":0.0,"max_hp_loss":0.0,"gold_gain":0.0,"event_name":"The Joust","player_choice":"Bet on Murderer","floor":19.0,"gold_loss":50.0,"damage_taken":0.0},{"damage_healed":0.0,"max_hp_gain":0.0,"max_hp_loss":0.0,"gold_gain":50.0,"event_name":"Nest","player_choice":"Stole From Cult","floor":24.0,"gold_loss":0.0,"damage_taken":0.0},{"damage_healed":0.0,"max_hp_gain":0.0,"max_hp_loss":36.0,"gold_gain":0.0,"event_name":"Ghosts","player_choice":"Became a Ghost","floor":25.0,"gold_loss":0.0,"damage_taken":0.0,"cards_obtained":["Ghostly","Ghostly","Ghostly"]},{"damage_healed":0.0,"max_hp_gain":0.0,"max_hp_loss":0.0,"gold_gain":0.0,"event_name":"Back to Basics","player_choice":"Simplicity","floor":28.0,"gold_loss":0.0,"damage_taken":0.0,"cards_upgraded":["Strike_B","Defend_B","Defend_B","Defend_B"]},{"cards_removed":["Cold Snap"],"damage_healed":0.0,"max_hp_gain":0.0,"max_hp_loss":0.0,"gold_gain":0.0,"event_name":"Falling","player_choice":"Removed Attack","floor":36.0,"gold_loss":0.0,"damage_taken":0.0},{"damage_healed":0.0,"max_hp_gain":0.0,"max_hp_loss":0.0,"gold_gain":0.0,"event_name":"MindBloom","player_choice":"Upgrade","floor":37.0,"gold_loss":0.0,"damage_taken":0.0,"cards_upgraded":["Zap","Dualcast","Sweeping Beam","Ball Lightning","Conserve Battery","Core Surge","Ball Lightning","Static Discharge","Self Repair","Glacier","Ghostly","Ghostly","Ghostly","Hologram","Creative AI"],"relics_obtained":["Mark of the Bloom"]},{"damage_healed":0.0,"max_hp_gain":0.0,"max_hp_loss":2.0,"gold_gain":0.0,"event_name":"Winding Halls","player_choice":"Max HP","floor":38.0,"gold_loss":0.0,"damage_taken":0.0},{"damage_healed":0.0,"max_hp_gain":0.0,"max_hp_loss":0.0,"gold_gain":0.0,"event_name":"WeMeetAgain","player_choice":"Gave Potion","floor":44.0,"gold_loss":0.0,"damage_taken":0.0,"relics_obtained":["Pear"]}],"is_beta":false,"boss_relics":[{"not_picked":["Nuclear Battery","Calling Bell"],"picked":"Philosopher\u0027s Stone"},{"not_picked":["Busted Crown","Black Star"],"picked":"Coffee Dripper"}],"items_purged_floors":[8,20],"is_endless":false,"potions_floor_spawned":[2,3,10,11,14,22,23,31,33,39,47,48],"killed_by":"The Heart","ascension_level":20}