{"gold_per_floor":[109,109,120,10,10,10,39,39,64,78,3,3,33,48,48,119,119,136,136,136,79,79,79,103,3,3,3,32,32],"floor_reached":29,"playtime":708,"items_purged":["Strike_G","Pain"],"score":513,"play_id":"65686362-85fa-4afe-9f5f-55e5db54b5d2","local_time":"20190811011033","is_ascension_mode":true,"campfire_choices":[{"data":"Prepared","floor":6,"key":"SMITH"},{"data":"Deadly Poison","floor":8,"key":"SMITH"},{"data":"Sucker Punch","floor":15,"key":"SMITH"},{"data":"Noxious Fumes","floor":23,"key":"SMITH"},{"data":"Tactician","floor":27,"key":"SMITH"}],"neow_cost":"NONE","seed_source_timestamp":26457001527500,"circlet_count":0,"master_deck":["AscendersBane","Survivor","Neutralize+1","Dagger Throw","Prepared+1","Tactician+1","Deadly Poison+1","Underhanded Strike","Well Laid Plans","Sucker Punch+1","A Thousand Cuts","Slice","Adrenaline","Caltrops","Masterful Stab","Cloak And Dagger","Noxious Fumes+1","Slice","Bane","Deflect","Writhe","Deflect"],"relics":["Ring of the Snake","NeowsBlessing","Orichalcum","Juzu Bracelet","Bronze Scales","Pandora\u0027s Box","Singing Bowl","WarpedTongs","Regal Pillow","Omamori","Bottled Flame"],"potions_floor_usage":[13,16],"damage_taken":[{"damage":0,"enemies":"Jaw Worm","floor":1,"turns":1},{"damage":0,"enemies":"Cultist","floor":3,"turns":1},{"damage":0,"enemies":"3 Sentries","floor":7,"turns":1},{"damage":0,"enemies":"Small Slimes","floor":10,"turns":2},{"damage":20,"enemies":"Lagavulin","floor":13,"turns":5},{"damage":0,"enemies":"Blue Slaver","floor":14,"turns":3},{"damage":12,"enemies":"Hexaghost","floor":16,"turns":10},{"damage":13,"enemies":"2 Thieves","floor":18,"turns":4},{"damage":31,"enemies":"Slavers","floor":28,"turns":4},{"damage":23,"enemies":"Spheric Guardian","floor":29,"turns":3}],"seed_played":"2499432852864653957","potions_obtained":[{"floor":10,"key":"SteroidPotion"},{"floor":13,"key":"AttackPotion"},{"floor":14,"key":"SpeedPotion"}],"is_trial":false,"path_per_floor":["M","?","M","$","?","R","E","R","T","M","$","?","E","M","R","B",null,"M","?","?","$","?","R","T","$","T","R","E","M"],"character_chosen":"THE_SILENT","items_purchased":["Tactician","Deadly Poison","Deflect"],"campfire_rested":0,"item_purchase_floors":[4,4,21],"current_hp_per_floor":[59,59,59,59,59,59,59,59,59,59,59,52,32,32,32,20,55,42,42,42,42,42,42,42,42,42,42,13,0],"gold":32,"neow_bonus":"THREE_ENEMY_KILL","is_prod":false,"is_daily":false,"chose_seed":false,"campfire_upgraded":5,"win_rate":0,"timestamp":1565500233,"path_taken":["M","?","M","?","?","R","E","R","T","M","?","?","E","M","R","BOSS","M","?","?","$","?","R","?","?","T","R","E","M"],"build_version":"2019-07-17","purchased_purges":2,"victory":false,"max_hp_per_floor":[66,66,66,66,66,66,66,66,66,66,66,66,66,66,66,66,66,66,66,66,66,66,66,66,66,66,66,68,68],"card_choices":[{"not_picked":["Reflex","Dodge and Roll"],"picked":"Dagger Throw","floor":1},{"not_picked":["Outmaneuver","Terror"],"picked":"Prepared","floor":3},{"not_picked":["Accuracy","All Out Attack"],"picked":"Underhanded Strike","floor":7},{"not_picked":["Heel Hook","Prepared","Bane"],"picked":"SKIP","floor":10},{"not_picked":["Outmaneuver","Venomology"],"picked":"Well Laid Plans","floor":13},{"not_picked":["Acrobatics","PiercingWail"],"picked":"Sucker Punch","floor":14},{"not_picked":["Storm of Steel","Doppelganger"],"picked":"A Thousand Cuts","floor":16},{"not_picked":["Sucker Punch","Quick Slash"],"picked":"Deflect","floor":18},{"not_picked":["Flying Knee","Accuracy","Poisoned Stab"],"picked":"Singing Bowl","floor":28}],"player_experience":682722,"relics_obtained":[{"floor":7,"key":"Orichalcum"},{"floor":9,"key":"Juzu Bracelet"},{"floor":13,"key":"Bronze Scales"},{"floor":24,"key":"Regal Pillow"},{"floor":26,"key":"Omamori"},{"floor":28,"key":"Bottled Flame"}],"event_choices":[{"damage_healed":0,"gold_gain":0,"player_choice":"Upgraded","damage_taken":0,"max_hp_gain":0,"max_hp_loss":0,"event_name":"Upgrade Shrine","floor":2,"gold_loss":0,"cards_upgraded":["Neutralize"]},{"damage_healed":0,"gold_gain":0,"player_choice":"Ignored","damage_taken":0,"max_hp_gain":0,"max_hp_loss":0,"event_name":"Liars Game","floor":5,"gold_loss":0},{"cards_removed":["Strike_G"],"damage_healed":0,"gold_gain":0,"player_choice":"Card Removal","damage_taken":7,"max_hp_gain":0,"max_hp_loss":0,"event_name":"Golden Wing","floor":12,"gold_loss":0},{"damage_healed":0,"gold_gain":0,"player_choice":"Opened","damage_taken":0,"relics_obtained":["Singing Bowl"],"max_hp_gain":0,"max_hp_loss":0,"event_name":"The Mausoleum","floor":19,"gold_loss":0,"cards_obtained":["Writhe"]},{"damage_healed":0,"gold_gain":0,"player_choice":"Ignored","damage_taken":0,"max_hp_gain":0,"max_hp_loss":0,"event_name":"N\u0027loth","floor":20,"gold_loss":0},{"damage_healed":0,"gold_gain":0,"player_choice":"Rummage","damage_taken":0,"relics_obtained":["WarpedTongs"],"max_hp_gain":0,"max_hp_loss":0,"event_name":"Accursed Blacksmith","floor":22,"gold_loss":0,"cards_obtained":["Pain"]}],"is_beta":false,"boss_relics":[{"not_picked":["Tiny House","Eternal Feather"],"picked":"Pandora\u0027s Box"}],"items_purged_floors":[11,25],"is_endless":false,"potions_floor_spawned":[10,13,14],"killed_by":"Spheric Guardian","ascension_level":18}