{"gold_per_floor":[209,134,284,284,48,48,66,81,81,116,128,138,138,148,148,223,223,240,240,155,126,138,138,165,177,177,207,207,187,200,233,233,307,307,320,40,53,68,68,68,88,121,144,161,176,205,221,231,231,231],"floor_reached":50,"playtime":4403,"items_purged":["Doubt"],"score":1211,"play_id":"25b6058e-fb03-4316-bb24-4d8053533f68","local_time":"20190726225335","is_ascension_mode":true,"campfire_choices":[{"data":"Crippling Poison","floor":13.0,"key":"SMITH"},{"data":"Noxious Fumes","floor":15.0,"key":"SMITH"},{"data":"Wraith Form v2","floor":23.0,"key":"SMITH"},{"data":"Adrenaline","floor":28.0,"key":"SMITH"},{"data":"Leg Sweep","floor":32.0,"key":"SMITH"},{"floor":40.0,"key":"REST"},{"floor":49,"key":"RECALL"}],"neow_cost":"NONE","seed_source_timestamp":0,"circlet_count":0,"master_deck":["AscendersBane","Strike_G","Strike_G","Defend_G","Defend_G","Defend_G","Defend_G","Defend_G","Survivor","Neutralize+1","Poisoned Stab","Dash","Noxious Fumes+1","Dash","Crippling Poison+1","All Out Attack","Backflip","PiercingWail","Wraith Form v2+1","Deflect","Dash","Leg Sweep+1","Backflip+1","Masterful Stab","PiercingWail+1","Deadly Poison+1","Adrenaline+1","Glass Knife","Noxious Fumes+1","Backstab","Catalyst+1","Deflect","Infinite Blades+1","Catalyst","Night Terror","PiercingWail"],"special_seed":0,"relics":["Ring of the Serpent","Regal Pillow","Meat on the Bone","Ginger","PreservedInsect","Kunai","Frozen Egg 2","Ancient Tea Set","Girya","Runic Pyramid","Bronze Scales","Mercury Hourglass","Pen Nib"],"potions_floor_usage":[48,50,50],"damage_taken":[{"damage":0.0,"enemies":"2 Louse","floor":1.0,"turns":4.0},{"damage":0.0,"enemies":"Jaw Worm","floor":7.0,"turns":5.0},{"damage":4.0,"enemies":"Small Slimes","floor":8.0,"turns":4.0},{"damage":16.0,"enemies":"Gremlin Nob","floor":10.0,"turns":5.0},{"damage":11.0,"enemies":"Red Slaver","floor":11.0,"turns":4.0},{"damage":4.0,"enemies":"3 Louse","floor":12.0,"turns":2.0},{"damage":0.0,"enemies":"Large Slime","floor":14.0,"turns":4.0},{"damage":27.0,"enemies":"Slime Boss","floor":16.0,"turns":9.0},{"damage":21.0,"enemies":"Shell Parasite","floor":18.0,"turns":10.0},{"damage":16.0,"enemies":"2 Thieves","floor":21.0,"turns":4.0},{"damage":12.0,"enemies":"3 Cultists","floor":22.0,"turns":5.0},{"damage":35.0,"enemies":"Book of Stabbing","floor":24.0,"turns":7.0},{"damage":8.0,"enemies":"Centurion and Healer","floor":25.0,"turns":9.0},{"damage":0.0,"enemies":"Gremlin Leader","floor":27.0,"turns":7.0},{"damage":10.0,"enemies":"Snake Plant","floor":30.0,"turns":5.0},{"damage":19.0,"enemies":"Slavers","floor":31.0,"turns":4.0},{"damage":14.0,"enemies":"Automaton","floor":33.0,"turns":10.0},{"damage":3.0,"enemies":"3 Darklings","floor":35.0,"turns":6.0},{"damage":0.0,"enemies":"3 Shapes","floor":37.0,"turns":6.0},{"damage":15.0,"enemies":"Writhing Mass","floor":38.0,"turns":6.0},{"damage":7.0,"enemies":"Maw","floor":41.0,"turns":7.0},{"damage":52.0,"enemies":"Giant Head","floor":42.0,"turns":8.0},{"damage":9.0,"enemies":"Sphere and 2 Shapes","floor":44.0,"turns":7.0},{"damage":16.0,"enemies":"3 Darklings","floor":45.0,"turns":5.0},{"damage":8.0,"enemies":"Reptomancer","floor":46.0,"turns":6.0},{"damage":6.0,"enemies":"Transient","floor":47.0,"turns":6.0},{"damage":13,"enemies":"Writhing Mass","floor":48,"turns":5},{"damage":48,"enemies":"Donu and Deca","floor":50,"turns":7}],"seed_played":"-97354070802934563","potions_obtained":[{"floor":8.0,"key":"SpeedPotion"},{"floor":14.0,"key":"AttackPotion"},{"floor":16.0,"key":"Dexterity Potion"},{"floor":21.0,"key":"Strength Potion"},{"floor":25.0,"key":"Weak Potion"},{"floor":27.0,"key":"Poison Potion"},{"floor":29.0,"key":"Ancient Potion"},{"floor":31.0,"key":"Poison Potion"},{"floor":41.0,"key":"FearPotion"},{"floor":44.0,"key":"SteroidPotion"},{"floor":47.0,"key":"Regen Potion"},{"floor":48,"key":"Explosive Potion"}],"is_trial":false,"path_per_floor":["M","?","?","?","$","?","M","M","T","E","M","M","R","M","R","B",null,"M","?","?","M","M","R","E","M","T","E","R","?","M","E","R","B",null,"M","$","M","M","?","R","M","E","T","M","M","E","M","M","R","B"],"character_chosen":"THE_SILENT","items_purchased":["Dash","Noxious Fumes","Noxious Fumes+1","Backstab","Bronze Scales"],"campfire_rested":1,"item_purchase_floors":[5,5,36,36,36],"current_hp_per_floor":[59,59,59,33,33,33,33,29,29,25,26,34,34,34,34,19,54,45,45,45,41,41,41,18,22,22,34,34,34,36,29,29,27,56,53,53,53,38,38,66,59,19,19,22,18,22,28,42,42,0],"gold":231,"neow_bonus":"HUNDRED_GOLD","is_prod":false,"is_daily":false,"chose_seed":false,"campfire_upgraded":5,"win_rate":0,"timestamp":1564178015,"path_taken":["M","?","?","?","$","?","M","M","T","E","?","M","R","M","R","BOSS","M","?","?","M","M","R","E","M","T","E","R","?","?","E","R","BOSS","M","$","M","M","?","R","M","E","T","M","M","E","M","M","R","BOSS"],"build_version":"2019-07-17","purchased_purges":1,"victory":false,"max_hp_per_floor":[66,66,66,66,66,66,66,66,66,66,66,66,66,66,66,66,66,66,66,66,66,66,66,66,66,66,66,66,66,66,66,66,66,66,66,66,66,66,66,66,66,66,66,66,66,66,66,66,66,66],"card_choices":[{"not_picked":["Underhanded Strike","Acrobatics"],"picked":"Poisoned Stab","floor":1.0},{"not_picked":["Slice","Deflect"],"picked":"Dash","floor":7.0},{"not_picked":["Quick Slash","Predator"],"picked":"Crippling Poison","floor":8.0},{"not_picked":["Noxious Fumes","Sucker Punch","Acrobatics"],"picked":"SKIP","floor":10.0},{"not_picked":["Doppelganger","Blade Dance"],"picked":"All Out Attack","floor":11.0},{"not_picked":["Bane","Acrobatics"],"picked":"Backflip","floor":12.0},{"not_picked":["Deadly Poison","Sucker Punch"],"picked":"PiercingWail","floor":14.0},{"not_picked":["Glass Knife","Die Die Die"],"picked":"Wraith Form v2","floor":16.0},{"not_picked":["Deadly Poison","Quick Slash"],"picked":"Deflect","floor":18.0},{"not_picked":["Blur","Slice"],"picked":"Backflip+1","floor":21.0},{"not_picked":["Dodge and Roll","Underhanded Strike"],"picked":"Masterful Stab","floor":22.0},{"not_picked":["Underhanded Strike","Prepared"],"picked":"PiercingWail+1","floor":24.0},{"not_picked":["Predator","Underhanded Strike"],"picked":"Deadly Poison+1","floor":25.0},{"not_picked":["Leg Sweep","Endless Agony"],"picked":"Adrenaline","floor":27.0},{"not_picked":["Acrobatics","Deadly Poison","Setup"],"picked":"SKIP","floor":30.0},{"not_picked":["Skewer","Finisher","Deadly Poison"],"picked":"SKIP","floor":31.0},{"not_picked":["Skewer","Finisher","Deadly Poison"],"picked":"SKIP","floor":31.0},{"not_picked":["Phantasmal Killer","Doppelganger"],"picked":"Glass Knife","floor":33.0},{"not_picked":["Quick Slash","Poisoned Stab","Backflip"],"picked":"SKIP","floor":35.0},{"not_picked":["Backflip+1","Poisoned Stab+1"],"picked":"Catalyst+1","floor":37.0},{"not_picked":["Quick Slash+1","Cloak And Dagger"],"picked":"Deflect","floor":38.0},{"not_picked":["Eviscerate","Bouncing Flask"],"picked":"Infinite Blades+1","floor":41.0},{"not_picked":["Sucker Punch","Deadly Poison","All Out Attack"],"picked":"SKIP","floor":42.0},{"not_picked":["Slice","PiercingWail"],"picked":"Catalyst","floor":44.0},{"not_picked":["Sucker Punch","Well Laid Plans+1","Setup"],"picked":"SKIP","floor":45.0},{"not_picked":["Predator","All Out Attack"],"picked":"Night Terror","floor":46.0},{"not_picked":["Choke+1","Flying Knee","Slice"],"picked":"SKIP","floor":47.0},{"not_picked":["Deadly Poison","Slice+1"],"picked":"PiercingWail","floor":48}],"player_experience":1038261,"relics_obtained":[{"floor":9.0,"key":"Meat on the Bone"},{"floor":10.0,"key":"Ginger"},{"floor":24.0,"key":"Kunai"},{"floor":26.0,"key":"Frozen Egg 2"},{"floor":27.0,"key":"Ancient Tea Set"},{"floor":31.0,"key":"Girya"},{"floor":42.0,"key":"Mercury Hourglass"},{"floor":46.0,"key":"Pen Nib"}],"event_choices":[{"cards_removed":["Strike_G"],"damage_healed":0.0,"max_hp_gain":0.0,"max_hp_loss":0.0,"gold_gain":0.0,"event_name":"The Cleric","player_choice":"Card Removal","floor":2.0,"gold_loss":75.0,"damage_taken":0.0},{"damage_healed":0.0,"max_hp_gain":0.0,"max_hp_loss":0.0,"gold_gain":150.0,"event_name":"Liars Game","player_choice":"AGREE","floor":3.0,"gold_loss":0.0,"damage_taken":0.0,"cards_obtained":["Doubt"]},{"damage_healed":0.0,"max_hp_gain":0.0,"max_hp_loss":0.0,"gold_gain":0.0,"event_name":"Scrap Ooze","player_choice":"Success","floor":4.0,"gold_loss":0.0,"damage_taken":26.0,"relics_obtained":["Regal Pillow"]},{"damage_healed":0.0,"max_hp_gain":0.0,"max_hp_loss":0.0,"gold_gain":0.0,"event_name":"WeMeetAgain","player_choice":"Ignored","floor":6.0,"gold_loss":0.0,"damage_taken":0.0},{"damage_healed":0.0,"max_hp_gain":0.0,"max_hp_loss":0.0,"gold_gain":0.0,"cards_transformed":["Strike_G","Strike_G"],"event_name":"Drug Dealer","player_choice":"Became Test Subject","floor":19.0,"gold_loss":0.0,"damage_taken":0.0,"cards_obtained":["Dash","Leg Sweep"]},{"damage_healed":0.0,"max_hp_gain":0.0,"max_hp_loss":0.0,"gold_gain":0.0,"event_name":"Addict","player_choice":"Obtained Relic","floor":20.0,"gold_loss":85.0,"damage_taken":0.0,"relics_obtained":["PreservedInsect"]},{"damage_healed":0.0,"max_hp_gain":0.0,"max_hp_loss":0.0,"gold_gain":0.0,"event_name":"The Woman in Blue","player_choice":"Bought 1 Potion","floor":29.0,"gold_loss":0.0,"damage_taken":0.0},{"damage_healed":0.0,"max_hp_gain":0.0,"max_hp_loss":0.0,"gold_gain":0.0,"event_name":"Accursed Blacksmith","player_choice":"Forge","floor":39.0,"gold_loss":0.0,"damage_taken":0.0,"cards_upgraded":["Neutralize"]}],"is_beta":false,"boss_relics":[{"not_picked":["Tiny House","Calling Bell"],"picked":"Ring of the Serpent"},{"not_picked":["Black Star","Eternal Feather"],"picked":"Runic Pyramid"}],"items_purged_floors":[5],"is_endless":false,"potions_floor_spawned":[8,14,16,21,25,27,30,31,41,44,46,47,48],"killed_by":"Donu and Deca","ascension_level":20}