{"path_per_floor":["M","?","M","T","?","R","E","R","T","R","E","M","M","?","R"],"character_chosen":"DEFECT","items_purchased":[],"gold_per_floor":[144,144,156,182,182,182,215,215,215,215,242,253,272,272,272,272],"floor_reached":16,"campfire_rested":0,"playtime":907,"item_purchase_floors":[],"current_hp_per_floor":[75,80,79,79,79,79,74,74,74,74,58,58,58,58,58,0],"items_purged":[],"gold":272,"score":113,"play_id":"7f40c0b5-a0ed-4c81-9942-c1d640aad2b6","local_time":"20180621111604","is_prod":false,"is_daily":false,"chose_seed":false,"is_ascension_mode":true,"campfire_upgraded":4,"win_rate":0,"timestamp":1529576164,"campfire_choices":[{"data":"Creative AI","floor":6,"key":"SMITH"},{"data":"Defend_B","floor":8,"key":"SMITH"},{"data":"Defend_B","floor":10,"key":"SMITH"},{"data":"Chill","floor":15,"key":"SMITH"}],"path_taken":["M","?","M","?","?","R","E","R","T","R","E","?","M","?","R","BOSS"],"build_version":"2018-06-14v2","seed_source_timestamp":3240465216991457,"purchased_purges":0,"victory":false,"master_deck":["Strike_B","Strike_B","Strike_B","Defend_B+1","Defend_B+1","Defend_B+1","Defend_B","Zap","Dualcast+1","Streamline","Double Energy","Creative AI+1","Chill+1"],"max_hp_per_floor":[75,80,80,80,80,80,80,80,80,80,80,80,80,80,80,80],"relics":["Cracked Core","Tiny Chest","War Paint","Regal Pillow","Gremlin Horn","Ancient Tea Set"],"card_choices":[{"not_picked":["Cold Snap","Coolheaded"],"picked":"Streamline","floor":1},{"not_picked":["Leap","Ball Lightning"],"picked":"Double Energy","floor":3},{"not_picked":["Leap","Hello World","Compile Driver"],"picked":"SKIP","floor":7},{"not_picked":["Storm","Go for the Eyes"],"picked":"Chill","floor":11},{"not_picked":["Stack","Beam Cell","Undo"],"picked":"SKIP","floor":12},{"not_picked":["Leap","Doom and Gloom","Cold Snap"],"picked":"SKIP","floor":13}],"player_experience":277225,"potions_floor_usage":[13],"damage_taken":[{"damage":0,"enemies":"Small Slimes","floor":1,"turns":3},{"damage":1,"enemies":"Jaw Worm","floor":3,"turns":3},{"damage":5,"enemies":"Lagavulin","floor":7,"turns":7},{"damage":16,"enemies":"3 Sentries","floor":11,"turns":4},{"damage":0,"enemies":"Cultist","floor":12,"turns":3},{"damage":0,"enemies":"3 Louse","floor":13,"turns":3},{"damage":59,"enemies":"Hexaghost","floor":16,"turns":10}],"relics_obtained":[{"floor":4,"key":"War Paint"},{"floor":7,"key":"Regal Pillow"},{"floor":9,"key":"Gremlin Horn"},{"floor":11,"key":"Ancient Tea Set"}],"event_choices":[{"event_name":"Big Fish","player_choice":"Donut","floor":2,"damage_taken":0},{"event_name":"Match and Keep!","player_choice":"1 cards matched","floor":5,"damage_taken":0},{"event_name":"Bonfire Elementals","player_choice":"BASIC","floor":14,"damage_taken":0}],"boss_relics":[],"items_purged_floors":[],"is_endless":false,"potions_floor_spawned":[3,7,12],"seed_played":"-5629162860595245286","killed_by":"Hexaghost","ascension_level":1,"potions_obtained":[{"floor":3,"key":"Swift Potion"},{"floor":7,"key":"Dexterity Potion"},{"floor":12,"key":"Dexterity Potion"}],"is_trial":false}