{"gold_per_floor":[20,95,45,60,60,91,101,117,188,188,188,207,235,235,235,312,312,330,111,111,127,144,144,172,46,46,81,81,97,97,109,109,181,181,193,193,211,311,311,311,344,13,13,13,41,57,57,92,104,116],"floor_reached":51,"playtime":4099,"items_purged":["Strike_G","Strike_G"],"score":1330,"play_id":"e8387979-b1d5-40b5-aaf2-52f7b35e7d98","local_time":"20190329124051","is_ascension_mode":true,"campfire_choices":[{"floor":11.0,"key":"REST"},{"floor":15.0,"key":"REST"},{"data":"Catalyst","floor":23.0,"key":"SMITH"},{"floor":28.0,"key":"REST"},{"data":"Burst","floor":30.0,"key":"SMITH"},{"floor":32.0,"key":"REST"},{"data":"Neutralize","floor":40.0,"key":"SMITH"},{"data":"Footwork","floor":44.0,"key":"SMITH"},{"data":"Footwork","floor":47,"key":"SMITH"},{"floor":49,"key":"REST"}],"neow_cost":"NO_GOLD","seed_source_timestamp":0,"circlet_count":0,"master_deck":["AscendersBane","Defend_G","Defend_G","Defend_G","Defend_G","Defend_G","Strike_G","Survivor","Neutralize+1","Dash","Caltrops","Bouncing Flask","Blur","Prepared","Acrobatics","Catalyst+1","Burst+1","Cloak And Dagger+1","Bouncing Flask","Backflip","Dodge and Roll+1","Tactician+1","After Image","Night Terror+1","PiercingWail+1","Decay","Footwork+1","Leg Sweep+1","Footwork+1"],"special_seed":0,"relics":["Ring of the Snake","Bird Faced Urn","Thread and Needle","Strawberry","Mercury Hourglass","Regal Pillow","Lantern","Snecko Eye","Anchor","Boot","Toxic Egg 2","Smiling Mask","Cursed Key","Ice Cream","PreservedInsect","Mummified Hand","Bottled Flame","MawBank"],"potions_floor_usage":[50],"damage_taken":[{"damage":2.0,"enemies":"Cultist","floor":1.0,"turns":5.0},{"damage":0.0,"enemies":"Small Slimes","floor":4.0,"turns":4.0},{"damage":30.0,"enemies":"Lagavulin","floor":6.0,"turns":12.0},{"damage":0.0,"enemies":"2 Louse","floor":7.0,"turns":3.0},{"damage":23.0,"enemies":"Gremlin Gang","floor":8.0,"turns":8.0},{"damage":13.0,"enemies":"Exordium Wildlife","floor":12.0,"turns":7.0},{"damage":12.0,"enemies":"Gremlin Nob","floor":13.0,"turns":5.0},{"damage":11.0,"enemies":"The Guardian","floor":16.0,"turns":11.0},{"damage":0.0,"enemies":"Shell Parasite","floor":18.0,"turns":2.0},{"damage":0.0,"enemies":"3 Byrds","floor":21.0,"turns":3.0},{"damage":13.0,"enemies":"3 Cultists","floor":22.0,"turns":5.0},{"damage":45.0,"enemies":"Gremlin Leader","floor":24.0,"turns":9.0},{"damage":15.0,"enemies":"Book of Stabbing","floor":27.0,"turns":7.0},{"damage":6.0,"enemies":"Snake Plant","floor":29.0,"turns":4.0},{"damage":4.0,"enemies":"Snecko","floor":31.0,"turns":3.0},{"damage":32.0,"enemies":"Collector","floor":33.0,"turns":8.0},{"damage":0.0,"enemies":"3 Shapes","floor":35.0,"turns":4.0},{"damage":0.0,"enemies":"3 Darklings","floor":37.0,"turns":3.0},{"damage":16.0,"enemies":"Mind Bloom Boss Battle","floor":38.0,"turns":5.0},{"damage":0.0,"enemies":"Reptomancer","floor":41.0,"turns":4.0},{"damage":0.0,"enemies":"Giant Head","floor":45.0,"turns":5.0},{"damage":0,"enemies":"Writhing Mass","floor":46,"turns":7},{"damage":11,"enemies":"Reptomancer","floor":48,"turns":5},{"damage":1,"enemies":"Time Eater","floor":50,"turns":16}],"seed_played":"-4997400013220591671","potions_obtained":[{"floor":1.0,"key":"Ancient Potion"},{"floor":4.0,"key":"Fire Potion"},{"floor":8.0,"key":"Block Potion"},{"floor":24.0,"key":"Fruit Juice"},{"floor":27.0,"key":"AttackPotion"},{"floor":29.0,"key":"FearPotion"},{"floor":31.0,"key":"Ancient Potion"},{"floor":35.0,"key":"FearPotion"},{"floor":41.0,"key":"PowerPotion"}],"is_trial":false,"path_per_floor":["M","?","?","M","?","E","M","M","T","?","R","M","E","T","R","B",null,"M","$","?","M","M","R","E","$","T","E","R","M","R","M","R","B",null,"M","?","M","?","?","R","E","$","T","R","E","M","R","E","R","B",null],"character_chosen":"THE_SILENT","items_purchased":["Anchor","SpeedPotion","Ancient Potion","Mummified Hand","Footwork"],"campfire_rested":5,"item_purchase_floors":[19,25,25,42,42],"current_hp_per_floor":[61,50,50,50,50,27,29,8,8,8,31,20,10,10,48,39,68,70,70,70,72,61,61,18,23,23,10,49,45,45,43,82,52,75,77,77,81,66,66,66,70,70,70,70,80,82,82,73,82,82],"gold":128,"neow_bonus":"ONE_RARE_RELIC","is_prod":false,"is_daily":false,"chose_seed":false,"campfire_upgraded":5,"win_rate":0,"timestamp":1553863251,"path_taken":["M","?","?","M","?","E","?","M","T","?","R","?","E","?","R","BOSS","M","$","?","M","?","R","E","?","T","E","R","M","R","M","R","BOSS","M","?","M","?","?","R","E","$","T","R","E","M","R","E","R","BOSS"],"build_version":"2019-01-23","purchased_purges":2,"victory":true,"max_hp_per_floor":[70,70,70,70,70,77,77,77,77,77,77,77,77,77,77,77,77,77,77,77,77,77,77,77,82,82,82,82,82,82,82,82,82,82,82,82,82,82,82,82,82,82,82,82,82,82,82,82,82,82],"card_choices":[{"not_picked":["Choke","Deflect"],"picked":"Dash","floor":1.0},{"not_picked":["Acrobatics","Outmaneuver"],"picked":"Quick Slash","floor":4.0},{"not_picked":["Flying Knee","Acrobatics"],"picked":"Caltrops","floor":6.0},{"not_picked":["Bane","Outmaneuver"],"picked":"Bouncing Flask","floor":7.0},{"not_picked":["Heel Hook","Blade Dance"],"picked":"Blur","floor":8.0},{"not_picked":["Flying Knee","Dagger Spray"],"picked":"Acrobatics","floor":12.0},{"not_picked":["Phantasmal Killer","Deadly Poison"],"picked":"Catalyst","floor":13.0},{"not_picked":["Malaise","A Thousand Cuts"],"picked":"Burst","floor":16.0},{"not_picked":["Dagger Throw","Underhanded Strike"],"picked":"Cloak And Dagger+1","floor":18.0},{"not_picked":["Tactician","Blade Dance"],"picked":"Backflip","floor":21.0},{"not_picked":["Deadly Poison+1","Accuracy"],"picked":"Dodge and Roll+1","floor":22.0},{"not_picked":["Deflect","Masterful Stab","Blade Dance"],"picked":"SKIP","floor":24.0},{"not_picked":["Dagger Spray","Slice","Setup+1"],"picked":"SKIP","floor":27.0},{"not_picked":["Heel Hook","Bane+1"],"picked":"Tactician+1","floor":29.0},{"not_picked":["Setup+1","Deadly Poison+1"],"picked":"After Image","floor":31.0},{"not_picked":["Storm of Steel+1","Tools of the Trade"],"picked":"Night Terror+1","floor":33.0},{"not_picked":["Slice+1","Acrobatics+1"],"picked":"PiercingWail+1","floor":35.0},{"not_picked":["Underhanded Strike","Deadly Poison+1","Prepared+1"],"picked":"SKIP","floor":37.0},{"not_picked":["Poisoned Stab","Quick Slash","Underhanded Strike"],"picked":"SKIP","floor":41.0},{"not_picked":["Dagger Throw","Acrobatics+1"],"picked":"Leg Sweep+1","floor":45.0},{"not_picked":["Outmaneuver+1","Bane+1"],"picked":"Footwork","floor":46},{"not_picked":["Escape Plan+1","Choke+1","Dagger Spray+1"],"picked":"SKIP","floor":48}],"player_experience":690342,"relics_obtained":[{"floor":6.0,"key":"Strawberry"},{"floor":9.0,"key":"Mercury Hourglass"},{"floor":13.0,"key":"Regal Pillow"},{"floor":14.0,"key":"Lantern"},{"floor":24.0,"key":"Boot"},{"floor":26.0,"key":"Toxic Egg 2"},{"floor":27.0,"key":"Smiling Mask"},{"floor":38.0,"key":"Ice Cream"},{"floor":41.0,"key":"PreservedInsect"},{"floor":45.0,"key":"Bottled Flame"},{"floor":48,"key":"MawBank"}],"event_choices":[{"damage_healed":0.0,"max_hp_gain":0.0,"max_hp_loss":0.0,"gold_gain":75.0,"event_name":"World of Goop","player_choice":"Gather Gold","floor":2.0,"gold_loss":0.0,"damage_taken":11.0},{"cards_removed":["Strike_G"],"damage_healed":0.0,"max_hp_gain":0.0,"max_hp_loss":0.0,"gold_gain":0.0,"event_name":"The Cleric","player_choice":"Card Removal","floor":3.0,"gold_loss":50.0,"damage_taken":0.0},{"cards_removed":["Quick Slash"],"damage_healed":0.0,"max_hp_gain":0.0,"max_hp_loss":0.0,"gold_gain":0.0,"event_name":"WeMeetAgain","player_choice":"Gave Card","floor":5.0,"gold_loss":0.0,"damage_taken":0.0,"relics_obtained":["Thread and Needle"]},{"damage_healed":0.0,"max_hp_gain":0.0,"max_hp_loss":0.0,"gold_gain":0.0,"cards_transformed":["Strike_G"],"event_name":"Transmorgrifier","player_choice":"Transformed","floor":10.0,"gold_loss":0.0,"damage_taken":0.0,"cards_obtained":["Prepared"]},{"damage_healed":0.0,"max_hp_gain":0.0,"max_hp_loss":0.0,"gold_gain":0.0,"event_name":"Duplicator","player_choice":"Copied","floor":20.0,"gold_loss":0.0,"damage_taken":0.0,"cards_obtained":["Bouncing Flask"]},{"damage_healed":0.0,"max_hp_gain":0.0,"max_hp_loss":0.0,"gold_gain":0.0,"event_name":"SensoryStone","player_choice":"Memory 1","floor":36.0,"gold_loss":0.0,"damage_taken":0.0},{"damage_healed":0.0,"max_hp_gain":0.0,"max_hp_loss":0.0,"gold_gain":0.0,"event_name":"MindBloom","player_choice":"Fight","floor":38.0,"gold_loss":0.0,"damage_taken":0.0},{"damage_healed":0.0,"max_hp_gain":0.0,"max_hp_loss":0.0,"gold_gain":0.0,"event_name":"Wheel of Change","player_choice":"Cursed","floor":39.0,"gold_loss":0.0,"damage_taken":0.0,"cards_obtained":["Decay"]}],"is_beta":false,"boss_relics":[{"not_picked":["Ectoplasm","Pandora\u0027s Box"],"picked":"Snecko Eye"},{"not_picked":["Velvet Choker","Tiny House"],"picked":"Cursed Key"}],"items_purged_floors":[19,42],"is_endless":false,"potions_floor_spawned":[1,4,8,24,27,29,31,35,41],"ascension_level":13}