{"gold_per_floor":[116,129,129,95,106,106,121,11,35,48,62,62,95,108,108,206,206,225,245,256,268,287,287,301,271,271,285,210,210,225,225,225,225],"floor_reached":33,"playtime":1823,"items_purged":["Clash"],"score":280,"play_id":"be09175b-4ded-4e23-8a85-452520ba1242","local_time":"20190228000720","is_ascension_mode":false,"campfire_choices":[{"data":"Bash","floor":6,"key":"SMITH"},{"data":"Whirlwind","floor":12,"key":"SMITH"},{"data":"Spot Weakness","floor":15,"key":"SMITH"},{"data":"Heavy Blade","floor":23,"key":"SMITH"},{"data":"Spot Weakness","floor":29,"key":"SMITH"},{"floor":32,"key":"REST"}],"neow_cost":"NONE","seed_source_timestamp":512238123854826,"circlet_count":0,"master_deck":["Defend_R","Defend_R","Defend_R","Defend_R","Bash+1","Metallicize","True Grit","Burning Pact","Twin Strike","Iron Wave","Whirlwind+1","Ghostly Armor","Wild Strike","Spot Weakness+1","Feed","Feel No Pain","Flame Barrier+1","Heavy Blade+1","Spot Weakness+1","Shrug It Off+1","Heavy Blade+1","Bite","Bite","Bite","Bite","Bite"],"relics":["Mark of Pain"],"potions_floor_usage":[13,16,20,20,24,30,30,33],"damage_taken":[{"damage":0,"enemies":"2 Louse","floor":1,"turns":3},{"damage":0,"enemies":"Cultist","floor":2,"turns":3},{"damage":1,"enemies":"Jaw Worm","floor":5,"turns":4},{"damage":3,"enemies":"Red Slaver","floor":7,"turns":3},{"damage":2,"enemies":"Lots of Slimes","floor":10,"turns":3},{"damage":5,"enemies":"Looter","floor":11,"turns":3},{"damage":9,"enemies":"Gremlin Nob","floor":13,"turns":3},{"damage":0,"enemies":"Exordium Wildlife","floor":14,"turns":3},{"damage":49,"enemies":"The Guardian","floor":16,"turns":9},{"damage":8,"enemies":"3 Byrds","floor":18,"turns":5},{"damage":0,"enemies":"Chosen","floor":19,"turns":3},{"damage":17,"enemies":"Sentry and Sphere","floor":20,"turns":4},{"damage":16,"enemies":"Snake Plant","floor":21,"turns":3},{"damage":8,"enemies":"Snecko","floor":22,"turns":3},{"damage":23,"enemies":"3 Cultists","floor":24,"turns":5},{"damage":16,"enemies":"Centurion and Healer","floor":27,"turns":11},{"damage":8,"enemies":"Sentry and Sphere","floor":30,"turns":4},{"damage":56,"enemies":"Champ","floor":33,"turns":10}],"seed_played":"-5460056755594522328","potions_obtained":[{"floor":2,"key":"AttackPotion"},{"floor":5,"key":"Regen Potion"},{"floor":11,"key":"Regen Potion"},{"floor":13,"key":"FearPotion"},{"floor":16,"key":"Fire Potion"},{"floor":18,"key":"PowerPotion"},{"floor":22,"key":"Swift Potion"},{"floor":25,"key":"Ancient Potion"},{"floor":25,"key":"SneckoOil"},{"floor":27,"key":"Block Potion"}],"is_trial":false,"path_per_floor":["M","M","?","$","M","R","M","$","T","M","M","R","E","M","R","B",null,"M","M","M","M","M","R","M","?","T","M","$","R","M","?","R","B"],"character_chosen":"IRONCLAD","items_purchased":["Burning Pact","Whirlwind","Ghostly Armor"],"campfire_rested":1,"item_purchase_floors":[4,8,8],"current_hp_per_floor":[80,80,80,80,79,79,76,76,76,74,69,69,60,60,60,26,80,75,78,64,48,40,40,32,32,32,16,16,16,8,8,26,0],"gold":225,"neow_bonus":"BOSS_RELIC","is_prod":false,"is_daily":false,"chose_seed":false,"campfire_upgraded":5,"win_rate":0,"timestamp":1551312440,"path_taken":["M","M","?","$","M","R","M","$","T","M","M","R","E","M","R","BOSS","M","M","?","M","M","R","M","?","T","?","$","R","?","?","R","BOSS"],"build_version":"2019-01-23","purchased_purges":1,"victory":false,"max_hp_per_floor":[80,80,80,80,80,80,80,80,80,80,80,80,80,80,80,80,80,83,86,89,89,89,89,89,89,89,89,89,89,89,62,62,62],"card_choices":[{"not_picked":["Pommel Strike","Entrench"],"picked":"Metallicize","floor":1},{"not_picked":["Seeing Red","Body Slam"],"picked":"True Grit","floor":2},{"not_picked":["Flex","True Grit"],"picked":"Twin Strike","floor":5},{"not_picked":["Blood for Blood","Heavy Blade"],"picked":"Iron Wave","floor":7},{"not_picked":["Power Through","Armaments"],"picked":"Wild Strike","floor":10},{"not_picked":["Anger","Iron Wave"],"picked":"Spot Weakness","floor":11},{"not_picked":["Clothesline","Warcry","Perfected Strike"],"picked":"SKIP","floor":13},{"not_picked":["Juggernaut","Burning Pact"],"picked":"Clash","floor":14},{"not_picked":["Bludgeon","Dark Embrace"],"picked":"Feed","floor":16},{"not_picked":["Armaments","Carnage"],"picked":"Feel No Pain","floor":18},{"not_picked":["Flex","Clothesline+1"],"picked":"Flame Barrier+1","floor":19},{"not_picked":["Cleave","Clothesline"],"picked":"Heavy Blade","floor":20},{"not_picked":["Armaments+1","Sword Boomerang"],"picked":"Spot Weakness","floor":21},{"not_picked":["Body Slam","Fire Breathing+1","Seeing Red"],"picked":"SKIP","floor":22},{"not_picked":["Searing Blow","Demon Form"],"picked":"Shrug It Off+1","floor":24},{"not_picked":["Entrench","Clash+1"],"picked":"Heavy Blade+1","floor":27},{"not_picked":["Fire Breathing","Warcry","Sever Soul"],"picked":"SKIP","floor":30}],"player_experience":520137,"relics_obtained":[],"event_choices":[{"damage_healed":0,"gold_gain":0,"player_choice":"Ignored","damage_taken":0,"max_hp_gain":0,"max_hp_loss":0,"event_name":"WeMeetAgain","floor":3,"gold_loss":0},{"damage_healed":0,"gold_gain":0,"player_choice":"Bought 2 Potions","damage_taken":0,"max_hp_gain":0,"max_hp_loss":0,"event_name":"The Woman in Blue","floor":25,"gold_loss":0},{"damage_healed":0,"gold_gain":0,"player_choice":"Became a vampire","damage_taken":0,"max_hp_gain":0,"max_hp_loss":27,"event_name":"Vampires","floor":31,"gold_loss":0,"cards_obtained":["Bite","Bite","Bite","Bite","Bite"]}],"is_beta":false,"boss_relics":[{"not_picked":["Runic Cube","White Beast Statue","Fusion Hammer"]}],"items_purged_floors":[28],"is_endless":false,"potions_floor_spawned":[2,5,11,13,16,18,22,27],"killed_by":"Champ","ascension_level":0}