{"gold_per_floor":[212,231,24,41,52,87,87,113,165,165,165,165,165,194,194,298,298,313,5,5,0,10,10,37,37,87,87,118,118],"floor_reached":29,"playtime":2167,"items_purged":[],"score":388,"play_id":"10b9f8c2-9d07-40ea-abf9-154bee054c4a","local_time":"20190307205943","is_ascension_mode":true,"campfire_choices":[{"data":"Zap","floor":7,"key":"SMITH"},{"data":"Dualcast","floor":10,"key":"SMITH"},{"floor":15,"key":"REST"},{"data":"1","floor":25,"key":"LIFT"},{"data":"2","floor":27,"key":"LIFT"}],"neow_cost":"NONE","seed_source_timestamp":1191857488122080,"circlet_count":0,"master_deck":["Strike_B","Strike_B+1","Strike_B+1","Strike_B","Defend_B","Defend_B","Defend_B","Defend_B","Zap+1","Dualcast+1","Go for the Eyes+1","Conserve Battery","Cold Snap","All For One","Stack","Coolheaded","Barrage","Reboot","Self Repair","Blizzard","Capacitor","Hologram","Hologram+1","White Noise+1","Barrage+1"],"relics":["Cracked Core","Runic Capacitor","Boot","Bottled Lightning","Anchor","StoneCalendar","Whetstone","Sozu","Bronze Scales","Enchiridion","Girya","Ancient Tea Set","Toxic Egg 2"],"potions_floor_usage":[8,8,14],"damage_taken":[{"damage":0,"enemies":"2 Louse","floor":1,"turns":2},{"damage":4,"enemies":"Jaw Worm","floor":2,"turns":4},{"damage":0,"enemies":"Cultist","floor":4,"turns":3},{"damage":6,"enemies":"Exordium Wildlife","floor":5,"turns":7},{"damage":18,"enemies":"Lagavulin","floor":6,"turns":8},{"damage":16,"enemies":"Gremlin Nob","floor":8,"turns":3},{"damage":4,"enemies":"Lagavulin","floor":14,"turns":7},{"damage":18,"enemies":"The Guardian","floor":16,"turns":9},{"damage":0,"enemies":"Shell Parasite","floor":18,"turns":5},{"damage":0,"enemies":"3 Byrds","floor":22,"turns":2},{"damage":9,"enemies":"Book of Stabbing","floor":24,"turns":5},{"damage":32,"enemies":"Gremlin Leader","floor":28,"turns":5},{"damage":22,"enemies":"Shelled Parasite and Fungi","floor":29,"turns":5}],"seed_played":"8061147101932198775","potions_obtained":[{"floor":4,"key":"Swift Potion"},{"floor":5,"key":"Poison Potion"},{"floor":6,"key":"AttackPotion"}],"is_trial":false,"path_per_floor":["M","M","$","M","M","E","R","E","T","R","?","?","T","E","R","B",null,"M","$","?","?","M","$","E","R","T","R","E","M"],"character_chosen":"DEFECT","items_purchased":["Runic Capacitor","Blizzard","Capacitor","Bronze Scales","Hologram"],"campfire_rested":1,"item_purchase_floors":[3,19,19,19,19],"current_hp_per_floor":[68,64,64,64,58,40,40,24,24,24,24,24,24,20,42,24,62,62,62,46,46,46,46,44,44,44,44,19,0],"gold":118,"neow_bonus":"HUNDRED_GOLD","is_prod":false,"is_daily":false,"chose_seed":false,"campfire_upgraded":2,"win_rate":0,"timestamp":1551992383,"path_taken":["M","M","$","M","M","E","R","E","T","R","?","?","?","E","R","BOSS","M","$","?","?","M","$","E","R","T","R","E","M"],"build_version":"2019-01-23","purchased_purges":0,"victory":false,"max_hp_per_floor":[75,75,75,75,75,75,75,75,75,75,75,75,75,75,75,75,75,75,75,75,75,75,75,75,75,75,75,75,75],"card_choices":[{"not_picked":["Sweeping Beam","Hologram"],"picked":"Go for the Eyes","floor":1},{"not_picked":["Beam Cell","Blizzard"],"picked":"Conserve Battery","floor":2},{"not_picked":["Chill","Hologram"],"picked":"Cold Snap","floor":4},{"not_picked":["Tempest","Loop"],"picked":"All For One","floor":5},{"not_picked":["Gash","Aggregate"],"picked":"Stack","floor":6},{"not_picked":["Undo","Leap"],"picked":"Coolheaded","floor":8},{"not_picked":["Beam Cell","Coolheaded"],"picked":"Barrage","floor":14},{"not_picked":["Machine Learning","Thunder Strike"],"picked":"Reboot","floor":16},{"not_picked":["Turbo+1","Rip and Tear"],"picked":"Self Repair","floor":18},{"not_picked":["Turbo+1","Leap"],"picked":"Hologram+1","floor":22},{"not_picked":["Steam","Recycle"],"picked":"White Noise+1","floor":24},{"not_picked":["Sweeping Beam+1","Blizzard"],"picked":"Barrage+1","floor":28}],"player_experience":573302,"relics_obtained":[{"floor":6,"key":"Boot"},{"floor":8,"key":"Bottled Lightning"},{"floor":9,"key":"Anchor"},{"floor":13,"key":"StoneCalendar"},{"floor":14,"key":"Whetstone"},{"floor":20,"key":"Enchiridion"},{"floor":24,"key":"Girya"},{"floor":26,"key":"Ancient Tea Set"},{"floor":28,"key":"Toxic Egg 2"}],"event_choices":[{"damage_healed":0,"gold_gain":0,"player_choice":"Grow","damage_taken":0,"max_hp_gain":0,"max_hp_loss":0,"event_name":"Living Wall","floor":11,"gold_loss":0,"cards_upgraded":["Go for the Eyes"]},{"damage_healed":0,"gold_gain":0,"player_choice":"Ignored","damage_taken":0,"max_hp_gain":0,"max_hp_loss":0,"event_name":"Liars Game","floor":12,"gold_loss":0},{"damage_healed":0,"gold_gain":0,"player_choice":"Obtained Book","damage_taken":16,"max_hp_gain":0,"max_hp_loss":0,"event_name":"Cursed Tome","floor":20,"gold_loss":0},{"damage_healed":0,"gold_gain":0,"player_choice":"Paid Fearfully","damage_taken":0,"max_hp_gain":0,"max_hp_loss":0,"event_name":"Masked Bandits","floor":21,"gold_loss":5}],"is_beta":false,"boss_relics":[{"not_picked":["Ectoplasm","Runic Dome"],"picked":"Sozu"}],"items_purged_floors":[],"is_endless":false,"potions_floor_spawned":[4,5,6,22],"killed_by":"Shelled Parasite and Fungi","ascension_level":8}