{"gold_per_floor":[414,429,104,119,119,157,157,56,106,125,144,182,201,220,220,345,375,394,493,518,518,344,344,363,401,401,73,111,123,173,204,216,353,365,396,408,420,360,379,379,417,436,461,480,480,480,518,537,537,537],"floor_reached":51,"playtime":4333,"items_purged":["Strike_G","Normality","Strike_G"],"score":875,"play_id":"0bcbc9de-3f6f-4432-bf14-e9915b40664d","local_time":"20190524173013","daily_mods":["Heirloom","Vintage","DeadlyEvents"],"is_ascension_mode":false,"campfire_choices":[{"data":"Blade Dance","floor":15.0,"key":"SMITH"},{"data":"A Thousand Cuts","floor":23.0,"key":"SMITH"},{"data":"Dodge and Roll","floor":29.0,"key":"SMITH"},{"data":"Cloak And Dagger","floor":32.0,"key":"SMITH"},{"data":"Burst","floor":40.0,"key":"SMITH"},{"data":"Well Laid Plans","floor":46,"key":"SMITH"},{"data":"Survivor","floor":49,"key":"SMITH"}],"neow_cost":"","seed_source_timestamp":0,"circlet_count":0,"master_deck":["Defend_G","Defend_G","Defend_G","Defend_G","Defend_G","Strike_G","Strike_G","Strike_G","Survivor+1","Neutralize+1","Skewer+1","All Out Attack+1","Blade Dance+1","A Thousand Cuts+1","Dagger Spray+1","Noxious Fumes","Dodge and Roll+1","Escape Plan","Cloak And Dagger+1","Burst+1","Clumsy","Writhe","PiercingWail+1","Deflect+1","Well Laid Plans+1","Parasite","Decay","Cloak And Dagger+1"],"special_seed":18040,"relics":["Ring of the Snake","Old Coin","Singing Bowl","Mummified Hand","Gremlin Horn","Golden Idol","Potion Belt","Blood Vial","Whetstone","Sundial","Shuriken","Omamori","Art of War","Calling Bell","Tiny Chest","Paper Crane","Thread and Needle","Ancient Tea Set","Red Mask","Ninja Scroll","Du-Vu Doll","Dodecahedron","Blue Candle","Oddly Smooth Stone","MawBank","StoneCalendar","Anchor","Cursed Key","Toxic Egg 2","Kunai","Bag of Preparation","Ornamental Fan","Regal Pillow","Snake Skull","Smiling Mask","Letter Opener","Pen Nib","Pantograph"],"potions_floor_usage":[50,50,50,50,50],"damage_taken":[{"damage":0.0,"enemies":"2 Louse","floor":1.0,"turns":4.0},{"damage":0.0,"enemies":"Small Slimes","floor":2.0,"turns":4.0},{"damage":3.0,"enemies":"Cultist","floor":4.0,"turns":5.0},{"damage":34.0,"enemies":"3 Sentries","floor":6.0,"turns":15.0},{"damage":3.0,"enemies":"Large Slime","floor":10.0,"turns":6.0},{"damage":0.0,"enemies":"Blue Slaver","floor":11.0,"turns":4.0},{"damage":4.0,"enemies":"Gremlin Nob","floor":12.0,"turns":3.0},{"damage":0.0,"enemies":"2 Fungi Beasts","floor":13.0,"turns":2.0},{"damage":0.0,"enemies":"Gremlin Gang","floor":14.0,"turns":1.0},{"damage":10.0,"enemies":"The Guardian","floor":16.0,"turns":9.0},{"damage":16.0,"enemies":"Spheric Guardian","floor":18.0,"turns":4.0},{"damage":0.0,"enemies":"Masked Bandits","floor":20.0,"turns":3.0},{"damage":0.0,"enemies":"Shell Parasite","floor":24.0,"turns":3.0},{"damage":6.0,"enemies":"Slavers","floor":25.0,"turns":2.0},{"damage":13.0,"enemies":"Book of Stabbing","floor":28.0,"turns":5.0},{"damage":0.0,"enemies":"Gremlin Leader","floor":30.0,"turns":4.0},{"damage":0.0,"enemies":"Centurion and Healer","floor":31.0,"turns":4.0},{"damage":21.0,"enemies":"Champ","floor":33.0,"turns":9.0},{"damage":0.0,"enemies":"3 Darklings","floor":35.0,"turns":2.0},{"damage":0.0,"enemies":"Orb Walker","floor":39.0,"turns":3.0},{"damage":0.0,"enemies":"Nemesis","floor":41.0,"turns":5.0},{"damage":0,"enemies":"4 Shapes","floor":42,"turns":3},{"damage":10,"enemies":"Maw","floor":44,"turns":5},{"damage":1,"enemies":"Reptomancer","floor":47,"turns":4},{"damage":0,"enemies":"3 Darklings","floor":48,"turns":2},{"damage":18,"enemies":"Awakened One","floor":50,"turns":7}],"seed_played":"8609571646194855566","potions_obtained":[{"floor":2.0,"key":"GhostInAJar"},{"floor":6.0,"key":"Poison Potion"},{"floor":10.0,"key":"PowerPotion"},{"floor":13.0,"key":"Block Potion"},{"floor":18.0,"key":"Strength Potion"},{"floor":24.0,"key":"Dexterity Potion"},{"floor":25.0,"key":"SpeedPotion"},{"floor":30.0,"key":"LiquidBronze"},{"floor":31.0,"key":"SteroidPotion"},{"floor":35.0,"key":"Fire Potion"},{"floor":42,"key":"LiquidBronze"}],"is_trial":false,"path_per_floor":["M","M","$","M","?","E","?","$","T","M","M","E","M","M","R","B",null,"M","?","?","T","$","R","M","E","T","$","E","R","E","M","R","B",null,"M","T","?","$","M","R","E","M","T","M","T","R","E","M","R","B",null],"character_chosen":"THE_SILENT","items_purchased":["Mummified Hand","Skewer","All Out Attack","Noxious Fumes","Oddly Smooth Stone","Dodge and Roll","PiercingWail+1","Deflect+1"],"campfire_rested":0,"item_purchase_floors":[3,8,8,22,27,27,38,38],"current_hp_per_floor":[70,70,70,67,50,18,18,18,18,17,19,17,19,21,21,13,72,56,56,58,58,58,58,60,58,58,58,47,47,49,51,51,32,74,74,74,74,74,74,74,74,74,74,64,64,64,65,67,67,56],"gold":537,"neow_bonus":"","is_prod":false,"is_daily":true,"chose_seed":false,"campfire_upgraded":7,"win_rate":0,"timestamp":1558715413,"path_taken":["M","M","$","M","?","E","?","$","T","M","M","E","M","M","R","BOSS","M","?","?","?","$","R","?","E","T","$","?","R","E","M","R","BOSS","M","?","?","$","?","R","E","M","T","M","?","R","E","M","R","BOSS"],"build_version":"2019-01-23","purchased_purges":3,"victory":true,"max_hp_per_floor":[70,70,70,70,70,72,72,72,72,72,72,72,72,72,72,72,72,72,72,72,72,72,72,72,74,74,74,74,74,74,74,74,74,74,74,74,74,74,74,74,74,74,74,74,74,74,74,74,74,74],"card_choices":[{"not_picked":["Cloak And Dagger","Terror","Backflip"],"picked":"Singing Bowl","floor":6.0},{"not_picked":["Grand Finale","Prepared"],"picked":"Blade Dance","floor":12.0},{"not_picked":["Storm of Steel","Grand Finale"],"picked":"A Thousand Cuts","floor":16.0},{"not_picked":["Deflect","Poisoned Stab+1"],"picked":"Dagger Spray+1","floor":20.0},{"not_picked":["Outmaneuver","Catalyst","Bane"],"picked":"Singing Bowl","floor":25.0},{"not_picked":["Dagger Throw","Masterful Stab"],"picked":"Escape Plan","floor":28.0},{"not_picked":["Poisoned Stab","Flying Knee"],"picked":"Cloak And Dagger","floor":30.0},{"not_picked":["Corpse Explosion","Wraith Form v2"],"picked":"Burst","floor":33.0},{"not_picked":["Distraction+1","Sucker Punch"],"picked":"Well Laid Plans","floor":41.0},{"not_picked":["Underhanded Strike+1","Tactician+1"],"picked":"Cloak And Dagger+1","floor":47}],"player_experience":970903,"relics_obtained":[{"floor":1.0,"key":"Singing Bowl"},{"floor":4.0,"key":"Gremlin Horn"},{"floor":6.0,"key":"Potion Belt"},{"floor":9.0,"key":"Blood Vial"},{"floor":10.0,"key":"Whetstone"},{"floor":11.0,"key":"Sundial"},{"floor":12.0,"key":"Shuriken"},{"floor":13.0,"key":"Omamori"},{"floor":14.0,"key":"Art of War"},{"floor":17.0,"key":"Tiny Chest"},{"floor":17.0,"key":"Paper Crane"},{"floor":17.0,"key":"Thread and Needle"},{"floor":18.0,"key":"Ancient Tea Set"},{"floor":20.0,"key":"Red Mask"},{"floor":21.0,"key":"Ninja Scroll"},{"floor":24.0,"key":"Du-Vu Doll"},{"floor":25.0,"key":"Dodecahedron"},{"floor":26.0,"key":"Blue Candle"},{"floor":28.0,"key":"MawBank"},{"floor":30.0,"key":"StoneCalendar"},{"floor":31.0,"key":"Anchor"},{"floor":35.0,"key":"Toxic Egg 2"},{"floor":36.0,"key":"Kunai"},{"floor":39.0,"key":"Bag of Preparation"},{"floor":41.0,"key":"Ornamental Fan"},{"floor":42,"key":"Regal Pillow"},{"floor":43,"key":"Snake Skull"},{"floor":44,"key":"Smiling Mask"},{"floor":45,"key":"Letter Opener"},{"floor":47,"key":"Pen Nib"},{"floor":48,"key":"Pantograph"}],"event_choices":[{"damage_healed":0.0,"max_hp_gain":0.0,"max_hp_loss":0.0,"gold_gain":0.0,"event_name":"Golden Idol","player_choice":"Take Damage","floor":5.0,"gold_loss":0.0,"damage_taken":17.0,"relics_obtained":["Golden Idol"]},{"damage_healed":0.0,"max_hp_gain":0.0,"max_hp_loss":0.0,"gold_gain":0.0,"event_name":"Living Wall","player_choice":"Grow","floor":7.0,"gold_loss":0.0,"damage_taken":0.0,"cards_upgraded":["Neutralize"]},{"damage_healed":0.0,"max_hp_gain":0.0,"max_hp_loss":0.0,"gold_gain":99.0,"event_name":"Nest","player_choice":"Stole From Cult","floor":19.0,"gold_loss":0.0,"damage_taken":0.0},{"damage_healed":0.0,"max_hp_gain":0.0,"max_hp_loss":0.0,"gold_gain":0.0,"event_name":"Masked Bandits","player_choice":"Fought Bandits","floor":20.0,"gold_loss":0.0,"damage_taken":0.0},{"damage_healed":19.0,"max_hp_gain":0.0,"max_hp_loss":0.0,"gold_gain":0.0,"event_name":"Winding Halls","player_choice":"Writhe","floor":37.0,"gold_loss":0.0,"damage_taken":0.0,"cards_obtained":["Writhe"]}],"is_beta":false,"boss_relics":[{"not_picked":["Eternal Feather","Sozu"],"picked":"Calling Bell"},{"not_picked":["White Beast Statue","Runic Pyramid"],"picked":"Cursed Key"}],"items_purged_floors":[3,22,27],"is_endless":false,"potions_floor_spawned":[2,6,10,13,18,24,25,30,31,35,42,44],"ascension_level":0}