{"path_per_floor":["M","M","?","M","M","?","R","M","T","R","$","?","M","E","R","B",null,"M","?","$","M","?","R","R","M","T","M","?","T","M","E","R"],"character_chosen":"DEFECT","items_purchased":["Capacitor","Bandage Up","Apotheosis"],"gold_per_floor":[118,135,135,151,170,170,170,186,186,186,17,95,115,140,140,237,237,248,248,70,87,87,87,87,100,100,112,112,112,128,163,163,163],"floor_reached":33,"campfire_rested":2,"playtime":2300,"item_purchase_floors":[],"current_hp_per_floor":[75,75,80,76,38,38,38,36,36,36,36,36,32,27,51,33,80,52,52,52,35,35,35,38,47,47,42,42,42,38,7,23,0],"items_purged":[],"gold":163,"score":321,"play_id":"90966953-d0c5-4295-9f32-e0372104fb05","local_time":"20180622081832","is_prod":false,"is_daily":false,"chose_seed":false,"is_ascension_mode":true,"campfire_upgraded":4,"win_rate":0,"timestamp":1529651912,"campfire_choices":[{"data":"Sunder","floor":7.0,"key":"SMITH"},{"data":"Reinforced Body","floor":10.0,"key":"SMITH"},{"floor":15.0,"key":"REST"},{"data":"Sunder","floor":23.0,"key":"SMITH"},{"data":"Defragment","floor":24,"key":"SMITH"},{"floor":32,"key":"REST"}],"path_taken":["M","M","?","?","?","?","R","M","T","R","?","?","M","E","R","BOSS","M","?","$","?","?","R","M","?","T","M","?","?","M","E","R","BOSS"],"build_version":"2018-06-21","seed_source_timestamp":0,"purchased_purges":0,"circlet_count":0,"victory":false,"master_deck":["Defend_B","Defend_B","Defend_B","Defend_B","Zap","Dualcast","Sunder+1","Sunder+1","FTL","Beam Cell","Reinforced Body+1","Capacitor","Bandage Up","Loop","Core Surge","Electrodynamics","Doom and Gloom+1","Defragment+1","Apotheosis","Bite","Bite","Bite","Bite","Coolheaded+1"],"max_hp_per_floor":[75,75,80,80,80,80,80,80,80,80,80,80,80,80,80,80,80,80,80,80,80,56,56,56,56,56,56,56,56,56,56,56,56],"special_seed":0,"relics":["Sozu","Happy Flower","Boot","Snecko Eye","Blue Candle","Bronze Scales","Toxic Egg 2"],"card_choices":[{"not_picked":["Gash","Chill"],"picked":"Sunder","floor":1.0},{"not_picked":["Ball Lightning","Reprogram","Blizzard"],"picked":"SKIP","floor":2.0},{"not_picked":["Scrape","Ball Lightning"],"picked":"Sunder","floor":4.0},{"not_picked":["Heatsinks","Streamline"],"picked":"FTL","floor":5.0},{"not_picked":["Scrape","Doom and Gloom"],"picked":"Reinforced Body","floor":8.0},{"not_picked":["Stack","Hologram"],"picked":"Loop","floor":13.0},{"not_picked":["Force Field","Leap"],"picked":"Core Surge","floor":14.0},{"not_picked":["Biased Cognition","Seek"],"picked":"Electrodynamics","floor":16.0},{"not_picked":["Conserve Battery","Sunder"],"picked":"Doom and Gloom+1","floor":18.0},{"not_picked":["Barrage","Beam Cell","Hologram"],"picked":"SKIP","floor":21.0},{"not_picked":["Conserve Battery+1","Stack","Self Repair"],"picked":"SKIP","floor":25},{"not_picked":["Leap","FTL","Blizzard"],"picked":"SKIP","floor":27},{"not_picked":["White Noise+1","Electrodynamics","Barrage+1"],"picked":"SKIP","floor":30},{"not_picked":["Hologram","Lockon+1"],"picked":"Coolheaded","floor":31}],"player_experience":288520,"potions_floor_usage":[],"damage_taken":[{"damage":0.0,"enemies":"Cultist","floor":1.0,"turns":4.0},{"damage":0.0,"enemies":"Small Slimes","floor":2.0,"turns":2.0},{"damage":4.0,"enemies":"2 Louse","floor":4.0,"turns":2.0},{"damage":38.0,"enemies":"Large Slime","floor":5.0,"turns":5.0},{"damage":2.0,"enemies":"Exordium Wildlife","floor":8.0,"turns":2.0},{"damage":4.0,"enemies":"2 Fungi Beasts","floor":13.0,"turns":2.0},{"damage":9.0,"enemies":"Gremlin Nob","floor":14.0,"turns":3.0},{"damage":22.0,"enemies":"The Guardian","floor":16.0,"turns":8.0},{"damage":28.0,"enemies":"Spheric Guardian","floor":18.0,"turns":4.0},{"damage":17.0,"enemies":"2 Thieves","floor":21.0,"turns":3.0},{"damage":2.0,"enemies":"Snecko","floor":24.0,"turns":3.0},{"damage":0,"enemies":"Snecko","floor":25,"turns":2},{"damage":14,"enemies":"Slaver and Parasite","floor":27,"turns":3},{"damage":12,"enemies":"Snake Plant","floor":30,"turns":3},{"damage":46,"enemies":"Book of Stabbing","floor":31,"turns":5},{"damage":64,"enemies":"Champ","floor":33,"turns":9}],"relics_obtained":[{"floor":9.0,"key":"Happy Flower"},{"floor":14.0,"key":"Boot"},{"floor":26,"key":"Blue Candle"},{"floor":29,"key":"Bronze Scales"},{"floor":31,"key":"Toxic Egg 2"}],"event_choices":[{"event_name":"Big Fish","player_choice":"Donut","floor":3.0,"damage_taken":0.0},{"event_name":"Living Wall","player_choice":"Change","floor":6.0,"damage_taken":0.0},{"event_name":"Golden Wing","player_choice":"Gained Gold","floor":12.0,"damage_taken":0.0},{"event_name":"The Library","player_choice":"Read","floor":19.0,"damage_taken":0.0},{"event_name":"Vampires","player_choice":"Became a vampire","floor":22.0,"damage_taken":0.0},{"event_name":"Bonfire Elementals","player_choice":"SPECIAL","floor":28,"damage_taken":0}],"boss_relics":[{"not_picked":["Runic Dome","Empty Cage"],"picked":"Snecko Eye"}],"items_purged_floors":[],"is_endless":false,"potions_floor_spawned":[1,4,8,16,24,30],"seed_played":"-2419057509844642753","killed_by":"Champ","ascension_level":2,"potions_obtained":[],"is_trial":false}