{"gold_per_floor":[117,117,192,274,290,290,290,290,290,290,52,85,85,96,96,175,175,193,207,227,245,245,245],"floor_reached":23,"playtime":602,"items_purged":["Decay"],"score":428,"play_id":"0e3e0cac-02b5-427b-96b2-3a9ccba064fe","local_time":"20190513213138","is_ascension_mode":true,"campfire_choices":[{"data":"Bash","floor":6,"key":"SMITH"},{"data":"Headbutt","floor":8,"key":"SMITH"},{"data":"Defend_R","floor":10,"key":"SMITH"},{"data":"Immolate","floor":13,"key":"SMITH"},{"data":"Thunderclap","floor":15,"key":"SMITH"}],"neow_cost":"NONE","seed_source_timestamp":169376111145379,"circlet_count":0,"master_deck":["AscendersBane","Strike_R","Strike_R","Strike_R","Strike_R","Defend_R+1","Defend_R","Defend_R","Defend_R","Bash+1","Headbutt+1","Rampage","Immolate+1","Feel No Pain","Thunderclap+1","Offering","Anger"],"relics":["Burning Blood","NeowsBlessing","Sundial","Busted Crown","Frozen Egg 2"],"potions_floor_usage":[16,23,23],"damage_taken":[{"damage":0,"enemies":"Jaw Worm","floor":1,"turns":1},{"damage":0,"enemies":"Small Slimes","floor":5,"turns":1},{"damage":0,"enemies":"Gremlin Nob","floor":12,"turns":1},{"damage":0,"enemies":"Cultist","floor":14,"turns":2},{"damage":29,"enemies":"Slime Boss","floor":16,"turns":7},{"damage":17,"enemies":"2 Thieves","floor":18,"turns":2},{"damage":4,"enemies":"3 Byrds","floor":19,"turns":2},{"damage":15,"enemies":"Centurion and Healer","floor":20,"turns":2},{"damage":28,"enemies":"Snecko","floor":21,"turns":4},{"damage":35,"enemies":"Book of Stabbing","floor":23,"turns":3}],"seed_played":"-619917333703765350","potions_obtained":[{"floor":1,"key":"LiquidBronze"},{"floor":14,"key":"Explosive Potion"},{"floor":18,"key":"PowerPotion"},{"floor":21,"key":"Weak Potion"}],"is_trial":false,"path_per_floor":["M","?","?","T","M","R","?","R","T","R","$","E","R","M","R","B",null,"M","M","M","M","T","E"],"character_chosen":"IRONCLAD","items_purchased":["Immolate","Feel No Pain"],"campfire_rested":0,"item_purchase_floors":[11,11],"current_hp_per_floor":[74,67,56,56,62,62,62,62,62,62,62,68,68,74,74,51,69,58,60,51,29,29,0],"gold":245,"neow_bonus":"THREE_ENEMY_KILL","is_prod":false,"is_daily":false,"chose_seed":false,"campfire_upgraded":5,"win_rate":0,"timestamp":1557779498,"path_taken":["M","?","?","?","M","R","?","R","T","R","$","E","R","M","R","BOSS","M","?","M","M","?","E"],"build_version":"2019-01-23","purchased_purges":1,"victory":false,"max_hp_per_floor":[75,75,75,75,75,75,75,75,75,75,75,75,75,75,75,75,75,75,75,75,75,75,75],"card_choices":[{"not_picked":["Ghostly Armor","Bloodletting"],"picked":"Headbutt","floor":1},{"not_picked":["Anger","Headbutt"],"picked":"Rampage","floor":5},{"not_picked":["Power Through","Perfected Strike","Flex"],"picked":"SKIP","floor":12},{"not_picked":["Flex","Sword Boomerang"],"picked":"Thunderclap","floor":14},{"not_picked":["Dark Embrace","Impervious"],"picked":"Offering","floor":16},{"not_picked":["Warcry"],"picked":"SKIP","floor":18},{"not_picked":["Twin Strike"],"picked":"SKIP","floor":19},{"not_picked":["Searing Blow"],"picked":"SKIP","floor":20},{"not_picked":[],"picked":"Anger","floor":21}],"player_experience":963899,"relics_obtained":[{"floor":9,"key":"Sundial"},{"floor":22,"key":"Frozen Egg 2"}],"event_choices":[{"cards_removed":["Strike_R"],"damage_healed":0,"gold_gain":0,"player_choice":"Card Removal","damage_taken":7,"max_hp_gain":0,"max_hp_loss":0,"event_name":"Golden Wing","floor":2,"gold_loss":0},{"damage_healed":0,"gold_gain":75,"player_choice":"Gather Gold","damage_taken":11,"max_hp_gain":0,"max_hp_loss":0,"event_name":"World of Goop","floor":3,"gold_loss":0},{"damage_healed":0,"gold_gain":0,"player_choice":"Cursed","damage_taken":0,"max_hp_gain":0,"max_hp_loss":0,"event_name":"Wheel of Change","floor":7,"gold_loss":0,"cards_obtained":["Decay"]}],"is_beta":false,"boss_relics":[{"not_picked":["Calling Bell","Black Blood"],"picked":"Busted Crown"}],"items_purged_floors":[11],"is_endless":false,"potions_floor_spawned":[1,14,18,21],"killed_by":"Book of Stabbing","ascension_level":20}