{"gold_per_floor":[116,291,291,309,332,332,375,44,44,44,65,65,65,80,80,200,200,223,348,348,273,286,311,311,330,330,349,349,389,414,455,455,580,580,600,725,725,244,244,265,283,33,79,79,103,103,141,156,156,156],"floor_reached":51,"playtime":7111,"items_purged":["Doubt","Defend_G"],"score":717,"play_id":"fc906256-13c9-4223-a697-f7d939b660b6","local_time":"20190404093658","is_ascension_mode":false,"campfire_choices":[{"data":"Well Laid Plans","floor":6,"key":"SMITH"},{"data":"Deadly Poison","floor":10,"key":"SMITH"},{"data":"Footwork","floor":12,"key":"SMITH"},{"data":"Backflip","floor":15,"key":"SMITH"},{"data":"Corpse Explosion","floor":24,"key":"SMITH"},{"floor":28,"key":"REST"},{"data":"Catalyst","floor":32,"key":"SMITH"},{"floor":44,"key":"REST"},{"data":"Envenom","floor":49,"key":"SMITH"}],"neow_cost":"NONE","seed_source_timestamp":69566815059697,"circlet_count":0,"master_deck":["Defend_G","Defend_G","Defend_G","Strike_G","Strike_G","Strike_G+1","Survivor","Neutralize","Deadly Poison+1","Well Laid Plans+1","Prepared","Escape Plan","Footwork+1","Backflip+1","Corpse Explosion+1","Sucker Punch+1","Deadly Poison+1","Dash+1","Bane+1","Corpse Explosion","Bane+1","Dodge and Roll+1","Catalyst+1","Phantasmal Killer","Envenom+1","Prepared","Acrobatics+1","Dodge and Roll","Sadistic Nature","Acrobatics+1","Backstab+1","Choke+1","Crippling Poison+1"],"relics":["Ring of the Serpent","Ancient Tea Set","Golden Idol","Molten Egg 2","Meat on the Bone","Whetstone","Girya","Question Card","Calipers","Sundial","Pantograph","Eternal Feather","Tingsha","Strawberry","TwistedFunnel","Bottled Tornado","Snake Skull","Boot"],"potions_floor_usage":[19,19,33,33,50,50],"damage_taken":[{"damage":0,"enemies":"Jaw Worm","floor":1,"turns":4},{"damage":0,"enemies":"2 Louse","floor":4,"turns":3},{"damage":5,"enemies":"Small Slimes","floor":5,"turns":4},{"damage":21,"enemies":"Lagavulin","floor":7,"turns":9},{"damage":2,"enemies":"Exordium Wildlife","floor":11,"turns":7},{"damage":0,"enemies":"Blue Slaver","floor":14,"turns":3},{"damage":3,"enemies":"The Guardian","floor":16,"turns":10},{"damage":12,"enemies":"2 Thieves","floor":18,"turns":4},{"damage":20,"enemies":"Colosseum Slavers","floor":19,"turns":5},{"damage":31,"enemies":"Colosseum Nobs","floor":19,"turns":6},{"damage":1,"enemies":"Chosen","floor":22,"turns":5},{"damage":2,"enemies":"Snake Plant","floor":23,"turns":6},{"damage":0,"enemies":"Chosen and Byrds","floor":25,"turns":6},{"damage":8,"enemies":"Shelled Parasite and Fungi","floor":27,"turns":8},{"damage":4,"enemies":"Book of Stabbing","floor":29,"turns":6},{"damage":0,"enemies":"Snecko","floor":30,"turns":4},{"damage":36,"enemies":"Gremlin Leader","floor":31,"turns":6},{"damage":56,"enemies":"Collector","floor":33,"turns":7},{"damage":48,"enemies":"3 Shapes","floor":35,"turns":5},{"damage":1,"enemies":"Mind Bloom Boss Battle","floor":36,"turns":6},{"damage":13,"enemies":"3 Darklings","floor":40,"turns":3},{"damage":47,"enemies":"Transient","floor":41,"turns":5},{"damage":0,"enemies":"4 Shapes","floor":45,"turns":4},{"damage":21,"enemies":"Giant Head","floor":47,"turns":6},{"damage":23,"enemies":"Sphere and 2 Shapes","floor":48,"turns":6},{"damage":46,"enemies":"Awakened One","floor":50,"turns":14}],"seed_played":"-148771812387952272","potions_obtained":[{"floor":4,"key":"LiquidBronze"},{"floor":5,"key":"Ancient Potion"},{"floor":16,"key":"SpeedPotion"},{"floor":19,"key":"Swift Potion"},{"floor":23,"key":"Poison Potion"},{"floor":27,"key":"AttackPotion"},{"floor":29,"key":"Regen Potion"},{"floor":41,"key":"EssenceOfSteel"},{"floor":45,"key":"Ancient Potion"},{"floor":47,"key":"Block Potion"}],"is_trial":false,"path_per_floor":["M","?","?","M","M","R","E","$","T","R","M","R","?","M","R","B",null,"M","?","?","?","M","M","R","M","T","M","R","E","M","E","R","B",null,"M","?","?","$","?","M","M","$","T","R","M","?","E","M","R","B",null],"character_chosen":"THE_SILENT","items_purchased":["Meat on the Bone","Dodge and Roll","Strawberry","TwistedFunnel","Bottled Tornado"],"campfire_rested":2,"item_purchase_floors":[8,38,38,38,42],"current_hp_per_floor":[70,70,53,53,48,48,27,27,27,27,37,37,30,42,42,39,70,58,19,19,19,30,40,40,40,40,44,65,61,61,37,37,33,70,34,58,58,65,65,52,17,17,17,58,58,58,49,38,56,43],"gold":156,"neow_bonus":"RANDOM_COMMON_RELIC","is_prod":false,"is_daily":false,"chose_seed":false,"campfire_upgraded":7,"win_rate":0.0,"timestamp":1554359818,"path_taken":["M","?","?","M","M","R","E","$","T","R","M","R","?","M","R","BOSS","M","?","?","?","M","M","R","M","T","M","R","E","M","E","R","BOSS","M","?","?","?","?","M","M","$","T","R","M","?","E","M","R","BOSS"],"build_version":"2019-01-23","purchased_purges":2,"victory":true,"max_hp_per_floor":[70,70,70,70,70,70,70,70,70,70,70,70,70,70,70,70,70,70,70,70,70,70,70,70,70,70,70,70,70,70,70,70,70,70,70,70,70,77,77,77,77,77,77,77,77,77,77,77,77,77],"card_choices":[{"not_picked":["Dagger Spray","Distraction"],"picked":"Deadly Poison","floor":1},{"not_picked":["Deflect","Quick Slash"],"picked":"Well Laid Plans","floor":4},{"not_picked":["Poisoned Stab","Predator"],"picked":"Prepared","floor":5},{"not_picked":["Quick Slash","Finisher"],"picked":"Escape Plan","floor":7},{"not_picked":["Distraction","Infinite Blades"],"picked":"Footwork","floor":11},{"not_picked":["Reflex","Heel Hook+1"],"picked":"Backflip","floor":14},{"not_picked":["Die Die Die+1","Unload+1"],"picked":"Corpse Explosion","floor":16},{"not_picked":["Blade Dance","Tactician"],"picked":"Sucker Punch+1","floor":18},{"not_picked":["Endless Agony+1","Backflip"],"picked":"Deadly Poison+1","floor":19},{"not_picked":["Heel Hook+1","Prepared+1","Dagger Spray+1"],"picked":"Dash+1","floor":22},{"not_picked":["Skewer+1","Deadly Poison+1","Crippling Poison"],"picked":"Bane+1","floor":23},{"not_picked":["Expertise","Reflex+1","Dagger Spray+1"],"picked":"Corpse Explosion","floor":25},{"not_picked":["Calculated Gamble","Blade Dance+1","Slice+1"],"picked":"Bane+1","floor":27},{"not_picked":["Underhanded Strike+1","Slice+1","Deadly Poison"],"picked":"Dodge and Roll+1","floor":29},{"not_picked":["Slice+1","Noxious Fumes","Heel Hook+1"],"picked":"Catalyst","floor":30},{"not_picked":["Blade Dance","Slice+1","Eviscerate+1"],"picked":"Phantasmal Killer","floor":31},{"not_picked":["Doppelganger","Die Die Die+1","Venomology"],"picked":"Envenom","floor":33},{"not_picked":["All Out Attack+1","Bane+1","Endless Agony+1"],"picked":"Prepared","floor":35},{"not_picked":["Quick Slash+1","Bouncing Flask+1","Reflex+1"],"picked":"Acrobatics+1","floor":36},{"not_picked":["Trip","Impatience","Purity"],"picked":"Sadistic Nature","floor":39},{"not_picked":["Deadly Poison","Well Laid Plans","PiercingWail"],"picked":"Acrobatics+1","floor":40},{"not_picked":["Blade Dance","Terror","Prepared+1"],"picked":"Backstab+1","floor":41},{"not_picked":["Tactician","Blur","Deadly Poison","Quick Slash+1"],"picked":"SKIP","floor":45},{"not_picked":["Poisoned Stab+1","Quick Slash+1","Reflex"],"picked":"Choke+1","floor":47},{"not_picked":["Night Terror","Dagger Throw+1","Blade Dance+1"],"picked":"Crippling Poison+1","floor":48}],"player_experience":16257,"relics_obtained":[{"floor":7,"key":"Molten Egg 2"},{"floor":9,"key":"Whetstone"},{"floor":19,"key":"Girya"},{"floor":19,"key":"Question Card"},{"floor":26,"key":"Calipers"},{"floor":29,"key":"Sundial"},{"floor":31,"key":"Pantograph"},{"floor":36,"key":"Tingsha"},{"floor":43,"key":"Snake Skull"},{"floor":47,"key":"Boot"}],"event_choices":[{"damage_healed":0,"gold_gain":175,"player_choice":"AGREE","damage_taken":0,"max_hp_gain":0,"max_hp_loss":0,"event_name":"Liars Game","floor":2,"gold_loss":0,"cards_obtained":["Doubt"]},{"damage_healed":0,"gold_gain":0,"player_choice":"Take Damage","damage_taken":17,"relics_obtained":["Golden Idol"],"max_hp_gain":0,"max_hp_loss":0,"event_name":"Golden Idol","floor":3,"gold_loss":0},{"cards_removed":["Defend_G"],"damage_healed":0,"gold_gain":0,"player_choice":"Card Removal","damage_taken":7,"max_hp_gain":0,"max_hp_loss":0,"event_name":"Golden Wing","floor":13,"gold_loss":0},{"damage_healed":0,"gold_gain":0,"player_choice":"Fight","damage_taken":0,"max_hp_gain":0,"max_hp_loss":0,"event_name":"Colosseum","floor":19,"gold_loss":0},{"damage_healed":0,"gold_gain":0,"player_choice":"Fought Nobs","damage_taken":0,"max_hp_gain":0,"max_hp_loss":0,"event_name":"Colosseum","floor":19,"gold_loss":0},{"damage_healed":0,"gold_gain":0,"player_choice":"Ignored","damage_taken":0,"max_hp_gain":0,"max_hp_loss":0,"event_name":"Ghosts","floor":20,"gold_loss":0},{"cards_removed":["Strike_G"],"damage_healed":0,"gold_gain":0,"player_choice":"Gave Gold","damage_taken":0,"max_hp_gain":0,"max_hp_loss":0,"event_name":"Beggar","floor":21,"gold_loss":75},{"damage_healed":0,"gold_gain":0,"player_choice":"Fight","damage_taken":0,"max_hp_gain":0,"max_hp_loss":0,"event_name":"MindBloom","floor":36,"gold_loss":0},{"damage_healed":0,"gold_gain":0,"player_choice":"Ignored","damage_taken":0,"max_hp_gain":0,"max_hp_loss":0,"event_name":"The Moai Head","floor":37,"gold_loss":0},{"damage_healed":0,"gold_gain":0,"player_choice":"Memory 1","damage_taken":0,"max_hp_gain":0,"max_hp_loss":0,"event_name":"SensoryStone","floor":39,"gold_loss":0},{"cards_removed":["Strike_G"],"damage_healed":0,"gold_gain":0,"player_choice":"Removed Attack","damage_taken":0,"max_hp_gain":0,"max_hp_loss":0,"event_name":"Falling","floor":46,"gold_loss":0}],"is_beta":false,"boss_relics":[{"not_picked":["Astrolabe","Tiny House"],"picked":"Ring of the Serpent"},{"not_picked":["Philosopher\u0027s Stone","Black Star"],"picked":"Eternal Feather"}],"items_purged_floors":[8,38],"is_endless":false,"potions_floor_spawned":[4,5,16,19,23,27,29,30,31,41,45,47],"ascension_level":0}