{"gold_per_floor":[116,132,132,132,132,132,151,161,187,153,173,173,206,216,216,312,312,331,345,362,242,257,285,115,141,166,176,176,196,216,236,236,332,332,346,346,346,360,380,380,380,380,380,393,493,222,222,233,233,233],"floor_reached":51,"playtime":5172,"items_purged":["Zap","Strike_B","Strike_B"],"score":718,"play_id":"e1ab7a31-8d0a-44a1-bf0a-983eb659b60c","local_time":"20190228013504","is_ascension_mode":false,"campfire_choices":[{"data":"Defend_B","floor":6,"key":"SMITH"},{"data":"Sunder","floor":12,"key":"SMITH"},{"data":"Streamline","floor":15,"key":"SMITH"},{"data":"Heatsinks","floor":28,"key":"SMITH"},{"data":"Defragment","floor":32,"key":"SMITH"},{"data":"Capacitor","floor":40,"key":"SMITH"},{"data":"Meteor Strike","floor":42,"key":"SMITH"},{"floor":47,"key":"REST"},{"data":"Glacier","floor":49,"key":"SMITH"}],"neow_cost":"NONE","seed_source_timestamp":0,"circlet_count":0,"master_deck":["Strike_B","Defend_B+1","Defend_B","Defend_B","Defend_B","Recycle","Static Discharge","Sunder+1","Glacier+1","Streamline+1","Meteor Strike+1","Capacitor+1","Hologram+1","Streamline","Glacier","Creative AI","Heatsinks+1","Hologram+1","Defragment+1","Hologram+1","All For One"],"special_seed":0,"relics":["Snecko Eye"],"potions_floor_usage":[13,20,25,50,50,50],"damage_taken":[{"damage":8.0,"enemies":"Jaw Worm","floor":1.0,"turns":3.0},{"damage":0.0,"enemies":"2 Louse","floor":2.0,"turns":2.0},{"damage":1,"enemies":"Cultist","floor":7,"turns":4},{"damage":18,"enemies":"Lots of Slimes","floor":8,"turns":4},{"damage":0,"enemies":"3 Louse","floor":11,"turns":3},{"damage":4,"enemies":"3 Sentries","floor":13,"turns":7},{"damage":1,"enemies":"Large Slime","floor":14,"turns":3},{"damage":14,"enemies":"The Guardian","floor":16,"turns":8},{"damage":0,"enemies":"Spheric Guardian","floor":18,"turns":3},{"damage":0,"enemies":"Chosen","floor":19,"turns":3},{"damage":0,"enemies":"Centurion and Healer","floor":20,"turns":4},{"damage":0,"enemies":"Cultist and Chosen","floor":22,"turns":4},{"damage":5,"enemies":"Gremlin Leader","floor":23,"turns":5},{"damage":0,"enemies":"Book of Stabbing","floor":25,"turns":5},{"damage":7,"enemies":"Shelled Parasite and Fungi","floor":27,"turns":4},{"damage":0,"enemies":"Sentry and Sphere","floor":29,"turns":3},{"damage":2,"enemies":"3 Cultists","floor":30,"turns":4},{"damage":8,"enemies":"Centurion and Healer","floor":31,"turns":3},{"damage":16,"enemies":"Champ","floor":33,"turns":9},{"damage":20,"enemies":"3 Darklings","floor":35,"turns":6},{"damage":0,"enemies":"Orb Walker","floor":38,"turns":2},{"damage":0,"enemies":"Maw","floor":39,"turns":6},{"damage":0,"enemies":"Writhing Mass","floor":44,"turns":4},{"damage":17,"enemies":"Mind Bloom Boss Battle","floor":45,"turns":6},{"damage":0,"enemies":"4 Shapes","floor":48,"turns":4},{"damage":0,"enemies":"Time Eater","floor":50,"turns":8}],"seed_played":"8331383801927146070","potions_obtained":[{"floor":7,"key":"Regen Potion"},{"floor":8,"key":"PowerPotion"},{"floor":11,"key":"SteroidPotion"},{"floor":14,"key":"Block Potion"},{"floor":23,"key":"Explosive Potion"},{"floor":25,"key":"SmokeBomb"},{"floor":27,"key":"Dexterity Potion"},{"floor":35,"key":"FocusPotion"},{"floor":44,"key":"Weak Potion"}],"is_trial":false,"path_per_floor":["M","M","?","T","?","R","M","M","T","$","M","R","E","M","R","B",null,"M","M","M","$","M","E","$","E","T","M","R","M","M","M","R","B",null,"M","?","?","M","M","R","?","R","T","M","?","$","R","M","R","B",null],"character_chosen":"DEFECT","items_purchased":["Glacier","Streamline","Heatsinks","Regen Potion","All For One"],"campfire_rested":1,"item_purchase_floors":[10,21,24,46,46],"current_hp_per_floor":[67,67,67,67,67,67,66,48,48,48,48,48,59,58,58,44,75,75,75,75,75,75,70,70,70,70,63,63,63,61,53,53,37,75,55,55,55,55,55,55,55,55,55,55,38,38,59,59,59,71],"gold":233,"neow_bonus":"BOSS_RELIC","is_prod":false,"is_daily":false,"chose_seed":false,"campfire_upgraded":8,"win_rate":0,"timestamp":1551317704,"path_taken":["M","M","?","?","?","R","?","M","T","$","M","R","E","M","R","BOSS","M","?","M","?","M","E","$","E","T","M","R","M","M","M","R","BOSS","M","?","?","M","M","R","?","R","T","?","?","$","R","M","R","BOSS"],"build_version":"2019-01-23","purchased_purges":3,"victory":true,"max_hp_per_floor":[75,75,75,75,75,75,75,75,75,75,75,75,75,75,75,75,75,75,75,75,75,75,75,75,75,75,75,75,75,75,75,75,75,75,75,75,71,71,71,71,71,71,71,71,71,71,71,71,71,71],"card_choices":[{"not_picked":["Gash","Rip and Tear"],"picked":"Recycle","floor":1.0},{"not_picked":["BootSequence","Leap","Double Energy"],"picked":"SKIP","floor":2.0},{"not_picked":["Consume","Chaos"],"picked":"Static Discharge","floor":7},{"not_picked":["Streamline","Sweeping Beam"],"picked":"Sunder","floor":8},{"not_picked":["Beam Cell","Barrage","Conserve Battery"],"picked":"SKIP","floor":11},{"not_picked":["Turbo","Conserve Battery","Static Discharge"],"picked":"SKIP","floor":13},{"not_picked":["Steam Power","Ball Lightning"],"picked":"Streamline","floor":14},{"not_picked":["Electrodynamics","Hyperbeam"],"picked":"Meteor Strike","floor":16},{"not_picked":["Lockon","FTL"],"picked":"Capacitor","floor":18},{"not_picked":["Aggregate","Sweeping Beam+1"],"picked":"Hologram+1","floor":19},{"not_picked":["Gash+1","Self Repair","Ball Lightning"],"picked":"SKIP","floor":20},{"not_picked":["Reinforced Body","Double Energy"],"picked":"Glacier","floor":22},{"not_picked":["Steam","Steam Power+1"],"picked":"Creative AI","floor":23},{"not_picked":["Streamline","Melter","Hologram"],"picked":"SKIP","floor":25},{"not_picked":["Chaos","Stack"],"picked":"Hologram+1","floor":27},{"not_picked":["Steam Power","Streamline","Cold Snap"],"picked":"SKIP","floor":29},{"not_picked":["Turbo","Auto Shields"],"picked":"Defragment","floor":30},{"not_picked":["Barrage","Cold Snap","Steam+1"],"picked":"SKIP","floor":31},{"not_picked":["Ball Lightning","Rebound+1"],"picked":"Hologram+1","floor":35},{"not_picked":["Hologram+1","Steam","Redo+1"],"picked":"SKIP","floor":38},{"not_picked":["Static Discharge+1","Rip and Tear+1","Go for the Eyes"],"picked":"SKIP","floor":39},{"not_picked":["Chaos","Streamline+1","Beam Cell+1"],"picked":"SKIP","floor":44},{"not_picked":["Gash","Leap+1","Turbo+1"],"picked":"SKIP","floor":48}],"player_experience":521960,"relics_obtained":[],"event_choices":[{"damage_healed":0,"gold_gain":0,"player_choice":"Leave","damage_taken":0,"max_hp_gain":0,"max_hp_loss":0,"event_name":"The Cleric","floor":3,"gold_loss":0},{"cards_removed":["Dualcast"],"damage_healed":0,"gold_gain":0,"player_choice":"Purged","damage_taken":0,"max_hp_gain":0,"max_hp_loss":0,"event_name":"Purifier","floor":5,"gold_loss":0},{"damage_healed":0,"gold_gain":0,"player_choice":"Ignored","damage_taken":0,"max_hp_gain":0,"max_hp_loss":0,"event_name":"Mysterious Sphere","floor":36,"gold_loss":0},{"damage_healed":0,"gold_gain":0,"player_choice":"Max HP","damage_taken":0,"max_hp_gain":0,"max_hp_loss":4,"event_name":"Winding Halls","floor":37,"gold_loss":0},{"cards_removed":["Strike_B"],"damage_healed":0,"gold_gain":0,"player_choice":"Offered Basic","damage_taken":0,"max_hp_gain":0,"max_hp_loss":0,"event_name":"Bonfire Elementals","floor":41,"gold_loss":0},{"damage_healed":0,"gold_gain":0,"player_choice":"Fight","damage_taken":0,"max_hp_gain":0,"max_hp_loss":0,"event_name":"MindBloom","floor":45,"gold_loss":0}],"is_beta":false,"boss_relics":[{"not_picked":["Sozu","Eternal Feather","Pandora\u0027s Box"]},{"not_picked":["Sozu","Eternal Feather","Pandora\u0027s Box"]}],"items_purged_floors":[21,24,46],"is_endless":false,"potions_floor_spawned":[7,8,11,14,23,25,27,29,35,44],"ascension_level":0}