{"gold_per_floor":[110,110,126,138,150,150,150,182,208,158,158,171,0,13,13,111,111,130,142,159,34,51,86,86,100,150,150,167,196,53,63,63,160,160,174,174,174,191,207,207,16,16,16,45,45,59,159,26,26,26],"floor_reached":51,"playtime":7398,"items_purged":["Strike_G"],"score":997,"play_id":"13a6c379-3372-4138-b5b3-b570a333f12a","local_time":"20190304010156","is_ascension_mode":true,"campfire_choices":[{"data":"Footwork","floor":6.0,"key":"SMITH"},{"data":"Dagger Throw","floor":15.0,"key":"SMITH"},{"floor":24.0,"key":"REST"},{"data":"Infinite Blades","floor":27.0,"key":"SMITH"},{"floor":32.0,"key":"REST"},{"floor":40,"key":"DIG"},{"floor":42,"key":"DIG"},{"floor":45,"key":"DIG"},{"floor":49,"key":"REST"}],"neow_cost":"NONE","seed_source_timestamp":0,"circlet_count":0,"master_deck":["Defend_G","Defend_G","Defend_G+1","Defend_G","Strike_G","Strike_G","Survivor+1","Neutralize+1","Dagger Throw+1","Backflip","Footwork+1","Tools of the Trade","Distraction","Leg Sweep","Grand Finale","Escape Plan","Acrobatics","Eviscerate","Infinite Blades+1","Deflect","Die Die Die","Underhanded Strike+1","Dagger Throw+1","Dodge and Roll+1","Deflect","Setup+1","Outmaneuver+1","Tactician+1","Envenom","Prepared+1","Bullet Time","Dodge and Roll+1","Panache","PanicButton","Caltrops+1","PiercingWail","Footwork"],"special_seed":0,"relics":["Ring of the Snake","Omamori","Strawberry","Pen Nib","Runic Pyramid","Ancient Tea Set","War Paint","Shovel","Cursed Key","Dead Branch","Medical Kit","Happy Flower","Dodecahedron","Art of War","Oddly Smooth Stone","Turnip"],"potions_floor_usage":[39,39,50,50,50],"damage_taken":[{"damage":0.0,"enemies":"Small Slimes","floor":1.0,"turns":6.0},{"damage":0.0,"enemies":"Cultist","floor":3.0,"turns":4.0},{"damage":0.0,"enemies":"2 Louse","floor":4.0,"turns":3.0},{"damage":4.0,"enemies":"Large Slime","floor":5.0,"turns":9.0},{"damage":21.0,"enemies":"3 Sentries","floor":8.0,"turns":12.0},{"damage":8.0,"enemies":"3 Louse","floor":12.0,"turns":6.0},{"damage":4.0,"enemies":"Gremlin Gang","floor":14.0,"turns":7.0},{"damage":32.0,"enemies":"Slime Boss","floor":16.0,"turns":20.0},{"damage":1.0,"enemies":"Spheric Guardian","floor":18.0,"turns":4.0},{"damage":0.0,"enemies":"3 Byrds","floor":19.0,"turns":3.0},{"damage":0.0,"enemies":"Snecko","floor":20.0,"turns":4.0},{"damage":2.0,"enemies":"Snake Plant","floor":22.0,"turns":6.0},{"damage":43.0,"enemies":"Slavers","floor":23.0,"turns":8.0},{"damage":0.0,"enemies":"Centurion and Healer","floor":25.0,"turns":4.0},{"damage":0.0,"enemies":"3 Cultists","floor":28.0,"turns":6.0},{"damage":23.0,"enemies":"Gremlin Leader","floor":29.0,"turns":10.0},{"damage":6.0,"enemies":"Snake Plant","floor":31.0,"turns":7.0},{"damage":23.0,"enemies":"Champ","floor":33.0,"turns":9.0},{"damage":0,"enemies":"3 Shapes","floor":35,"turns":5},{"damage":7,"enemies":"3 Darklings","floor":38,"turns":5},{"damage":8,"enemies":"Transient","floor":39,"turns":5},{"damage":7,"enemies":"Nemesis","floor":44,"turns":7},{"damage":2,"enemies":"Writhing Mass","floor":46,"turns":5},{"damage":0,"enemies":"Mind Bloom Boss Battle","floor":47,"turns":6},{"damage":17,"enemies":"Donu and Deca","floor":50,"turns":10}],"seed_played":"6231147773056867776","potions_obtained":[{"floor":1.0,"key":"Strength Potion"},{"floor":3.0,"key":"LiquidBronze"},{"floor":16.0,"key":"PowerPotion"},{"floor":18.0,"key":"SkillPotion"},{"floor":19.0,"key":"Strength Potion"},{"floor":28.0,"key":"SpeedPotion"},{"floor":29.0,"key":"SpeedPotion"},{"floor":33.0,"key":"Swift Potion"},{"floor":35,"key":"Ancient Potion"},{"floor":38,"key":"AttackPotion"},{"floor":39,"key":"FearPotion"}],"is_trial":false,"path_per_floor":["M","?","M","M","M","R","?","E","T","?","?","M","$","M","R","B",null,"M","M","M","$","M","E","R","M","T","R","M","E","$","M","R","B",null,"M","?","?","M","M","R","$","R","T","E","R","M","?","$","R","B",null],"character_chosen":"THE_SILENT","items_purchased":["Acrobatics","Eviscerate","Infinite Blades","Deflect","Envenom","Medical Kit","Footwork","Dexterity Potion"],"campfire_rested":3,"item_purchase_floors":[13,13,13,21,30,41,48,48],"current_hp_per_floor":[63,63,63,63,59,59,59,45,45,45,45,37,37,33,33,1,58,57,57,57,57,55,12,35,35,35,35,35,12,12,6,29,6,59,59,54,54,47,39,39,39,39,39,32,32,30,30,30,51,34],"gold":26,"neow_bonus":"UPGRADE_CARD","is_prod":false,"is_daily":false,"chose_seed":false,"campfire_upgraded":3,"win_rate":0,"timestamp":1551661316,"path_taken":["M","?","M","?","M","R","?","E","T","?","?","M","$","M","R","BOSS","M","?","M","$","M","E","R","M","T","R","M","E","$","M","R","BOSS","M","?","?","M","M","R","$","R","T","E","R","M","?","?","R","BOSS"],"build_version":"2019-01-23","purchased_purges":1,"victory":true,"max_hp_per_floor":[70,70,70,70,70,70,70,77,77,77,77,77,77,77,77,77,77,77,77,77,77,77,77,77,77,77,77,77,77,77,77,77,77,77,77,77,73,73,73,73,73,73,73,73,73,73,73,73,73,73],"card_choices":[{"not_picked":["Acrobatics","Quick Slash"],"picked":"Dagger Throw","floor":1.0},{"not_picked":["Dodge and Roll","Outmaneuver"],"picked":"Backflip","floor":3.0},{"not_picked":["Bane","Deflect"],"picked":"Footwork","floor":4.0},{"not_picked":["Underhanded Strike","Prepared"],"picked":"Tools of the Trade","floor":5.0},{"not_picked":["Heel Hook","Expertise"],"picked":"Leg Sweep","floor":8.0},{"not_picked":["Acrobatics","Flechettes"],"picked":"Escape Plan","floor":12.0},{"not_picked":["Outmaneuver","Bane"],"picked":"Deflect","floor":14.0},{"not_picked":["Venomology","Corpse Explosion"],"picked":"Die Die Die","floor":16.0},{"not_picked":["Riddle With Holes","Bane"],"picked":"Underhanded Strike+1","floor":18.0},{"not_picked":["Poisoned Stab+1","Dagger Spray+1"],"picked":"Dagger Throw+1","floor":19.0},{"not_picked":["Well Laid Plans+1","Outmaneuver"],"picked":"Dodge and Roll+1","floor":20.0},{"not_picked":["Eviscerate","Backflip"],"picked":"Setup+1","floor":22.0},{"not_picked":["Bane","Well Laid Plans","Leg Sweep+1"],"picked":"SKIP","floor":23.0},{"not_picked":["Endless Agony","Sucker Punch","Blade Dance"],"picked":"SKIP","floor":25.0},{"not_picked":["Catalyst","A Thousand Cuts"],"picked":"Outmaneuver+1","floor":28.0},{"not_picked":["Deflect","Slice"],"picked":"Tactician+1","floor":29.0},{"not_picked":["Deflect","Dagger Throw"],"picked":"Prepared+1","floor":31.0},{"not_picked":["Doppelganger","Tools of the Trade"],"picked":"Bullet Time","floor":33.0},{"not_picked":["Catalyst+1","Bane"],"picked":"Dodge and Roll+1","floor":35},{"not_picked":["Enlightenment","Swift Strike"],"picked":"Panache","floor":36},{"not_picked":["Purity","Discovery"],"picked":"PanicButton","floor":36},{"not_picked":["Dodge and Roll+1","Eviscerate","Poisoned Stab"],"picked":"SKIP","floor":38},{"not_picked":["Flying Knee","Setup+1","Well Laid Plans"],"picked":"SKIP","floor":39},{"not_picked":["Outmaneuver","Backstab+1"],"picked":"Caltrops+1","floor":44},{"not_picked":["Predator","Poisoned Stab"],"picked":"PiercingWail","floor":46}],"player_experience":547119,"relics_obtained":[{"floor":8.0,"key":"Strawberry"},{"floor":9.0,"key":"Pen Nib"},{"floor":23.0,"key":"Ancient Tea Set"},{"floor":26.0,"key":"War Paint"},{"floor":29.0,"key":"Shovel"},{"floor":40,"key":"Dead Branch"},{"floor":42,"key":"Happy Flower"},{"floor":43,"key":"Dodecahedron"},{"floor":44,"key":"Art of War"},{"floor":45,"key":"Oddly Smooth Stone"},{"floor":47,"key":"Turnip"}],"event_choices":[{"damage_healed":0.0,"max_hp_gain":0.0,"max_hp_loss":0.0,"gold_gain":0.0,"event_name":"WeMeetAgain","player_choice":"Gave Potion","floor":2.0,"gold_loss":0.0,"damage_taken":0.0,"relics_obtained":["Omamori"]},{"damage_healed":0.0,"max_hp_gain":0.0,"max_hp_loss":0.0,"gold_gain":0.0,"cards_transformed":["Defend_G"],"event_name":"Living Wall","player_choice":"Change","floor":7.0,"gold_loss":0.0,"damage_taken":0.0,"cards_obtained":["Distraction"]},{"cards_removed":["Strike_G"],"damage_healed":0.0,"max_hp_gain":0.0,"max_hp_loss":0.0,"gold_gain":0.0,"event_name":"The Cleric","player_choice":"Card Removal","floor":10.0,"gold_loss":50.0,"damage_taken":0.0},{"damage_healed":0.0,"max_hp_gain":0.0,"max_hp_loss":0.0,"gold_gain":0.0,"cards_transformed":["Strike_G"],"event_name":"Transmorgrifier","player_choice":"Transformed","floor":11.0,"gold_loss":0.0,"damage_taken":0.0,"cards_obtained":["Grand Finale"]},{"damage_healed":0,"gold_gain":0,"player_choice":"Memory 2","damage_taken":5,"max_hp_gain":0,"max_hp_loss":0,"event_name":"SensoryStone","floor":36,"gold_loss":0},{"damage_healed":0,"gold_gain":0,"player_choice":"Max HP","damage_taken":0,"max_hp_gain":0,"max_hp_loss":4,"event_name":"Winding Halls","floor":37,"gold_loss":0},{"damage_healed":0,"gold_gain":0,"player_choice":"Fight","damage_taken":0,"max_hp_gain":0,"max_hp_loss":0,"event_name":"MindBloom","floor":47,"gold_loss":0}],"is_beta":false,"boss_relics":[{"not_picked":["Runic Dome","Sozu"],"picked":"Runic Pyramid"},{"not_picked":["WristBlade","Black Star"],"picked":"Cursed Key"}],"items_purged_floors":[21],"is_endless":false,"potions_floor_spawned":[1,3,16,18,19,28,29,33,35,38,39],"ascension_level":8}