{"gold_per_floor":[109,123,135,135,210,243,12,47,74,74,107,117,131,150,150,150],"floor_reached":16,"playtime":1135,"items_purged":[],"score":195,"play_id":"2f15c993-24e6-490b-8e78-635fc9a1c2f3","local_time":"20190321223632","is_ascension_mode":true,"campfire_choices":[{"floor":10,"key":"REST"},{"data":"Bash","floor":15,"key":"SMITH"}],"neow_cost":"NONE","seed_source_timestamp":173287100642901,"circlet_count":0,"master_deck":["AscendersBane","Strike_R","Strike_R","Strike_R","Strike_R","Strike_R","Defend_R+1","Defend_R","Defend_R","Defend_R+1","Bash+1","Shrug It Off+1","Body Slam","Metallicize","Armaments+1","Corruption","Flame Barrier","Impervious","True Grit","Body Slam","Rampage"],"relics":["Velvet Choker","Bag of Preparation","War Paint","Vajra","Omamori","Dodecahedron"],"potions_floor_usage":[6],"damage_taken":[{"damage":0,"enemies":"2 Louse","floor":1,"turns":3},{"damage":0,"enemies":"Jaw Worm","floor":2,"turns":3},{"damage":0,"enemies":"Small Slimes","floor":3,"turns":3},{"damage":10,"enemies":"Lagavulin","floor":6,"turns":8},{"damage":16,"enemies":"3 Sentries","floor":8,"turns":11},{"damage":13,"enemies":"Gremlin Nob","floor":11,"turns":5},{"damage":0,"enemies":"3 Louse","floor":12,"turns":4},{"damage":0,"enemies":"Lots of Slimes","floor":13,"turns":5},{"damage":0,"enemies":"Exordium Wildlife","floor":14,"turns":3},{"damage":32,"enemies":"Hexaghost","floor":16,"turns":9}],"seed_played":"-7535330997700542165","potions_obtained":[{"floor":2,"key":"Fire Potion"},{"floor":3,"key":"Block Potion"},{"floor":12,"key":"SpeedPotion"},{"floor":13,"key":"Ancient Potion"}],"is_trial":false,"path_per_floor":["M","M","M","?","?","E","$","E","T","R","E","M","M","M","R","B"],"character_chosen":"IRONCLAD","items_purchased":["Corruption","War Paint"],"campfire_rested":1,"item_purchase_floors":[7,7],"current_hp_per_floor":[72,72,72,56,45,35,35,19,19,43,30,30,30,30,30,0],"gold":150,"neow_bonus":"BOSS_RELIC","is_prod":false,"is_daily":false,"chose_seed":false,"campfire_upgraded":1,"win_rate":0,"timestamp":1553207792,"path_taken":["M","M","M","?","?","E","$","E","T","R","E","M","M","M","R","BOSS"],"build_version":"2019-01-23","purchased_purges":0,"victory":false,"max_hp_per_floor":[80,80,80,80,80,80,80,80,80,80,80,80,80,80,80,80],"card_choices":[{"not_picked":["Fire Breathing","Sentinel"],"picked":"Shrug It Off","floor":1},{"not_picked":["Thunderclap","True Grit"],"picked":"Body Slam","floor":2},{"not_picked":["Clash","Ghostly Armor"],"picked":"Metallicize","floor":3},{"not_picked":["Flex","Havoc"],"picked":"Armaments","floor":6},{"not_picked":["Disarm","Dropkick"],"picked":"Flame Barrier","floor":8},{"not_picked":["Sword Boomerang","Spot Weakness"],"picked":"Impervious","floor":11},{"not_picked":["Cleave","Sword Boomerang"],"picked":"True Grit","floor":12},{"not_picked":["Entrench","Intimidate"],"picked":"Body Slam","floor":13},{"not_picked":["True Grit","Flex"],"picked":"Rampage","floor":14}],"player_experience":662865,"relics_obtained":[{"floor":6,"key":"Bag of Preparation"},{"floor":8,"key":"Vajra"},{"floor":9,"key":"Omamori"},{"floor":11,"key":"Dodecahedron"}],"event_choices":[{"damage_healed":0,"gold_gain":0,"player_choice":"Entered Light","damage_taken":16,"max_hp_gain":0,"max_hp_loss":0,"event_name":"Shining Light","floor":4,"gold_loss":0,"cards_upgraded":["Defend_R","Shrug It Off"]},{"damage_healed":0,"gold_gain":75,"player_choice":"Gather Gold","damage_taken":11,"max_hp_gain":0,"max_hp_loss":0,"event_name":"World of Goop","floor":5,"gold_loss":0}],"is_beta":false,"boss_relics":[],"items_purged_floors":[],"is_endless":false,"potions_floor_spawned":[2,3,12,13],"killed_by":"Hexaghost","ascension_level":12}