{"path_per_floor":["M","?","M","?","?","E","M","R","T","M","M","R","?","M","R","B",null,"M","M","?","M"],"character_chosen":"THE_SILENT","items_purchased":[],"gold_per_floor":[111,111,125,200,200,233,248,248,272,284,300,300,300,312,312,410,410,424,437,637,656],"floor_reached":22,"campfire_rested":1,"playtime":1775,"current_hp_per_floor":[65,70,67,56,41,32,32,32,32,25,25,25,22,18,55,21,75,57,48,48,15],"items_purged":[],"gold":656,"score":216,"play_id":"659a1c51-d6c9-49e7-a397-ccdc4fbd136a","is_prod":false,"is_daily":false,"is_ascension_mode":true,"campfire_upgraded":2,"path_taken":["M","?","M","?","?","E","M","R","T","M","?","R","?","M","R","BOSS","M","M","?","M","?"],"build_version":"2018-02-08-PROD1","purchased_purges":0,"victory":false,"master_deck":["Defend_G","Defend_G","Defend_G","Defend_G","Strike_G+1","Strike_G","Strike_G","Survivor","Neutralize+1","Blade Dance+1","Flying Knee","Prepared+1","Cloak And Dagger","Accuracy","Tactician","Underhanded Strike+1","Underhanded Strike+1","Choke+1","Deflect+1","Infinite Blades"],"max_hp_per_floor":[70,75,75,75,75,75,75,75,75,75,75,75,75,75,75,75,75,75,75,75,75],"relics":["Ring of the Snake","Regal Pillow","Ornamental Fan","Pen Nib","Omamori","Astrolabe"],"card_choices":[{"not_picked":["Catalyst","Prepared"],"picked":"Blade Dance"},{"not_picked":["Leg Sweep","Slice"],"picked":"Flying Knee"},{"not_picked":["Catalyst","Tactician"],"picked":"Prepared"},{"not_picked":["Masterful Stab","Blur"],"picked":"Cloak And Dagger"},{"not_picked":["Deflect","Malaise"],"picked":"Accuracy"},{"not_picked":["Phantasmal Killer","Unload"],"picked":"Tactician"},{"not_picked":["Flying Knee","Sucker Punch"],"picked":"Deflect"},{"not_picked":["Finisher","Cloak And Dagger"],"picked":"Infinite Blades"}],"player_experience":125525,"potions_floor_usage":[6,11,11,16],"damage_taken":[{"damage":5,"enemies":"Blue Slaver","floor":1,"turns":6},{"damage":3,"enemies":"2 Louse","floor":3,"turns":3},{"damage":9,"enemies":"3 Sentries","floor":6,"turns":7},{"damage":0,"enemies":"Small Slimes","floor":7,"turns":3},{"damage":7,"enemies":"Exordium Wildlife","floor":10,"turns":3},{"damage":0,"enemies":"Large Slime","floor":11,"turns":5},{"damage":4,"enemies":"3 Louse","floor":14,"turns":4},{"damage":34,"enemies":"Slime Boss","floor":16,"turns":10},{"damage":18,"enemies":"2 Thieves","floor":18,"turns":3},{"damage":9,"enemies":"Shell Parasite","floor":19,"turns":4},{"damage":33,"enemies":"Snecko","floor":21,"turns":6},{"damage":15,"enemies":"Centurion and Healer","floor":22,"turns":4}],"event_choices":[{"event_name":"Big Fish","player_choice":"Donut","floor":2,"damage_taken":0},{"event_name":"World of Goop","player_choice":"Gather Gold","floor":4,"damage_taken":0},{"event_name":"Shining Light","player_choice":"Entered Light","floor":5,"damage_taken":0},{"event_name":"Scrap Ooze","player_choice":"success","floor":13,"damage_taken":3},{"event_name":"The Joust","player_choice":"Bet on Owner","floor":20,"damage_taken":0}],"boss_relics":[{"not_picked":["Velvet Choker","Question Card"],"picked":"Astrolabe"}],"potions_floor_spawned":[1,3,10,14],"seed_played":"-9146507085248999710","killed_by":"Centurion and Healer","ascension_level":3,"is_trial":false}