{"gold_per_floor":[19,19,19,19,36,361,373,393,461,491,491,554,554,96,96,200,200,217,237,255,180,140,140,140,140,140,155,170,170,170,200,200,200],"floor_reached":33,"playtime":2755,"items_purged":[],"score":287,"play_id":"5bfb01fd-241d-49d7-a702-882a798939ab","local_time":"20190731155406","is_ascension_mode":true,"campfire_choices":[{"data":"Machine Learning","floor":11,"key":"SMITH"},{"data":"Dualcast","floor":13,"key":"SMITH"},{"data":"Storm","floor":15,"key":"SMITH"},{"data":"Zap","floor":23,"key":"SMITH"},{"data":"Beam Cell","floor":25,"key":"SMITH"},{"data":"Conserve Battery","floor":30,"key":"SMITH"},{"floor":32,"key":"REST"}],"neow_cost":"NO_GOLD","seed_source_timestamp":1737775405879680,"circlet_count":0,"master_deck":["Strike_B","Strike_B","Defend_B","Defend_B","Defend_B","Zap+1","Dualcast+1","Self Repair","Zap+1","All For One","Beam Cell+1","Coolheaded","Conserve Battery+1","Cold Snap","Machine Learning+1","Storm+1","Coolheaded","Seek","Melter","Chill+1","Melter","Stack","Conserve Battery","Echo Form"],"relics":["Cracked Core","Old Coin","Question Card","Bag of Marbles","Blood Vial","Toy Ornithopter","Inserter","Sundial","Pocketwatch"],"potions_floor_usage":[16,31,31],"damage_taken":[{"damage":0,"enemies":"Small Slimes","floor":1,"turns":2},{"damage":1,"enemies":"Cultist","floor":5,"turns":3},{"damage":32,"enemies":"Gremlin Nob","floor":6,"turns":4},{"damage":1,"enemies":"2 Louse","floor":7,"turns":3},{"damage":7,"enemies":"Exordium Thugs","floor":8,"turns":4},{"damage":17,"enemies":"3 Sentries","floor":10,"turns":11},{"damage":19,"enemies":"The Guardian","floor":16,"turns":12},{"damage":32,"enemies":"3 Byrds","floor":18,"turns":7},{"damage":14,"enemies":"Shell Parasite","floor":19,"turns":6},{"damage":10,"enemies":"Sentry and Sphere","floor":20,"turns":4},{"damage":14,"enemies":"3 Cultists","floor":27,"turns":7},{"damage":9,"enemies":"Centurion and Healer","floor":28,"turns":7},{"damage":17,"enemies":"Gremlin Leader","floor":31,"turns":7},{"damage":65,"enemies":"Collector","floor":33,"turns":7}],"seed_played":"8226847599698474714","potions_obtained":[{"floor":4,"key":"Weak Potion"},{"floor":4,"key":"AttackPotion"},{"floor":4,"key":"FocusPotion"},{"floor":19,"key":"SpeedPotion"}],"is_trial":false,"path_per_floor":["M","?","$","?","M","E","M","M","T","E","R","?","R","$","R","B",null,"M","M","M","?","?","R","$","R","T","M","M","?","R","E","R","B"],"character_chosen":"DEFECT","items_purchased":["Blood Vial","Toy Ornithopter","Storm","Coolheaded"],"campfire_rested":1,"item_purchase_floors":[14,14,14,14],"current_hp_per_floor":[75,75,75,75,74,42,48,41,41,31,31,31,31,31,31,26,75,50,38,37,37,37,37,37,37,37,32,32,32,32,34,56,0],"gold":200,"neow_bonus":"REMOVE_TWO","is_prod":false,"is_daily":false,"chose_seed":false,"campfire_upgraded":6,"win_rate":0,"timestamp":1564577646,"path_taken":["M","?","?","?","M","E","M","?","T","E","R","?","R","$","R","BOSS","M","M","M","?","?","R","$","R","T","?","M","?","R","E","R","BOSS"],"build_version":"2019-07-17","purchased_purges":0,"victory":false,"max_hp_per_floor":[75,75,75,75,75,75,75,75,75,75,75,75,75,75,75,75,75,75,75,75,75,75,75,75,75,75,75,75,75,75,75,75,75],"card_choices":[{"not_picked":["Stack","Barrage"],"picked":"Self Repair","floor":1},{"not_picked":["Doom and Gloom","Undo"],"picked":"Beam Cell","floor":5},{"not_picked":["Fusion","Genetic Algorithm"],"picked":"Coolheaded","floor":6},{"not_picked":["Ball Lightning","Thunder Strike"],"picked":"Conserve Battery","floor":7},{"not_picked":["Streamline","Conserve Battery"],"picked":"Cold Snap","floor":8},{"not_picked":["Self Repair","Storm","Compile Driver"],"picked":"Machine Learning","floor":10},{"not_picked":["Buffer","Fission","Thunder Strike"],"picked":"Seek","floor":16},{"not_picked":["Sweeping Beam","Steam Power","Ball Lightning"],"picked":"Melter","floor":18},{"not_picked":["Gash","Coolheaded+1","Stack"],"picked":"Chill","floor":19},{"not_picked":["Hologram","Coolheaded+1","Rebound"],"picked":"Melter","floor":20},{"not_picked":["Heatsinks","Auto Shields","Skim"],"picked":"Stack","floor":27},{"not_picked":["Leap","Tempest","Streamline"],"picked":"Conserve Battery","floor":28},{"not_picked":["Skim","Genetic Algorithm","Buffer"],"picked":"Echo Form","floor":31}],"player_experience":130903,"relics_obtained":[{"floor":6,"key":"Old Coin"},{"floor":9,"key":"Question Card"},{"floor":10,"key":"Bag of Marbles"},{"floor":26,"key":"Sundial"},{"floor":31,"key":"Pocketwatch"}],"event_choices":[{"damage_healed":0,"gold_gain":0,"player_choice":"2 cards matched","damage_taken":0,"max_hp_gain":0,"max_hp_loss":0,"event_name":"Match and Keep!","floor":2,"gold_loss":0,"cards_obtained":["Zap","All For One"]},{"damage_healed":0,"gold_gain":0,"player_choice":"Got Potions","damage_taken":0,"max_hp_gain":0,"max_hp_loss":0,"event_name":"Lab","floor":4,"gold_loss":0},{"damage_healed":0,"gold_gain":63,"player_choice":"Gained Gold","damage_taken":0,"max_hp_gain":0,"max_hp_loss":0,"event_name":"Golden Wing","floor":12,"gold_loss":0},{"cards_removed":["Strike_B"],"damage_healed":0,"gold_gain":0,"player_choice":"Gave Gold","damage_taken":0,"max_hp_gain":0,"max_hp_loss":0,"event_name":"Beggar","floor":21,"gold_loss":75},{"damage_healed":0,"gold_gain":0,"player_choice":"Upgrade","damage_taken":0,"max_hp_gain":0,"max_hp_loss":0,"event_name":"Designer","floor":22,"gold_loss":40,"cards_upgraded":["Chill"]},{"damage_healed":0,"gold_gain":0,"player_choice":"Forge","damage_taken":0,"max_hp_gain":0,"max_hp_loss":0,"event_name":"Accursed Blacksmith","floor":29,"gold_loss":0,"cards_upgraded":["Zap"]}],"is_beta":false,"boss_relics":[{"not_picked":["Coffee Dripper","Philosopher\u0027s Stone"],"picked":"Inserter"}],"items_purged_floors":[],"is_endless":false,"potions_floor_spawned":[5,7,8,19],"killed_by":"Collector","ascension_level":1}