{"gold_per_floor":[119,269,269,9,9,39,52,52,352,352],"floor_reached":10,"playtime":239,"items_purged":["Doubt"],"score":178,"play_id":"82418723-0d81-429d-b2f8-b9af6d7ba44d","local_time":"20190726231203","is_ascension_mode":true,"campfire_choices":[{"data":"Defragment","floor":8,"key":"SMITH"}],"neow_cost":"NONE","seed_source_timestamp":179963667155179,"circlet_count":0,"master_deck":["AscendersBane","Strike_B","Strike_B","Strike_B","Defend_B","Defend_B","Defend_B","Defend_B","Zap","Dualcast","Gash","Chill","Compile Driver","Defragment+1","Consume"],"relics":["Cracked Core","NeowsBlessing","Sundial","Cables","Old Coin"],"potions_floor_usage":[10],"damage_taken":[{"damage":0,"enemies":"Cultist","floor":1,"turns":1},{"damage":0,"enemies":"3 Sentries","floor":6,"turns":1},{"damage":0,"enemies":"Jaw Worm","floor":7,"turns":1},{"damage":31,"enemies":"Gremlin Nob","floor":10,"turns":3}],"seed_played":"-4834709050919109648","potions_obtained":[],"is_trial":false,"path_per_floor":["M","?","?","$","?","E","M","R","T","E"],"character_chosen":"DEFECT","items_purchased":["Chill","Compile Driver","Poison Potion"],"campfire_rested":0,"item_purchase_floors":[4,4,4],"current_hp_per_floor":[64,64,38,38,31,31,31,31,31,0],"gold":352,"neow_bonus":"THREE_ENEMY_KILL","is_prod":false,"is_daily":false,"chose_seed":false,"campfire_upgraded":1,"win_rate":0,"timestamp":1564179123,"path_taken":["M","?","?","$","?","E","?","R","T","E"],"build_version":"2019-07-17","purchased_purges":1,"victory":false,"max_hp_per_floor":[71,71,71,71,71,71,71,71,71,71],"card_choices":[{"not_picked":["Streamline","Stack"],"picked":"Gash","floor":1},{"not_picked":["Reinforced Body","FTL"],"picked":"Defragment","floor":6},{"not_picked":["Undo","Self Repair"],"picked":"Consume","floor":7}],"player_experience":1043080,"relics_obtained":[{"floor":6,"key":"Cables"},{"floor":9,"key":"Old Coin"}],"event_choices":[{"damage_healed":0,"gold_gain":150,"player_choice":"AGREE","damage_taken":0,"max_hp_gain":0,"max_hp_loss":0,"event_name":"Liars Game","floor":2,"gold_loss":0,"cards_obtained":["Doubt"]},{"damage_healed":0,"gold_gain":0,"player_choice":"Success","damage_taken":26,"relics_obtained":["Sundial"],"max_hp_gain":0,"max_hp_loss":0,"event_name":"Scrap Ooze","floor":3,"gold_loss":0},{"cards_removed":["Strike_B"],"damage_healed":0,"gold_gain":0,"player_choice":"Card Removal","damage_taken":7,"max_hp_gain":0,"max_hp_loss":0,"event_name":"Golden Wing","floor":5,"gold_loss":0}],"is_beta":false,"boss_relics":[],"items_purged_floors":[4],"is_endless":false,"potions_floor_spawned":[],"killed_by":"Gremlin Nob","ascension_level":20}