{"gold_per_floor":[110,110,110,130,130,130,150,177,253,138,154,189,189,203,203,300,300,314,239,239,339,350,376,376,376],"floor_reached":25,"playtime":1442,"items_purged":["Defend_B"],"score":309,"play_id":"7437ac27-3bdc-4898-9457-262ff4333db4","local_time":"20181227223720","is_ascension_mode":true,"campfire_choices":[{"data":"Zap","floor":6,"key":"SMITH"},{"data":"Hologram","floor":13,"key":"SMITH"},{"data":"Hologram","floor":15,"key":"SMITH"},{"floor":24,"key":"REST"}],"neow_cost":"NONE","seed_source_timestamp":605505219973054,"circlet_count":0,"master_deck":["Strike_B+1","Strike_B+1","Defend_B+1","Defend_B+1","Defend_B+1","Zap+1","Dualcast","Streamline+1","Leap","Hologram+1","Hologram+1","Glacier","Conserve Battery","Core Surge+1","Buffer","Rebound+1","Core Surge"],"relics":["Velvet Choker","Boot","The Courier","Smiling Mask","Philosopher\u0027s Stone","Whetstone"],"potions_floor_usage":[8,12,16],"damage_taken":[{"damage":0,"enemies":"2 Louse","floor":1,"turns":2},{"damage":2,"enemies":"Jaw Worm","floor":4,"turns":3},{"damage":0,"enemies":"Small Slimes","floor":7,"turns":3},{"damage":31,"enemies":"Gremlin Nob","floor":8,"turns":5},{"damage":0,"enemies":"Blue Slaver","floor":11,"turns":4},{"damage":10,"enemies":"Lagavulin","floor":12,"turns":5},{"damage":0,"enemies":"2 Fungi Beasts","floor":14,"turns":2},{"damage":19,"enemies":"Slime Boss","floor":16,"turns":11},{"damage":2,"enemies":"Shell Parasite","floor":18,"turns":7},{"damage":0,"enemies":"Chosen","floor":22,"turns":4},{"damage":51,"enemies":"Slavers","floor":23,"turns":6},{"damage":33,"enemies":"Gremlin Leader","floor":25,"turns":4}],"seed_played":"-2837141860363101695","potions_obtained":[{"floor":4,"key":"Explosive Potion"},{"floor":7,"key":"Block Potion"},{"floor":11,"key":"SkillPotion"}],"is_trial":false,"path_per_floor":["M","?","?","M","?","R","M","E","T","$","M","E","R","M","R","B",null,"M","?","?","?","M","E","R","E"],"character_chosen":"DEFECT","items_purchased":["Glacier"],"campfire_rested":1,"item_purchase_floors":[10],"current_hp_per_floor":[68,73,66,64,64,64,64,33,33,33,33,23,23,23,23,4,61,59,59,59,59,59,8,32,0],"gold":376,"neow_bonus":"BOSS_RELIC","is_prod":false,"is_daily":false,"chose_seed":false,"campfire_upgraded":3,"win_rate":0,"timestamp":1545950240,"path_taken":["M","?","?","M","?","R","?","E","T","$","M","E","R","M","R","BOSS","M","?","?","?","?","E","R","E"],"build_version":"2018-12-20","purchased_purges":1,"victory":false,"max_hp_per_floor":[75,80,80,80,80,80,80,80,80,80,80,80,80,80,80,80,80,80,80,80,80,80,80,80,80],"card_choices":[{"not_picked":["Stack","Recycle"],"picked":"Streamline","floor":1},{"not_picked":["Compile Driver","Heatsinks"],"picked":"Leap","floor":4},{"not_picked":["Stack","Tempest"],"picked":"Hologram","floor":7},{"not_picked":["Streamline","Darkness"],"picked":"Hologram","floor":8},{"not_picked":["Force Field","Stack"],"picked":"Conserve Battery","floor":11},{"not_picked":["Cold Snap","Turbo","Steam Power"],"picked":"SKIP","floor":12},{"not_picked":["Hologram","Turbo"],"picked":"Core Surge","floor":14},{"not_picked":["Machine Learning","Amplify"],"picked":"Buffer","floor":16},{"not_picked":["Leap","Gash"],"picked":"Rebound","floor":18},{"not_picked":["Redo+1","Go for the Eyes","Static Discharge"],"picked":"SKIP","floor":22},{"not_picked":["Hologram","Barrage+1"],"picked":"Core Surge","floor":23}],"player_experience":397760,"relics_obtained":[{"floor":8,"key":"Boot"},{"floor":9,"key":"The Courier"},{"floor":12,"key":"Smiling Mask"},{"floor":23,"key":"Whetstone"}],"event_choices":[{"damage_healed":0,"gold_gain":0,"player_choice":"Donut","damage_taken":0,"max_hp_gain":5,"max_hp_loss":0,"event_name":"Big Fish","floor":2,"gold_loss":0},{"cards_removed":["Strike_B"],"damage_healed":0,"gold_gain":0,"player_choice":"Card Removal","damage_taken":7,"max_hp_gain":0,"max_hp_loss":0,"event_name":"Golden Wing","floor":3,"gold_loss":0},{"damage_healed":0,"gold_gain":0,"player_choice":"Upgraded","damage_taken":0,"max_hp_gain":0,"max_hp_loss":0,"event_name":"Upgrade Shrine","floor":5,"gold_loss":0,"cards_upgraded":["Streamline"]},{"cards_removed":["Strike_B"],"damage_healed":0,"gold_gain":0,"player_choice":"Gave Gold","damage_taken":0,"max_hp_gain":0,"max_hp_loss":0,"event_name":"Beggar","floor":19,"gold_loss":75},{"damage_healed":0,"gold_gain":0,"player_choice":"Simplicity","damage_taken":0,"max_hp_gain":0,"max_hp_loss":0,"event_name":"Back to Basics","floor":20,"gold_loss":0,"cards_upgraded":["Strike_B","Strike_B","Defend_B","Defend_B","Defend_B"]},{"damage_healed":0,"gold_gain":100,"player_choice":"Pray","damage_taken":0,"max_hp_gain":0,"max_hp_loss":0,"event_name":"Golden Shrine","floor":21,"gold_loss":0}],"is_beta":false,"boss_relics":[{"not_picked":["Coffee Dripper","Runic Pyramid"],"picked":"Philosopher\u0027s Stone"}],"items_purged_floors":[10],"is_endless":false,"potions_floor_spawned":[4,7,11],"killed_by":"Gremlin Leader","ascension_level":7}