{"gold_per_floor":[115,6,6,20,36,66,66,66,120,139,64,84,84,101,101,198,198,209,209,209,149,149,149,49,49,49,49,79,79,90,0,0,96,96,113,213,213,17,36,71,71,91,115,125,35,47,47,47,47,47],"floor_reached":51,"playtime":4904,"items_purged":["Regret","Shame"],"score":754,"play_id":"ae662ee0-9e4c-4b11-92e7-5193d68c825f","local_time":"20190810175422","is_ascension_mode":true,"campfire_choices":[{"floor":8,"key":"REST"},{"floor":13,"key":"REST"},{"data":"Neutralize","floor":15,"key":"SMITH"},{"data":"Well Laid Plans","floor":23,"key":"SMITH"},{"data":"Poisoned Stab","floor":25,"key":"SMITH"},{"floor":27,"key":"REST"},{"data":"Backflip","floor":32,"key":"SMITH"},{"floor":41,"key":"REST"},{"floor":47,"key":"REST"},{"data":"Backflip","floor":49,"key":"SMITH"}],"neow_cost":"CURSE","seed_source_timestamp":512815113862312,"circlet_count":0,"master_deck":["Strike_G+1","Strike_G","Strike_G","Strike_G","Defend_G","Defend_G","Defend_G","Defend_G","Defend_G+1","Survivor","Neutralize+1","A Thousand Cuts","Escape Plan","Footwork","Escape Plan+1","Prepared","Acrobatics","Dodge and Roll","PiercingWail","Dagger Spray","Deadly Poison","Adrenaline+1","Backflip+1","Flying Knee+1","Escape Plan","Backflip+1","Poisoned Stab+1","Crippling Poison+1","Well Laid Plans+1","Terror+1","RitualDagger","Bullet Time","All Out Attack","Catalyst","Infinite Blades+1","Deadly Poison","Bouncing Flask"],"relics":["Ring of the Serpent","WarpedTongs","War Paint","Spirit Poop","Boot","Orrery","Happy Flower","Gremlin Horn","Incense Burner","Peace Pipe","Vajra","Anchor","Bag of Preparation","Whetstone"],"potions_floor_usage":[6,16,33,46,50,50],"damage_taken":[{"damage":4,"enemies":"2 Louse","floor":1,"turns":4},{"damage":12,"enemies":"Cultist","floor":4,"turns":4},{"damage":6,"enemies":"Small Slimes","floor":5,"turns":4},{"damage":33,"enemies":"Gremlin Nob","floor":6,"turns":6},{"damage":7,"enemies":"Gremlin Gang","floor":10,"turns":8},{"damage":0,"enemies":"Lots of Slimes","floor":12,"turns":4},{"damage":10,"enemies":"Large Slime","floor":14,"turns":6},{"damage":21,"enemies":"Hexaghost","floor":16,"turns":12},{"damage":15,"enemies":"Spheric Guardian","floor":18,"turns":7},{"damage":8,"enemies":"2 Thieves","floor":21,"turns":4},{"damage":1,"enemies":"Book of Stabbing","floor":28,"turns":8},{"damage":8,"enemies":"Snake Plant","floor":30,"turns":5},{"damage":30,"enemies":"Collector","floor":33,"turns":11},{"damage":6,"enemies":"3 Darklings","floor":35,"turns":5},{"damage":4,"enemies":"Mind Bloom Boss Battle","floor":36,"turns":7},{"damage":12,"enemies":"Orb Walker","floor":39,"turns":4},{"damage":10,"enemies":"Giant Head","floor":40,"turns":8},{"damage":13,"enemies":"Spire Growth","floor":42,"turns":4},{"damage":2,"enemies":"Sphere and 2 Shapes","floor":44,"turns":7},{"damage":7,"enemies":"Transient","floor":46,"turns":5},{"damage":56,"enemies":"Time Eater","floor":50,"turns":15}],"seed_played":"8364349581054700409","potions_obtained":[{"floor":4,"key":"EssenceOfSteel"},{"floor":5,"key":"Fire Potion"},{"floor":6,"key":"Swift Potion"},{"floor":16,"key":"Strength Potion"},{"floor":28,"key":"Regen Potion"},{"floor":36,"key":"SpeedPotion"},{"floor":42,"key":"EssenceOfSteel"}],"is_trial":false,"path_per_floor":["M","$","?","M","M","E","?","R","T","M","$","M","R","M","R","B",null,"M","?","?","M","?","R","$","R","T","R","E","?","M","?","R","B",null,"M","?","?","$","M","E","R","M","T","M","?","M","R","$","R","B",null],"character_chosen":"THE_SILENT","items_purchased":["Footwork","Escape Plan","Catalyst","Anchor"],"campfire_rested":5,"item_purchase_floors":[2,2,38,38],"current_hp_per_floor":[66,66,66,54,48,15,15,36,36,29,29,29,50,40,40,19,70,55,55,55,47,47,47,47,47,47,68,67,61,53,53,53,38,70,64,60,60,60,48,38,59,46,46,44,44,37,58,58,58,2],"gold":47,"neow_bonus":"THREE_RARE_CARDS","is_prod":false,"is_daily":false,"chose_seed":false,"campfire_upgraded":5,"win_rate":0,"timestamp":1565452462,"path_taken":["M","$","?","?","M","E","?","R","T","?","?","M","R","M","R","BOSS","M","?","?","M","?","R","$","R","T","R","E","?","M","?","R","BOSS","M","?","?","$","M","E","R","M","T","?","?","M","R","?","R","BOSS"],"build_version":"2019-07-17","purchased_purges":2,"victory":true,"max_hp_per_floor":[70,70,70,70,70,70,70,70,70,70,70,70,70,70,70,70,70,70,70,70,70,70,70,70,70,70,70,70,70,70,70,70,70,70,70,70,70,70,70,70,70,70,70,70,70,70,70,70,70,70],"card_choices":[{"not_picked":["Storm of Steel","Unload"],"picked":"A Thousand Cuts","floor":0},{"not_picked":["Riddle With Holes","Tactician"],"picked":"Escape Plan","floor":1},{"not_picked":["Dagger Spray","Tactician"],"picked":"Prepared","floor":4},{"not_picked":["Deadly Poison","Cloak And Dagger"],"picked":"Acrobatics","floor":5},{"not_picked":["Acrobatics","All Out Attack"],"picked":"Dodge and Roll","floor":6},{"not_picked":["Bane","Backstab"],"picked":"PiercingWail","floor":10},{"not_picked":["Slice","Reflex"],"picked":"Dagger Spray","floor":12},{"not_picked":["Prepared","Reflex"],"picked":"Deadly Poison","floor":14},{"not_picked":["Storm of Steel","After Image"],"picked":"Adrenaline","floor":16},{"not_picked":["Bouncing Flask","Dagger Spray"],"picked":"Backflip","floor":17},{"not_picked":["Sucker Punch","Bane"],"picked":"Flying Knee","floor":17},{"not_picked":["Distraction","Infinite Blades"],"picked":"Escape Plan","floor":17},{"not_picked":["Poisoned Stab","Sucker Punch"],"picked":"Backflip","floor":17},{"not_picked":["Sucker Punch","Dagger Spray"],"picked":"Poisoned Stab","floor":18},{"not_picked":["A Thousand Cuts","Deflect"],"picked":"Crippling Poison+1","floor":21},{"not_picked":["Well Laid Plans","Predator+1"],"picked":"Terror+1","floor":28},{"not_picked":["Cloak And Dagger","Deflect","Flying Knee"],"picked":"SKIP","floor":30},{"not_picked":["Night Terror","Venomology"],"picked":"Bullet Time","floor":33},{"not_picked":["Slice+1","Deflect+1"],"picked":"All Out Attack","floor":35},{"not_picked":["Masterful Stab","Backstab"],"picked":"Backflip","floor":36},{"not_picked":["Backflip+1","Masterful Stab+1"],"picked":"Infinite Blades+1","floor":39},{"not_picked":["Outmaneuver+1","Flechettes","Dagger Spray"],"picked":"SKIP","floor":40},{"not_picked":["Footwork+1","Endless Agony+1","Expertise"],"picked":"SKIP","floor":42},{"not_picked":["Acrobatics","Tactician+1"],"picked":"Deadly Poison","floor":44},{"not_picked":["Expertise+1","Masterful Stab+1"],"picked":"Bouncing Flask","floor":46}],"player_experience":70622,"relics_obtained":[{"floor":6,"key":"War Paint"},{"floor":9,"key":"Boot"},{"floor":26,"key":"Gremlin Horn"},{"floor":28,"key":"Incense Burner"},{"floor":36,"key":"Peace Pipe"},{"floor":40,"key":"Bag of Preparation"},{"floor":43,"key":"Whetstone"}],"event_choices":[{"damage_healed":0,"gold_gain":0,"player_choice":"Rummage","damage_taken":0,"relics_obtained":["WarpedTongs"],"max_hp_gain":0,"max_hp_loss":0,"event_name":"Accursed Blacksmith","floor":3,"gold_loss":0,"cards_obtained":["Pain"]},{"cards_removed":["Pain"],"damage_healed":0,"gold_gain":0,"player_choice":"Offered Curse","damage_taken":0,"relics_obtained":["Spirit Poop"],"max_hp_gain":0,"max_hp_loss":0,"event_name":"Bonfire Elementals","floor":7,"gold_loss":0},{"damage_healed":0,"gold_gain":0,"player_choice":"Stole Relic","damage_taken":0,"relics_obtained":["Happy Flower"],"max_hp_gain":0,"max_hp_loss":0,"event_name":"Addict","floor":19,"gold_loss":0,"cards_obtained":["Shame"]},{"damage_healed":0,"gold_gain":0,"player_choice":"Ignored","damage_taken":0,"max_hp_gain":0,"max_hp_loss":0,"event_name":"Vampires","floor":20,"gold_loss":0},{"damage_healed":0,"gold_gain":0,"player_choice":"Read","damage_taken":0,"max_hp_gain":0,"max_hp_loss":0,"event_name":"The Library","floor":22,"gold_loss":0,"cards_obtained":["Well Laid Plans"]},{"damage_healed":0,"gold_gain":0,"player_choice":"Joined the Cult","damage_taken":6,"max_hp_gain":0,"max_hp_loss":0,"event_name":"Nest","floor":29,"gold_loss":0,"cards_obtained":["RitualDagger"]},{"damage_healed":0,"gold_gain":0,"player_choice":"Paid Fearfully","damage_taken":0,"max_hp_gain":0,"max_hp_loss":0,"event_name":"Masked Bandits","floor":31,"gold_loss":90},{"damage_healed":0,"gold_gain":0,"player_choice":"Fight","damage_taken":0,"max_hp_gain":0,"max_hp_loss":0,"event_name":"MindBloom","floor":36,"gold_loss":0},{"cards_removed":["Backflip"],"damage_healed":0,"gold_gain":0,"player_choice":"Gave Card","damage_taken":0,"relics_obtained":["Vajra"],"max_hp_gain":0,"max_hp_loss":0,"event_name":"WeMeetAgain","floor":37,"gold_loss":0},{"cards_removed":["Strike_G"],"damage_healed":0,"gold_gain":0,"player_choice":"Upgrade and Remove","damage_taken":0,"max_hp_gain":0,"max_hp_loss":0,"event_name":"Designer","floor":45,"gold_loss":90,"cards_upgraded":["Adrenaline"]}],"is_beta":false,"boss_relics":[{"not_picked":["Runic Pyramid","Fusion Hammer"],"picked":"Orrery"},{"not_picked":["Eternal Feather","Empty Cage"],"picked":"Ring of the Serpent"}],"items_purged_floors":[11,24],"is_endless":false,"potions_floor_spawned":[4,5,6,16,28,30,36,42,44],"ascension_level":2}