{"gold_per_floor":[17,17,31,45,45,110,110,122,147,178,198,232,244,244,244,323,323,263,263,263,94,94,94,94,94,94,94,94,94,94,94,94,94,94,94,94,94,94,50,50,50,50,50,50],"floor_reached":44,"playtime":4188,"items_purged":["Strike_R"],"score":940,"play_id":"e2d9fe90-1d27-4579-8881-b7f5eb82da67","local_time":"20190422125024","is_ascension_mode":true,"campfire_choices":[{"data":"Inflame","floor":7,"key":"SMITH"},{"data":"Bash","floor":15,"key":"SMITH"},{"data":"Fiend Fire","floor":23,"key":"SMITH"},{"data":"Havoc","floor":25,"key":"SMITH"},{"floor":32,"key":"REST"},{"data":"Demon Form","floor":40,"key":"SMITH"}],"neow_cost":"NO_GOLD","seed_source_timestamp":918872770175438,"circlet_count":0,"master_deck":["AscendersBane","Strike_R","Strike_R","Strike_R","Strike_R","Defend_R","Defend_R","Defend_R","Defend_R+1","Bash+1","Inflame+1","Twin Strike","Flame Barrier","Havoc+1","Whirlwind","Fiend Fire+1","Anger","Power Through","True Grit","Immolate","Battle Trance","Dark Shackles+1","Shrug It Off","Metallicize","Demon Form+1","Dark Embrace+1","True Grit","True Grit","Body Slam+1","Uppercut","Sword Boomerang","Parasite","Warcry"],"relics":["Burning Blood","Dead Branch","Red Skull","Tiny Chest","Strawberry","Vajra","Pantograph","Dodecahedron","Ectoplasm","Turnip","Sundial","War Paint","Mummified Hand","Tiny House"],"potions_floor_usage":[10,12,13,18,27],"damage_taken":[{"damage":4,"enemies":"2 Louse","floor":1,"turns":4},{"damage":14,"enemies":"Jaw Worm","floor":3,"turns":4},{"damage":6,"enemies":"Cultist","floor":4,"turns":3},{"damage":35,"enemies":"Lagavulin","floor":6,"turns":6},{"damage":9,"enemies":"Exordium Wildlife","floor":8,"turns":4},{"damage":15,"enemies":"3 Sentries","floor":10,"turns":4},{"damage":0,"enemies":"Large Slime","floor":11,"turns":2},{"damage":10,"enemies":"Lagavulin","floor":12,"turns":3},{"damage":20,"enemies":"Exordium Thugs","floor":13,"turns":5},{"damage":23,"enemies":"Hexaghost","floor":16,"turns":6},{"damage":6,"enemies":"2 Thieves","floor":18,"turns":3},{"damage":6,"enemies":"Spheric Guardian","floor":19,"turns":3},{"damage":17,"enemies":"Shelled Parasite and Fungi","floor":22,"turns":4},{"damage":24,"enemies":"Book of Stabbing","floor":24,"turns":4},{"damage":34,"enemies":"Gremlin Leader","floor":27,"turns":4},{"damage":10,"enemies":"Snake Plant","floor":29,"turns":3},{"damage":0,"enemies":"Snecko","floor":31,"turns":3},{"damage":46,"enemies":"Champ","floor":33,"turns":9},{"damage":7,"enemies":"3 Darklings","floor":35,"turns":4},{"damage":15,"enemies":"3 Shapes","floor":38,"turns":5},{"damage":19,"enemies":"Spire Growth","floor":41,"turns":5},{"damage":30,"enemies":"Writhing Mass","floor":42,"turns":7},{"damage":48,"enemies":"Giant Head","floor":44,"turns":6}],"seed_played":"2135687730484983274","potions_obtained":[{"floor":3,"key":"Energy Potion"},{"floor":6,"key":"Strength Potion"},{"floor":10,"key":"Weak Potion"},{"floor":11,"key":"SpeedPotion"},{"floor":12,"key":"Poison Potion"},{"floor":13,"key":"Explosive Potion"},{"floor":24,"key":"Poison Potion"},{"floor":27,"key":"Strength Potion"},{"floor":29,"key":"Dexterity Potion"}],"is_trial":false,"path_per_floor":["M","?","M","M","?","E","R","M","T","E","M","E","M","T","R","B",null,"M","M","?","$","M","R","E","R","T","E","T","M","?","M","R","B",null,"M","?","$","M","$","R","M","M","T","E"],"character_chosen":"IRONCLAD","items_purchased":["Dark Shackles","Uppercut"],"campfire_rested":1,"item_purchase_floors":[21,39],"current_hp_per_floor":[70,75,67,67,67,38,38,35,42,33,39,35,21,21,21,29,73,73,73,73,73,62,62,44,44,44,16,16,12,12,18,44,29,78,77,77,77,68,68,68,55,31,31,0],"gold":50,"neow_bonus":"ONE_RARE_RELIC","is_prod":false,"is_daily":false,"chose_seed":false,"campfire_upgraded":5,"win_rate":0,"timestamp":1555933824,"path_taken":["M","?","M","M","?","E","R","M","T","E","M","E","?","?","R","BOSS","M","M","?","$","M","R","E","R","T","E","?","M","?","M","R","BOSS","M","?","$","M","$","R","M","M","T","E"],"build_version":"2019-01-23","purchased_purges":1,"victory":false,"max_hp_per_floor":[75,80,80,80,80,80,80,80,87,87,87,87,87,87,87,87,87,87,87,87,87,87,87,87,87,87,87,87,87,87,87,87,87,92,92,92,92,92,92,92,92,92,92,92],"card_choices":[{"not_picked":["Iron Wave","Thunderclap"],"picked":"Inflame","floor":1},{"not_picked":["Sword Boomerang","Wild Strike"],"picked":"Twin Strike","floor":3},{"not_picked":["Sword Boomerang","Carnage"],"picked":"Flame Barrier","floor":4},{"not_picked":["Sword Boomerang","Iron Wave"],"picked":"Havoc","floor":6},{"not_picked":["Dual Wield","Rupture"],"picked":"Whirlwind","floor":8},{"not_picked":["Infernal Blade","Thunderclap"],"picked":"Fiend Fire","floor":10},{"not_picked":["Thunderclap","Headbutt"],"picked":"Anger","floor":11},{"not_picked":["Cleave","Warcry"],"picked":"Power Through","floor":12},{"not_picked":["Combust","Armaments"],"picked":"True Grit","floor":13},{"not_picked":["Double Tap","Bludgeon"],"picked":"Immolate","floor":16},{"not_picked":["Rupture","Thunderclap"],"picked":"Battle Trance","floor":18},{"not_picked":["Sword Boomerang","Anger","Warcry"],"picked":"SKIP","floor":19},{"not_picked":["Iron Wave","Dropkick","Sword Boomerang"],"picked":"SKIP","floor":22},{"not_picked":["Perfected Strike","Twin Strike","Wild Strike+1"],"picked":"SKIP","floor":24},{"not_picked":["Flex","Heavy Blade"],"picked":"Shrug It Off","floor":27},{"not_picked":["Pommel Strike","Wild Strike"],"picked":"Metallicize","floor":29},{"not_picked":["Pommel Strike","Flex"],"picked":"Demon Form","floor":31},{"not_picked":["Berserk","Brutality"],"picked":"Dark Embrace","floor":33},{"not_picked":["Bloodletting","Thunderclap"],"picked":"True Grit","floor":34},{"not_picked":["Dual Wield","Flex"],"picked":"True Grit","floor":35},{"not_picked":["Armaments","Sword Boomerang"],"picked":"Body Slam+1","floor":38},{"not_picked":["Body Slam","Clash+1"],"picked":"Sword Boomerang","floor":41},{"not_picked":["Spot Weakness","Thunderclap+1"],"picked":"Warcry","floor":42}],"player_experience":845594,"relics_obtained":[{"floor":6,"key":"Tiny Chest"},{"floor":9,"key":"Strawberry"},{"floor":10,"key":"Vajra"},{"floor":12,"key":"Pantograph"},{"floor":14,"key":"Dodecahedron"},{"floor":24,"key":"Turnip"},{"floor":26,"key":"Sundial"},{"floor":27,"key":"War Paint"},{"floor":28,"key":"Mummified Hand"}],"event_choices":[{"damage_healed":0,"gold_gain":0,"player_choice":"Donut","damage_taken":0,"max_hp_gain":5,"max_hp_loss":0,"event_name":"Big Fish","floor":2,"gold_loss":0},{"damage_healed":0,"gold_gain":0,"player_choice":"Gave Potion","damage_taken":0,"relics_obtained":["Red Skull"],"max_hp_gain":0,"max_hp_loss":0,"event_name":"WeMeetAgain","floor":5,"gold_loss":0},{"damage_healed":0,"gold_gain":0,"player_choice":"Ignored","damage_taken":0,"max_hp_gain":0,"max_hp_loss":0,"event_name":"The Mausoleum","floor":20,"gold_loss":0},{"damage_healed":0,"gold_gain":0,"player_choice":"Ignored","damage_taken":0,"max_hp_gain":0,"max_hp_loss":0,"event_name":"Cursed Tome","floor":30,"gold_loss":0},{"damage_healed":0,"gold_gain":0,"player_choice":"Got Potions","damage_taken":0,"max_hp_gain":0,"max_hp_loss":0,"event_name":"Lab","floor":36,"gold_loss":0}],"is_beta":false,"boss_relics":[{"not_picked":["White Beast Statue","Runic Cube"],"picked":"Ectoplasm"},{"not_picked":["Black Blood","Mark of Pain"],"picked":"Tiny House"}],"items_purged_floors":[21],"is_endless":false,"potions_floor_spawned":[3,6,10,11,12,13,24,27,29,33,35,38],"killed_by":"Giant Head","ascension_level":20}