{"gold_per_floor":[112,164,239,189,21,37,37,55,55,68,68,68,96,113,113,209,209,209,209,209,209,209,209,209,209,209,1,1,1,1,1,1,1,1,1,1,1,1,1],"floor_reached":39,"playtime":3474,"items_purged":["Strike_B"],"score":609,"play_id":"9ed7010b-2071-4b8e-90d7-63060bc70839","local_time":"20181227211639","is_ascension_mode":true,"campfire_choices":[{"data":"Sunder","floor":7,"key":"SMITH"},{"data":"Doom and Gloom","floor":11,"key":"SMITH"},{"data":"Beam Cell","floor":15,"key":"SMITH"},{"data":"Sunder","floor":23,"key":"SMITH"},{"data":"Recycle","floor":28,"key":"SMITH"},{"data":"Conserve Battery","floor":32,"key":"SMITH"}],"neow_cost":"TEN_PERCENT_HP_LOSS","seed_source_timestamp":598625576312315,"circlet_count":0,"master_deck":["Strike_B","Strike_B","Strike_B","Defend_B","Defend_B","Sunder+1","Conserve Battery+1","Genetic Algorithm","BootSequence","Reinforced Body","Doom and Gloom+1","Reboot","Conserve Battery","Beam Cell+1","Echo Form","White Noise","Gash+1","Sunder+1","Recycle+1","Sunder+1","Forethought","BootSequence","Coolheaded+1","Hyperbeam","Skim+1","Defragment+1","Madness","Madness","Reinforced Body+1"],"relics":["Cracked Core","Nunchaku","Oddly Smooth Stone","Question Card","Bottled Flame","Ectoplasm","Red Mask","Orichalcum","Prayer Wheel","Empty Cage"],"potions_floor_usage":[16,16,24,30,33,33,39,39],"damage_taken":[{"damage":1,"enemies":"Cultist","floor":1,"turns":3},{"damage":0,"enemies":"2 Louse","floor":6,"turns":2},{"damage":0,"enemies":"Jaw Worm","floor":8,"turns":3},{"damage":0,"enemies":"Large Slime","floor":10,"turns":4},{"damage":26,"enemies":"Gremlin Nob","floor":13,"turns":4},{"damage":0,"enemies":"Looter","floor":14,"turns":2},{"damage":0,"enemies":"Slime Boss","floor":16,"turns":8},{"damage":2,"enemies":"Spheric Guardian","floor":18,"turns":4},{"damage":12,"enemies":"Shell Parasite","floor":19,"turns":5},{"damage":5,"enemies":"Snake Plant","floor":20,"turns":4},{"damage":0,"enemies":"Shelled Parasite and Fungi","floor":21,"turns":4},{"damage":0,"enemies":"Masked Bandits","floor":24,"turns":4},{"damage":8,"enemies":"Sentry and Sphere","floor":29,"turns":4},{"damage":10,"enemies":"Book of Stabbing","floor":30,"turns":5},{"damage":0,"enemies":"3 Cultists","floor":31,"turns":4},{"damage":17,"enemies":"Champ","floor":33,"turns":10},{"damage":11,"enemies":"3 Darklings","floor":35,"turns":6},{"damage":3,"enemies":"3 Shapes","floor":38,"turns":5},{"damage":40,"enemies":"Spire Growth","floor":39,"turns":3}],"seed_played":"-104030632688106808","potions_obtained":[{"floor":6,"key":"Swift Potion"},{"floor":10,"key":"GamblersBrew"},{"floor":14,"key":"AttackPotion"},{"floor":16,"key":"LiquidBronze"},{"floor":20,"key":"Weak Potion"},{"floor":21,"key":"Energy Potion"},{"floor":29,"key":"Ancient Potion"},{"floor":30,"key":"LiquidBronze"},{"floor":38,"key":"SteroidPotion"}],"is_trial":false,"path_per_floor":["M","T","?","?","$","M","R","M","T","M","R","?","E","M","R","B",null,"M","M","M","M","?","R","?","?","T","$","R","M","E","M","R","B",null,"M","?","?","M","M"],"character_chosen":"DEFECT","items_purchased":["Sunder","Conserve Battery","Genetic Algorithm","Forethought","BootSequence"],"campfire_rested":0,"item_purchase_floors":[5,5,5,27,27],"current_hp_per_floor":[67,67,56,56,56,56,56,56,56,56,56,56,30,30,30,30,59,57,45,40,40,62,62,62,62,62,62,62,54,44,44,44,27,58,47,38,38,35,0],"gold":1,"neow_bonus":"ONE_RARE_RELIC","is_prod":false,"is_daily":false,"chose_seed":false,"campfire_upgraded":6,"win_rate":0,"timestamp":1545945399,"path_taken":["M","?","?","?","$","M","R","M","T","M","R","?","E","M","R","BOSS","M","M","M","?","?","R","?","?","T","$","R","M","E","M","R","BOSS","M","?","?","M","M"],"build_version":"2018-12-20","purchased_purges":1,"victory":false,"max_hp_per_floor":[68,68,68,68,68,68,68,68,68,68,68,68,68,68,68,68,68,68,68,68,68,68,68,68,68,68,68,68,68,68,68,68,68,68,68,68,68,68,68],"card_choices":[{"not_picked":["Stack","Skim","Streamline"],"picked":"SKIP","floor":1},{"not_picked":["Consume","Compile Driver"],"picked":"BootSequence","floor":6},{"not_picked":["Ball Lightning","Gash"],"picked":"Reinforced Body","floor":8},{"not_picked":["Recycle","FTL","Conserve Battery"],"picked":"Doom and Gloom","floor":10},{"not_picked":["Defragment","Auto Shields","Sweeping Beam"],"picked":"Conserve Battery","floor":13},{"not_picked":["Consume","Barrage","Auto Shields"],"picked":"Beam Cell","floor":14},{"not_picked":["Seek","Meteor Strike","Reboot"],"picked":"Echo Form","floor":16},{"not_picked":["Streamline","Beam Cell","Go for the Eyes","Sweeping Beam"],"picked":"SKIP","floor":18},{"not_picked":["Heatsinks+1","Storm","Force Field"],"picked":"White Noise","floor":19},{"not_picked":["Static Discharge","Storm+1","Go for the Eyes"],"picked":"Gash+1","floor":20},{"not_picked":["Defragment","Genetic Algorithm","Loop"],"picked":"Sunder","floor":21},{"not_picked":["Conserve Battery","Redo","Rebound"],"picked":"Recycle","floor":24},{"not_picked":["Core Surge","Turbo","Stack"],"picked":"Coolheaded+1","floor":29},{"not_picked":["Force Field","Hello World","Loop","Stack"],"picked":"SKIP","floor":30},{"not_picked":["Gash","Hello World+1","Storm+1","Redo+1"],"picked":"SKIP","floor":31},{"not_picked":["Darkness","Barrage","Doom and Gloom","Redo"],"picked":"SKIP","floor":31},{"not_picked":["Rainbow","Electrodynamics","Creative AI"],"picked":"Hyperbeam","floor":33},{"not_picked":["Redo+1","Gash","Cold Snap"],"picked":"Skim+1","floor":35},{"not_picked":["Barrage+1","Hologram","FTL+1"],"picked":"Defragment+1","floor":35},{"not_picked":["Loop+1","Recycle","Conserve Battery"],"picked":"Reinforced Body+1","floor":38},{"not_picked":["Gash+1","Cold Snap+1","Storm+1","Chaos"],"picked":"SKIP","floor":38}],"player_experience":391511,"relics_obtained":[{"floor":2,"key":"Oddly Smooth Stone"},{"floor":9,"key":"Question Card"},{"floor":13,"key":"Bottled Flame"},{"floor":24,"key":"Red Mask"},{"floor":26,"key":"Orichalcum"},{"floor":30,"key":"Prayer Wheel"}],"event_choices":[{"damage_healed":0,"gold_gain":75,"player_choice":"Gather Gold","damage_taken":11,"max_hp_gain":0,"max_hp_loss":0,"event_name":"World of Goop","floor":3,"gold_loss":0},{"cards_removed":["Defend_B"],"damage_healed":0,"gold_gain":0,"player_choice":"Card Removal","damage_taken":0,"max_hp_gain":0,"max_hp_loss":0,"event_name":"The Cleric","floor":4,"gold_loss":50},{"damage_healed":0,"gold_gain":0,"cards_transformed":["Defend_B"],"player_choice":"Transformed","damage_taken":0,"max_hp_gain":0,"max_hp_loss":0,"event_name":"Transmorgrifier","floor":12,"gold_loss":0,"cards_obtained":["Reboot"]},{"damage_healed":22,"gold_gain":0,"player_choice":"Heal","damage_taken":0,"max_hp_gain":0,"max_hp_loss":0,"event_name":"The Library","floor":22,"gold_loss":0},{"damage_healed":0,"gold_gain":0,"player_choice":"Fought Bandits","damage_taken":0,"max_hp_gain":0,"max_hp_loss":0,"event_name":"Masked Bandits","floor":24,"gold_loss":0},{"damage_healed":0,"gold_gain":0,"player_choice":"Copied","damage_taken":0,"max_hp_gain":0,"max_hp_loss":0,"event_name":"Duplicator","floor":25,"gold_loss":0,"cards_obtained":["Sunder"]},{"damage_healed":0,"gold_gain":0,"player_choice":"Embrace Madness","damage_taken":9,"max_hp_gain":0,"max_hp_loss":0,"event_name":"Winding Halls","floor":36,"gold_loss":0,"cards_obtained":["Madness","Madness"]},{"damage_healed":0,"gold_gain":222,"player_choice":"Wore Mask","damage_taken":0,"max_hp_gain":0,"max_hp_loss":0,"event_name":"Tomb of Lord Red Mask","floor":37,"gold_loss":0}],"is_beta":false,"boss_relics":[{"not_picked":["Runic Pyramid","Astrolabe"],"picked":"Ectoplasm"},{"not_picked":["Busted Crown","Fusion Hammer"],"picked":"Empty Cage"}],"items_purged_floors":[27],"is_endless":false,"potions_floor_spawned":[6,10,14,16,20,21,29,30,38],"killed_by":"Spire Growth","ascension_level":7}