{"gold_per_floor":[117,117,144,144,144,171,181,198,224,292,269,30,57,72,72,177,177,191,207,207,64,64,64,91,91,91,123,123,3,15,29,29,132,132,148,159,62,112,129,129,145,95,163,89,189,203,203,221,221,221],"floor_reached":50,"playtime":4312,"items_purged":["Writhe","Normality","Regret","Strike_G","Pain"],"score":835,"play_id":"2bfebd62-bafb-4cd0-a5f6-2ace401db3a9","local_time":"20190313121118","is_ascension_mode":true,"campfire_choices":[{"data":"Dagger Spray","floor":15,"key":"SMITH"},{"data":"Cloak And Dagger","floor":23,"key":"SMITH"},{"data":"Neutralize","floor":25,"key":"SMITH"},{"data":"Noxious Fumes","floor":32,"key":"SMITH"},{"floor":40,"key":"REST"},{"data":"Night Terror","floor":47,"key":"SMITH"},{"floor":49,"key":"REST"}],"neow_cost":"NONE","seed_source_timestamp":46491957733999,"circlet_count":0,"master_deck":["AscendersBane","Defend_G","Defend_G+1","Defend_G","Defend_G","Defend_G","Strike_G","Strike_G","Strike_G","Survivor","Neutralize+1","Footwork","Burst+1","Escape Plan","Dodge and Roll","Doppelganger","Dagger Spray+1","Footwork","Cloak And Dagger+1","Glass Knife","Blade Dance","Malaise","Cloak And Dagger+1","Blur+1","Well Laid Plans","Dagger Throw","Corpse Explosion","Noxious Fumes+1","Well Laid Plans","Footwork","Night Terror+1","Bane+1","Endless Agony","Deadly Poison","Poisoned Stab","Dagger Spray+1","Deadly Poison+1","Deadly Poison+1","Bouncing Flask+1","Flechettes+1"],"relics":["Ring of the Snake","NeowsBlessing","Strawberry","Vajra","MawBank","Tiny Chest","PreservedInsect","War Paint","Cursed Key","Art of War","Snake Skull","Smiling Mask","Bottled Flame","Bag of Marbles","Runic Pyramid","Gambling Chip","Toxic Egg 2","Du-Vu Doll"],"potions_floor_usage":[16,24,27,33,38,48,50,50],"damage_taken":[{"damage":0,"enemies":"Jaw Worm","floor":1,"turns":1},{"damage":0,"enemies":"Lagavulin","floor":6,"turns":1},{"damage":0,"enemies":"Small Slimes","floor":7,"turns":1},{"damage":0,"enemies":"2 Louse","floor":8,"turns":6},{"damage":8,"enemies":"Exordium Thugs","floor":11,"turns":6},{"damage":26,"enemies":"Gremlin Nob","floor":13,"turns":5},{"damage":0,"enemies":"Exordium Wildlife","floor":14,"turns":3},{"damage":4,"enemies":"The Guardian","floor":16,"turns":18},{"damage":1,"enemies":"Shell Parasite","floor":18,"turns":9},{"damage":0,"enemies":"3 Byrds","floor":19,"turns":5},{"damage":8,"enemies":"Book of Stabbing","floor":24,"turns":6},{"damage":22,"enemies":"Slavers","floor":27,"turns":6},{"damage":2,"enemies":"3 Cultists","floor":30,"turns":4},{"damage":1,"enemies":"Centurion and Healer","floor":31,"turns":6},{"damage":62,"enemies":"Collector","floor":33,"turns":11},{"damage":8,"enemies":"3 Shapes","floor":35,"turns":5},{"damage":1,"enemies":"Orb Walker","floor":36,"turns":5},{"damage":41,"enemies":"2 Orb Walkers","floor":38,"turns":4},{"damage":0,"enemies":"Jaw Worm Horde","floor":39,"turns":5},{"damage":0,"enemies":"Maw","floor":41,"turns":8},{"damage":0,"enemies":"Mind Bloom Boss Battle","floor":45,"turns":7},{"damage":4,"enemies":"Transient","floor":46,"turns":5},{"damage":3,"enemies":"Spire Growth","floor":48,"turns":5},{"damage":65,"enemies":"Awakened One","floor":50,"turns":3}],"seed_played":"-3179628490250516240","potions_obtained":[{"floor":6,"key":"Block Potion"},{"floor":7,"key":"Energy Potion"},{"floor":11,"key":"SteroidPotion"},{"floor":16,"key":"GamblersBrew"},{"floor":24,"key":"LiquidBronze"},{"floor":27,"key":"Block Potion"},{"floor":33,"key":"SkillPotion"},{"floor":39,"key":"Strength Potion"},{"floor":41,"key":"PowerPotion"}],"is_trial":false,"path_per_floor":["M","?","T","?","?","E","M","M","T","T","M","$","E","M","R","B",null,"M","M","?","$","T","R","E","R","T","E","?","$","M","M","R","B",null,"M","M","$","?","M","R","M","$","T","$","?","M","R","M","R","B"],"character_chosen":"THE_SILENT","items_purchased":["PreservedInsect","Footwork","Cloak And Dagger","Well Laid Plans","Noxious Fumes","Deadly Poison","Deadly Poison+1"],"campfire_rested":2,"item_purchase_floors":[12,12,12,21,29,37,44],"current_hp_per_floor":[63,63,70,75,75,75,75,75,75,75,67,67,41,41,41,37,71,70,70,70,70,70,70,62,62,62,40,82,82,80,79,79,17,66,58,57,57,16,16,40,40,40,40,40,40,36,36,33,57,0],"gold":221,"neow_bonus":"THREE_ENEMY_KILL","is_prod":false,"is_daily":false,"chose_seed":false,"campfire_upgraded":5,"win_rate":0,"timestamp":1552479078,"path_taken":["M","?","?","?","?","E","M","M","T","?","M","$","E","M","R","BOSS","M","M","?","$","?","R","E","R","T","E","?","$","M","M","R","BOSS","M","M","?","?","?","R","M","?","T","$","?","M","R","M","R","BOSS"],"build_version":"2019-01-23","purchased_purges":5,"victory":false,"max_hp_per_floor":[70,70,77,82,82,82,82,82,82,82,82,82,82,82,82,82,82,82,82,82,82,82,82,82,82,82,82,82,82,82,82,82,82,82,82,82,82,82,82,82,82,82,82,82,82,82,82,82,82,82],"card_choices":[{"not_picked":["Deadly Poison","Backflip"],"picked":"Footwork","floor":1},{"not_picked":["Setup","Caltrops"],"picked":"Escape Plan","floor":6},{"not_picked":["Accuracy","Blade Dance"],"picked":"Dodge and Roll","floor":7},{"not_picked":["Accuracy","Dodge and Roll"],"picked":"Doppelganger","floor":8},{"not_picked":["Blade Dance","Sucker Punch"],"picked":"Dagger Spray","floor":11},{"not_picked":["Dagger Throw","All Out Attack"],"picked":"Glass Knife","floor":13},{"not_picked":["Dagger Spray","Sucker Punch"],"picked":"Blade Dance","floor":14},{"not_picked":["Grand Finale","Doppelganger"],"picked":"Malaise","floor":16},{"not_picked":["Prepared+1","Backflip+1"],"picked":"Cloak And Dagger+1","floor":18},{"not_picked":["Prepared","Bane"],"picked":"Blur+1","floor":19},{"not_picked":["Blade Dance","Reflex"],"picked":"Dagger Throw","floor":24},{"not_picked":["Tactician","Dodge and Roll"],"picked":"Corpse Explosion","floor":27},{"not_picked":["Prepared","Dodge and Roll"],"picked":"Well Laid Plans","floor":30},{"not_picked":["Calculated Gamble+1","Skewer"],"picked":"Footwork","floor":31},{"not_picked":["Wraith Form v2","Grand Finale"],"picked":"Night Terror","floor":33},{"not_picked":["Quick Slash","Well Laid Plans+1"],"picked":"Bane+1","floor":35},{"not_picked":["Predator+1","Acrobatics+1"],"picked":"Endless Agony","floor":36},{"not_picked":["Slice","Caltrops"],"picked":"Poisoned Stab","floor":38},{"not_picked":["Quick Slash","Sucker Punch"],"picked":"Dagger Spray+1","floor":39},{"not_picked":["PiercingWail","Accuracy"],"picked":"Deadly Poison+1","floor":41},{"not_picked":["Infinite Blades","Flying Knee"],"picked":"Bouncing Flask+1","floor":45},{"not_picked":["Dagger Throw","Footwork"],"picked":"Flechettes+1","floor":46},{"not_picked":["Bane","Predator","Tools of the Trade"],"picked":"SKIP","floor":48}],"player_experience":622020,"relics_obtained":[{"floor":3,"key":"Strawberry"},{"floor":6,"key":"Vajra"},{"floor":9,"key":"MawBank"},{"floor":10,"key":"Tiny Chest"},{"floor":13,"key":"War Paint"},{"floor":22,"key":"Snake Skull"},{"floor":24,"key":"Smiling Mask"},{"floor":26,"key":"Bottled Flame"},{"floor":27,"key":"Bag of Marbles"},{"floor":38,"key":"Gambling Chip"},{"floor":43,"key":"Toxic Egg 2"},{"floor":45,"key":"Du-Vu Doll"}],"event_choices":[{"damage_healed":0,"gold_gain":0,"player_choice":"Ignored","damage_taken":0,"max_hp_gain":0,"max_hp_loss":0,"event_name":"Liars Game","floor":2,"gold_loss":0},{"damage_healed":0,"gold_gain":0,"player_choice":"Donut","damage_taken":0,"max_hp_gain":5,"max_hp_loss":0,"event_name":"Big Fish","floor":4,"gold_loss":0},{"damage_healed":0,"gold_gain":0,"cards_transformed":["Strike_G"],"player_choice":"Change","damage_taken":0,"max_hp_gain":0,"max_hp_loss":0,"event_name":"Living Wall","floor":5,"gold_loss":0,"cards_obtained":["Burst"]},{"damage_healed":0,"gold_gain":0,"player_choice":"Opened","damage_taken":0,"relics_obtained":["Art of War"],"max_hp_gain":0,"max_hp_loss":0,"event_name":"The Mausoleum","floor":20,"gold_loss":0,"cards_obtained":["Writhe"]},{"damage_healed":42,"gold_gain":0,"player_choice":"Full Heal","damage_taken":0,"max_hp_gain":0,"max_hp_loss":0,"event_name":"Wheel of Change","floor":28,"gold_loss":0},{"damage_healed":0,"gold_gain":0,"player_choice":"Fight","damage_taken":0,"max_hp_gain":0,"max_hp_loss":0,"event_name":"Mysterious Sphere","floor":38,"gold_loss":0},{"damage_healed":0,"gold_gain":0,"player_choice":"Fight","damage_taken":0,"max_hp_gain":0,"max_hp_loss":0,"event_name":"MindBloom","floor":45,"gold_loss":0}],"is_beta":false,"boss_relics":[{"not_picked":["Eternal Feather","Runic Dome"],"picked":"Cursed Key"},{"not_picked":["Sozu","Orrery"],"picked":"Runic Pyramid"}],"items_purged_floors":[21,29,37,42,44],"is_endless":false,"potions_floor_spawned":[6,7,11,16,24,27,33,35,39,41],"killed_by":"Awakened One","ascension_level":10}