{"gold_per_floor":[116,131,131,148,162,162,180,209,209,225,5,5,39,49,49,147,147,165,165,26,33,51,81,81,81,133,145,257,280,321,82,82,82],"floor_reached":33,"playtime":1941,"items_purged":["Strike_G","Strike_G","Regret"],"score":471,"play_id":"495028f4-bd7f-42cb-b7a1-17565a193945","local_time":"20190716163234","is_ascension_mode":true,"campfire_choices":[{"data":"Deadly Poison","floor":6,"key":"SMITH"},{"floor":15,"key":"REST"},{"floor":25,"key":"REST"},{"floor":27,"key":"REST"},{"data":"Crippling Poison","floor":32,"key":"SMITH"}],"neow_cost":"NONE","seed_source_timestamp":326474502422600,"circlet_count":0,"master_deck":["Strike_G","Defend_G","Defend_G","Defend_G","Defend_G","Survivor","Neutralize","Deadly Poison+1","Dash","Masterful Stab","PiercingWail","Setup","Bane","Well Laid Plans","Footwork","Terror","All Out Attack","Burst","Reflex","Flechettes","Crippling Poison+1","Blur","Cloak And Dagger","Clumsy","Prepared","Footwork","Cloak And Dagger"],"relics":["Ring of the Snake","Pen Nib","Dodecahedron","PreservedInsect","Cursed Key","Mercury Hourglass","FossilizedHelix","MawBank","Mango","Letter Opener","Strawberry"],"potions_floor_usage":[8,10,13,13,13,16,22,23,30],"damage_taken":[{"damage":10,"enemies":"Jaw Worm","floor":1,"turns":6},{"damage":2,"enemies":"Cultist","floor":2,"turns":4},{"damage":0,"enemies":"2 Louse","floor":4,"turns":2},{"damage":6,"enemies":"Exordium Wildlife","floor":5,"turns":6},{"damage":3,"enemies":"Blue Slaver","floor":7,"turns":3},{"damage":39,"enemies":"Lagavulin","floor":8,"turns":7},{"damage":11,"enemies":"Exordium Thugs","floor":10,"turns":3},{"damage":16,"enemies":"Gremlin Nob","floor":13,"turns":4},{"damage":0,"enemies":"Red Slaver","floor":14,"turns":4},{"damage":0,"enemies":"Slime Boss","floor":16,"turns":7},{"damage":24,"enemies":"Shell Parasite","floor":18,"turns":6},{"damage":23,"enemies":"2 Thieves","floor":21,"turns":5},{"damage":10,"enemies":"Centurion and Healer","floor":22,"turns":7},{"damage":13,"enemies":"Book of Stabbing","floor":23,"turns":6},{"damage":27,"enemies":"Colosseum Slavers","floor":28,"turns":6},{"damage":2,"enemies":"Colosseum Nobs","floor":28,"turns":4},{"damage":0,"enemies":"Cultist and Chosen","floor":29,"turns":7},{"damage":0,"enemies":"Gremlin Leader","floor":30,"turns":5},{"damage":70,"enemies":"Automaton","floor":33,"turns":12}],"seed_played":"630686407266241709","potions_obtained":[{"floor":3,"key":"Energy Potion"},{"floor":3,"key":"Swift Potion"},{"floor":3,"key":"LiquidBronze"},{"floor":4,"key":"Explosive Potion"},{"floor":10,"key":"AttackPotion"},{"floor":14,"key":"GhostInAJar"},{"floor":21,"key":"Block Potion"},{"floor":22,"key":"PowerPotion"},{"floor":29,"key":"Dexterity Potion"}],"is_trial":false,"path_per_floor":["M","M","?","M","M","R","M","E","T","M","$","?","E","M","R","B",null,"M","?","$","M","M","E","T","R","T","R","?","M","E","$","R","B"],"character_chosen":"THE_SILENT","items_purchased":["Well Laid Plans","Regen Potion","Flechettes","Footwork","Cloak And Dagger"],"campfire_rested":3,"item_purchase_floors":[11,11,20,31,31],"current_hp_per_floor":[67,65,65,65,59,59,56,17,17,6,6,6,2,2,25,25,77,53,53,53,30,20,7,7,30,30,53,38,38,45,45,45,0],"gold":82,"neow_bonus":"TEN_PERCENT_HP_BONUS","is_prod":false,"is_daily":false,"chose_seed":false,"campfire_upgraded":2,"win_rate":0,"timestamp":1563309154,"path_taken":["M","M","?","?","M","R","M","E","T","M","$","?","E","M","R","BOSS","M","?","$","M","M","E","?","R","T","R","?","M","E","?","R","BOSS"],"build_version":"2019-07-05","purchased_purges":3,"victory":false,"max_hp_per_floor":[77,77,77,77,77,77,77,77,77,77,77,77,77,77,77,77,77,77,77,77,77,77,77,77,77,77,77,91,91,98,98,98,98],"card_choices":[{"not_picked":["Sucker Punch","Acrobatics"],"picked":"Deadly Poison","floor":1},{"not_picked":["Setup","Masterful Stab"],"picked":"Dash","floor":2},{"not_picked":["Blade Dance","Venomology"],"picked":"Masterful Stab","floor":4},{"not_picked":["Blade Dance","Choke"],"picked":"PiercingWail","floor":5},{"not_picked":["Flying Knee","Sucker Punch"],"picked":"Setup","floor":7},{"not_picked":["Concentrate","Quick Slash","Flying Knee"],"picked":"SKIP","floor":8},{"not_picked":["Dash","Eviscerate"],"picked":"Bane","floor":10},{"not_picked":["Poisoned Stab","Distraction"],"picked":"Footwork","floor":13},{"not_picked":["Phantasmal Killer","Choke"],"picked":"Terror","floor":14},{"not_picked":["PiercingWail","Outmaneuver"],"picked":"All Out Attack","floor":18},{"not_picked":["Deflect","Accuracy"],"picked":"Crippling Poison","floor":21},{"not_picked":["Calculated Gamble","Outmaneuver"],"picked":"Blur","floor":22},{"not_picked":["Escape Plan","Acrobatics"],"picked":"Cloak And Dagger","floor":23},{"not_picked":["Flechettes+1","Night Terror"],"picked":"Prepared","floor":28},{"not_picked":["Underhanded Strike","Flechettes","Tactician"],"picked":"SKIP","floor":29},{"not_picked":["Choke","Bane","Endless Agony"],"picked":"SKIP","floor":30}],"player_experience":365706,"relics_obtained":[{"floor":8,"key":"Pen Nib"},{"floor":9,"key":"Dodecahedron"},{"floor":13,"key":"PreservedInsect"},{"floor":23,"key":"Mercury Hourglass"},{"floor":24,"key":"FossilizedHelix"},{"floor":26,"key":"MawBank"},{"floor":28,"key":"Mango"},{"floor":28,"key":"Letter Opener"},{"floor":30,"key":"Strawberry"}],"event_choices":[{"damage_healed":0,"gold_gain":0,"player_choice":"Got Potions","damage_taken":0,"max_hp_gain":0,"max_hp_loss":0,"event_name":"Lab","floor":3,"gold_loss":0},{"cards_removed":["Strike_G"],"damage_healed":0,"gold_gain":0,"player_choice":"Forget","damage_taken":0,"max_hp_gain":0,"max_hp_loss":0,"event_name":"Living Wall","floor":12,"gold_loss":0},{"damage_healed":0,"gold_gain":0,"cards_transformed":["Defend_G","Strike_G"],"player_choice":"Became Test Subject","damage_taken":0,"max_hp_gain":0,"max_hp_loss":0,"event_name":"Drug Dealer","floor":19,"gold_loss":0,"cards_obtained":["Burst","Reflex"]},{"damage_healed":0,"gold_gain":0,"player_choice":"Fight","damage_taken":0,"max_hp_gain":0,"max_hp_loss":0,"event_name":"Colosseum","floor":28,"gold_loss":0},{"damage_healed":0,"gold_gain":0,"player_choice":"Fought Nobs","damage_taken":0,"max_hp_gain":0,"max_hp_loss":0,"event_name":"Colosseum","floor":28,"gold_loss":0}],"is_beta":false,"boss_relics":[{"not_picked":["Velvet Choker","HoveringKite"],"picked":"Cursed Key"}],"items_purged_floors":[11,20,31],"is_endless":false,"potions_floor_spawned":[4,10,14,21,22,29],"killed_by":"Automaton","ascension_level":4}