{"gold_per_floor":[112,123,123,123,123,163,177,177,204,218,249,249,262,301,301,432,432,457,478,280,320,345,345,363,363,363,363,118,161,173,100,112,124],"floor_reached":33,"playtime":2026,"items_purged":["Bash","Shame"],"score":431,"play_id":"45498190-2cf8-4b7b-a9c6-30e75566fc5b","local_time":"20181228161902","is_ascension_mode":true,"campfire_choices":[{"data":"Body Slam","floor":8,"key":"SMITH"},{"data":"Whirlwind","floor":12,"key":"SMITH"},{"floor":15,"key":"REST"},{"data":"Armaments","floor":23,"key":"SMITH"},{"floor":25,"key":"RECALL"},{"data":"Body Slam","floor":30,"key":"SMITH"},{"data":"Disarm","floor":32,"key":"SMITH"}],"neow_cost":"NONE","seed_source_timestamp":668626296276592,"circlet_count":0,"master_deck":["Strike_R","Strike_R","Strike_R","Strike_R","Defend_R","Defend_R","Defend_R","Defend_R","Shrug It Off","Twin Strike","Body Slam+1","True Grit","Ghostly Armor","Whirlwind+1","Clash","Disarm+1","Feed","Body Slam+1","Rampage+1","Clash+1","Armaments+1","Intimidate+1"],"relics":["Burning Blood","NeowsBlessing","Juzu Bracelet","Golden Idol","Smiling Mask","Pantograph","Bag of Preparation","Cursed Key","Anchor","Red Mask","Matryoshka","NlothsMask","Chemical X","MawBank","Oddly Smooth Stone"],"potions_floor_usage":[11,14,18,21,24,29],"damage_taken":[{"damage":0,"enemies":"Jaw Worm","floor":1,"turns":1},{"damage":0,"enemies":"2 Louse","floor":2,"turns":1},{"damage":0,"enemies":"Lagavulin","floor":6,"turns":2},{"damage":0,"enemies":"Small Slimes","floor":7,"turns":3},{"damage":12,"enemies":"Exordium Wildlife","floor":10,"turns":5},{"damage":23,"enemies":"3 Sentries","floor":11,"turns":10},{"damage":11,"enemies":"Looter","floor":13,"turns":3},{"damage":44,"enemies":"Gremlin Nob","floor":14,"turns":5},{"damage":30,"enemies":"The Guardian","floor":16,"turns":12},{"damage":9,"enemies":"Shell Parasite","floor":18,"turns":7},{"damage":7,"enemies":"2 Thieves","floor":19,"turns":4},{"damage":0,"enemies":"Masked Bandits","floor":21,"turns":1},{"damage":22,"enemies":"Sentry and Sphere","floor":22,"turns":6},{"damage":12,"enemies":"Chosen and Byrds","floor":24,"turns":5},{"damage":2,"enemies":"Book of Stabbing","floor":29,"turns":4},{"damage":77,"enemies":"Automaton","floor":33,"turns":6}],"seed_played":"-193077160726501755","potions_obtained":[{"floor":2,"key":"FearPotion"},{"floor":7,"key":"Dexterity Potion"},{"floor":14,"key":"Swift Potion"},{"floor":16,"key":"EssenceOfSteel"},{"floor":19,"key":"SteroidPotion"},{"floor":21,"key":"Strength Potion"},{"floor":29,"key":"SmokeBomb"}],"is_trial":false,"path_per_floor":["M","M","?","?","?","E","M","R","T","M","E","R","M","E","R","B",null,"M","M","$","?","M","R","M","R","T","?","$","E","R","?","R","B"],"character_chosen":"IRONCLAD","items_purchased":["Anchor","Chemical X"],"campfire_rested":1,"item_purchase_floors":[20,28],"current_hp_per_floor":[78,80,68,61,61,67,73,73,73,67,50,50,45,7,29,30,63,60,59,59,65,52,52,46,46,46,46,46,50,50,50,50,0],"gold":124,"neow_bonus":"THREE_ENEMY_KILL","is_prod":false,"is_daily":false,"chose_seed":false,"campfire_upgraded":5,"win_rate":0,"timestamp":1546013942,"path_taken":["M","M","?","?","?","E","M","R","T","M","E","R","M","E","R","BOSS","M","M","$","?","M","R","M","R","T","?","$","E","R","?","R","BOSS"],"build_version":"2018-12-20","purchased_purges":2,"victory":false,"max_hp_per_floor":[80,80,80,80,74,74,74,74,74,74,74,74,74,74,74,74,74,74,74,74,74,77,77,77,77,77,77,77,77,77,77,77,77],"card_choices":[{"not_picked":["Heavy Blade","Dual Wield"],"picked":"Shrug It Off","floor":1},{"not_picked":["Wild Strike","Fire Breathing"],"picked":"Twin Strike","floor":2},{"not_picked":["Dark Embrace","Bloodletting"],"picked":"Body Slam","floor":6},{"not_picked":["Clothesline","Havoc"],"picked":"True Grit","floor":7},{"not_picked":["Bloodletting","Warcry"],"picked":"Ghostly Armor","floor":10},{"not_picked":["Feel No Pain","Twin Strike"],"picked":"Whirlwind","floor":11},{"not_picked":["Flex","Berserk"],"picked":"Clash","floor":13},{"not_picked":["Dark Embrace","Pommel Strike"],"picked":"Disarm","floor":14},{"not_picked":["Exhume","Fiend Fire"],"picked":"Feed","floor":16},{"not_picked":["Evolve","Headbutt"],"picked":"Body Slam","floor":18},{"not_picked":["Havoc","Anger+1"],"picked":"Rampage+1","floor":19},{"not_picked":["Warcry","Whirlwind"],"picked":"Clash+1","floor":21},{"not_picked":["Perfected Strike","Dual Wield"],"picked":"Armaments","floor":22},{"not_picked":["Warcry+1","Feel No Pain"],"picked":"Intimidate+1","floor":24},{"not_picked":["Cleave+1","Clothesline+1","Twin Strike"],"picked":"SKIP","floor":29}],"player_experience":406664,"relics_obtained":[{"floor":6,"key":"Smiling Mask"},{"floor":11,"key":"Pantograph"},{"floor":14,"key":"Bag of Preparation"},{"floor":21,"key":"Red Mask"},{"floor":26,"key":"Matryoshka"},{"floor":29,"key":"MawBank"}],"event_choices":[{"damage_healed":0,"gold_gain":0,"player_choice":"Success","damage_taken":12,"relics_obtained":["Juzu Bracelet"],"max_hp_gain":0,"max_hp_loss":0,"event_name":"Scrap Ooze","floor":3,"gold_loss":0},{"cards_removed":["Strike_R"],"damage_healed":0,"gold_gain":0,"player_choice":"Card Removal","damage_taken":7,"max_hp_gain":0,"max_hp_loss":0,"event_name":"Golden Wing","floor":4,"gold_loss":0},{"damage_healed":0,"gold_gain":0,"player_choice":"Lose Max HP","damage_taken":0,"relics_obtained":["Golden Idol"],"max_hp_gain":0,"max_hp_loss":6,"event_name":"Golden Idol","floor":5,"gold_loss":0},{"damage_healed":0,"gold_gain":0,"player_choice":"Fought Bandits","damage_taken":0,"max_hp_gain":0,"max_hp_loss":0,"event_name":"Masked Bandits","floor":21,"gold_loss":0},{"damage_healed":0,"gold_gain":0,"player_choice":"Trade","damage_taken":0,"relics_obtained":["NlothsMask"],"max_hp_gain":0,"max_hp_loss":0,"event_name":"FaceTrader","floor":27,"gold_loss":0},{"damage_healed":0,"gold_gain":0,"player_choice":"Obtained Relic","damage_taken":0,"relics_obtained":["Oddly Smooth Stone"],"max_hp_gain":0,"max_hp_loss":0,"event_name":"Addict","floor":31,"gold_loss":85}],"is_beta":false,"boss_relics":[{"not_picked":["Tiny House","Coffee Dripper"],"picked":"Cursed Key"}],"items_purged_floors":[20,28],"is_endless":false,"potions_floor_spawned":[2,7,14,16,19,21,29],"killed_by":"Automaton","ascension_level":8}