{"gold_per_floor":[110,60,7,7,17,49,49,79,79,92,112,112,187,207,207,306,306,322,322,336,347,201,232,247,247,247,280,230,241,241,93,93,190,190,206,225,81,0,0,0,19,54,92,104,127,170,182,223,235,247],"floor_reached":51,"playtime":4230,"items_purged":["Strike_G","Strike_G"],"score":1373,"play_id":"fc8b6e57-3c85-40b5-919c-da5ad16c9fe1","local_time":"20190727215833","is_ascension_mode":true,"campfire_choices":[{"data":"Neutralize","floor":7,"key":"SMITH"},{"data":"Footwork","floor":12,"key":"SMITH"},{"data":"Well Laid Plans","floor":15,"key":"SMITH"},{"data":"Footwork","floor":25,"key":"SMITH"},{"floor":30,"key":"REST"},{"data":"Cloak And Dagger","floor":32,"key":"SMITH"},{"data":"Noxious Fumes","floor":40,"key":"SMITH"},{"data":"Noxious Fumes","floor":44,"key":"SMITH"},{"data":"After Image","floor":47,"key":"SMITH"},{"data":"Acrobatics","floor":49,"key":"SMITH"}],"neow_cost":"NONE","seed_source_timestamp":541264621164000,"circlet_count":0,"master_deck":["AscendersBane","Strike_G","Strike_G","Defend_G","Defend_G","Defend_G","Defend_G","Defend_G","Survivor","Neutralize+1","Masterful Stab","Dagger Spray","Predator","Deflect","Well Laid Plans+1","Backflip","Footwork+1","Acrobatics+1","Adrenaline","Cloak And Dagger+1","Backflip","Footwork+1","Heel Hook","Writhe","Noxious Fumes+1","Noxious Fumes+1","Deflect","After Image+1","Caltrops+1","Acrobatics+1","Flechettes+1"],"relics":["Ring of the Serpent","NeowsBlessing","Kunai","Question Card","Bag of Marbles","Darkstone Periapt","Cursed Key","Centennial Puzzle","Singing Bowl","Paper Crane","Omamori","Red Mask","MawBank","Oddly Smooth Stone","Orichalcum","Ornamental Fan"],"potions_floor_usage":[18,21,41],"damage_taken":[{"damage":0,"enemies":"2 Louse","floor":1,"turns":1},{"damage":0,"enemies":"Small Slimes","floor":5,"turns":1},{"damage":0,"enemies":"Gremlin Nob","floor":6,"turns":1},{"damage":17,"enemies":"3 Sentries","floor":8,"turns":9},{"damage":0,"enemies":"Jaw Worm","floor":10,"turns":2},{"damage":0,"enemies":"Blue Slaver","floor":11,"turns":2},{"damage":0,"enemies":"Lots of Slimes","floor":14,"turns":1},{"damage":16,"enemies":"The Guardian","floor":16,"turns":18},{"damage":0,"enemies":"Spheric Guardian","floor":18,"turns":5},{"damage":2,"enemies":"Chosen","floor":20,"turns":4},{"damage":2,"enemies":"Snake Plant","floor":21,"turns":6},{"damage":6,"enemies":"Gremlin Leader","floor":23,"turns":15},{"damage":0,"enemies":"Sentry and Sphere","floor":24,"turns":7},{"damage":34,"enemies":"Slavers","floor":27,"turns":12},{"damage":1,"enemies":"3 Cultists","floor":29,"turns":5},{"damage":0,"enemies":"Collector","floor":33,"turns":12},{"damage":0,"enemies":"3 Shapes","floor":35,"turns":5},{"damage":13,"enemies":"3 Darklings","floor":36,"turns":8},{"damage":0,"enemies":"Transient","floor":41,"turns":5},{"damage":0,"enemies":"Nemesis","floor":42,"turns":9},{"damage":6,"enemies":"4 Shapes","floor":45,"turns":5},{"damage":5,"enemies":"Reptomancer","floor":46,"turns":8},{"damage":0,"enemies":"Nemesis","floor":48,"turns":7},{"damage":6,"enemies":"Donu and Deca","floor":50,"turns":11}],"seed_played":"5830901187833695892","potions_obtained":[{"floor":1,"key":"Weak Potion"},{"floor":10,"key":"GhostInAJar"},{"floor":11,"key":"GhostInAJar"},{"floor":23,"key":"SteroidPotion"},{"floor":35,"key":"FearPotion"},{"floor":45,"key":"Strength Potion"}],"is_trial":false,"path_per_floor":["M","?","$","?","M","E","R","E","T","M","M","R","?","M","R","B",null,"M","?","M","M","$","E","M","R","T","E","?","M","R","$","R","B",null,"M","M","$","?","?","R","M","E","T","R","M","E","R","E","R","B",null],"character_chosen":"THE_SILENT","items_purchased":["Dagger Spray","Footwork","Deflect","Omamori"],"campfire_rested":1,"item_purchase_floors":[3,22,31,37],"current_hp_per_floor":[63,63,63,60,60,60,60,43,43,43,43,43,32,32,32,16,57,57,57,55,53,53,47,47,47,53,19,19,18,40,40,40,40,67,67,54,54,54,73,73,75,75,75,75,71,68,68,70,70,64],"gold":259,"neow_bonus":"THREE_ENEMY_KILL","is_prod":false,"is_daily":false,"chose_seed":false,"campfire_upgraded":9,"win_rate":0,"timestamp":1564279113,"path_taken":["M","?","$","?","M","E","R","E","T","M","M","R","?","M","R","BOSS","M","?","M","?","$","E","M","R","T","E","?","M","R","?","R","BOSS","M","M","$","?","?","R","M","E","T","R","M","E","R","E","R","BOSS"],"build_version":"2019-07-17","purchased_purges":2,"victory":true,"max_hp_per_floor":[70,70,70,70,70,70,70,70,70,70,70,70,70,70,70,70,70,70,70,70,70,70,70,70,70,76,76,76,76,76,76,76,76,76,76,76,76,76,76,76,78,78,78,78,80,82,82,84,84,84],"card_choices":[{"not_picked":["Crippling Poison","Acrobatics"],"picked":"Masterful Stab","floor":1},{"not_picked":["Poisoned Stab","Predator","Acrobatics"],"picked":"SKIP","floor":5},{"not_picked":["Poisoned Stab","Acrobatics"],"picked":"Predator","floor":5},{"not_picked":["Dodge and Roll","Concentrate"],"picked":"Deflect","floor":6},{"not_picked":["Deadly Poison","Quick Slash","Corpse Explosion"],"picked":"Well Laid Plans","floor":8},{"not_picked":["PiercingWail","Dodge and Roll","Crippling Poison"],"picked":"Backflip","floor":10},{"not_picked":["Expertise","Accuracy","Deflect"],"picked":"Footwork","floor":11},{"not_picked":["Blade Dance","Poisoned Stab","Underhanded Strike"],"picked":"Acrobatics","floor":14},{"not_picked":["Envenom","Night Terror","Bullet Time"],"picked":"Adrenaline","floor":16},{"not_picked":["PiercingWail","Acrobatics","Underhanded Strike"],"picked":"Cloak And Dagger","floor":18},{"not_picked":["Deadly Poison","All Out Attack","Dagger Throw","Night Terror"],"picked":"SKIP","floor":20},{"not_picked":["Riddle With Holes","Acrobatics","Flying Knee"],"picked":"Backflip","floor":21},{"not_picked":["Prepared","Sucker Punch","PiercingWail"],"picked":"Heel Hook","floor":23},{"not_picked":["Acrobatics","Poisoned Stab","Well Laid Plans","Endless Agony+1"],"picked":"SKIP","floor":24},{"not_picked":["Masterful Stab","Bouncing Flask","Prepared"],"picked":"Noxious Fumes","floor":27},{"not_picked":["Dagger Throw","Poisoned Stab","Reflex"],"picked":"Noxious Fumes","floor":29},{"not_picked":["Doppelganger","Phantasmal Killer","Die Die Die"],"picked":"After Image","floor":33},{"not_picked":["Deflect","Dodge and Roll+1","Setup+1"],"picked":"Caltrops+1","floor":35},{"not_picked":["Setup","Escape Plan","Outmaneuver"],"picked":"Acrobatics+1","floor":36},{"not_picked":["Distraction","Poisoned Stab","Quick Slash+1","Bane"],"picked":"Singing Bowl","floor":41},{"not_picked":["Wraith Form v2","Slice","Underhanded Strike+1"],"picked":"Flechettes+1","floor":42},{"not_picked":["Underhanded Strike","Setup","PiercingWail","Accuracy"],"picked":"Singing Bowl","floor":45},{"not_picked":["Dagger Spray","Night Terror","Escape Plan","Concentrate"],"picked":"Singing Bowl","floor":46},{"not_picked":["Finisher","Distraction","Concentrate","Heel Hook"],"picked":"Singing Bowl","floor":48}],"player_experience":550548,"relics_obtained":[{"floor":6,"key":"Question Card"},{"floor":8,"key":"Bag of Marbles"},{"floor":9,"key":"Darkstone Periapt"},{"floor":23,"key":"Centennial Puzzle"},{"floor":26,"key":"Singing Bowl"},{"floor":27,"key":"Paper Crane"},{"floor":42,"key":"MawBank"},{"floor":43,"key":"Oddly Smooth Stone"},{"floor":46,"key":"Orichalcum"},{"floor":48,"key":"Ornamental Fan"}],"event_choices":[{"cards_removed":["Strike_G"],"damage_healed":0,"gold_gain":0,"player_choice":"Card Removal","damage_taken":0,"max_hp_gain":0,"max_hp_loss":0,"event_name":"The Cleric","floor":2,"gold_loss":50},{"damage_healed":0,"gold_gain":0,"player_choice":"Success","damage_taken":3,"relics_obtained":["Kunai"],"max_hp_gain":0,"max_hp_loss":0,"event_name":"Scrap Ooze","floor":4,"gold_loss":0},{"damage_healed":0,"gold_gain":75,"player_choice":"Gather Gold","damage_taken":11,"max_hp_gain":0,"max_hp_loss":0,"event_name":"World of Goop","floor":13,"gold_loss":0},{"damage_healed":0,"gold_gain":0,"player_choice":"Ignored","damage_taken":0,"max_hp_gain":0,"max_hp_loss":0,"event_name":"N\u0027loth","floor":19,"gold_loss":0},{"damage_healed":0,"gold_gain":0,"player_choice":"Bet on Owner","damage_taken":0,"max_hp_gain":0,"max_hp_loss":0,"event_name":"The Joust","floor":28,"gold_loss":50},{"damage_healed":0,"gold_gain":0,"player_choice":"Paid","damage_taken":0,"relics_obtained":["Red Mask"],"max_hp_gain":0,"max_hp_loss":0,"event_name":"Tomb of Lord Red Mask","floor":38,"gold_loss":81},{"damage_healed":19,"gold_gain":0,"player_choice":"Writhe","damage_taken":0,"max_hp_gain":0,"max_hp_loss":0,"event_name":"Winding Halls","floor":39,"gold_loss":0,"cards_obtained":["Writhe"]}],"is_beta":false,"boss_relics":[{"not_picked":["Tiny House","Eternal Feather"],"picked":"Cursed Key"},{"not_picked":["Busted Crown","HoveringKite"],"picked":"Ring of the Serpent"}],"items_purged_floors":[22,31],"is_endless":false,"potions_floor_spawned":[1,10,11,23,35,36,45],"ascension_level":12}