{"gold_per_floor":[33,33,33,108,142,142,201,235,305,305,30,30,64,67,67,217,217,252,268,5,5,5,5,43,43,69,69,120,22,22,37,37,167,230,254,254,274,27,66,127,141,141,141,180,180],"floor_reached":45,"playtime":3094,"items_purged":["Strike_G","Strike_G","Strike_G"],"score":701,"play_id":"40b5cd40-950f-4e44-9e95-2ee851bd642f","local_time":"20190720105133","is_ascension_mode":true,"campfire_choices":[{"floor":6,"key":"REST"},{"floor":15,"key":"REST"},{"data":"Footwork","floor":23,"key":"SMITH"},{"floor":25,"key":"REST"},{"data":"Choke","floor":30,"key":"SMITH"},{"data":"Footwork","floor":32,"key":"SMITH"},{"data":"Phantasmal Killer","floor":42,"key":"SMITH"}],"neow_cost":"NO_GOLD","seed_source_timestamp":308907402261000,"circlet_count":0,"master_deck":["Strike_G","Defend_G+1","Defend_G+1","Defend_G","Defend_G","Survivor","Neutralize+1","HandOfGreed","Purity","PiercingWail","Masterful Stab+1","Footwork+1","Deflect","Cloak And Dagger","Terror","Footwork+1","Flying Knee","Malaise","Prepared","Acrobatics+1","All Out Attack","Dodge and Roll","Dash","Necronomicurse","Choke+1","Tactician+1","Bandage Up","Skewer","Phantasmal Killer+1","Underhanded Strike+1","Acrobatics+1","Flechettes","Backflip","Footwork+1","Underhanded Strike+1","Footwork+1","Deflect+1"],"relics":["Ring of the Snake","Golden Idol","Bag of Preparation","Question Card","War Paint","Philosopher\u0027s Stone","Necronomicon","Bronze Scales","Boot","Tiny House","Kunai","Juzu Bracelet","Blood Vial"],"potions_floor_usage":[10,16,19,33,33,35,35,41],"damage_taken":[{"damage":3,"enemies":"Cultist","floor":1,"turns":5},{"damage":1,"enemies":"2 Louse","floor":5,"turns":2},{"damage":0,"enemies":"Small Slimes","floor":7,"turns":4},{"damage":23,"enemies":"Gremlin Nob","floor":8,"turns":5},{"damage":0,"enemies":"Exordium Wildlife","floor":10,"turns":3},{"damage":17,"enemies":"Lagavulin","floor":13,"turns":6},{"damage":7,"enemies":"Exordium Thugs","floor":14,"turns":4},{"damage":12,"enemies":"The Guardian","floor":16,"turns":13},{"damage":6,"enemies":"3 Byrds","floor":18,"turns":8},{"damage":1,"enemies":"Chosen","floor":19,"turns":5},{"damage":11,"enemies":"Centurion and Healer","floor":24,"turns":8},{"damage":2,"enemies":"Book of Stabbing","floor":28,"turns":5},{"damage":5,"enemies":"Snake Plant","floor":31,"turns":3},{"damage":58,"enemies":"Automaton","floor":33,"turns":8},{"damage":9,"enemies":"3 Darklings","floor":35,"turns":7},{"damage":4,"enemies":"Orb Walker","floor":37,"turns":5},{"damage":0,"enemies":"Jaw Worm Horde","floor":39,"turns":3},{"damage":24,"enemies":"Giant Head","floor":40,"turns":11},{"damage":0,"enemies":"Maw","floor":41,"turns":7},{"damage":31,"enemies":"Nemesis","floor":44,"turns":7},{"damage":24,"enemies":"Sphere and 2 Shapes","floor":45,"turns":3}],"seed_played":"-318458909589879582","potions_obtained":[{"floor":8,"key":"SmokeBomb"},{"floor":14,"key":"GhostInAJar"},{"floor":16,"key":"SteroidPotion"},{"floor":24,"key":"Block Potion"},{"floor":28,"key":"Energy Potion"},{"floor":33,"key":"Strength Potion"},{"floor":34,"key":"SteroidPotion"},{"floor":35,"key":"SteroidPotion"},{"floor":39,"key":"Strength Potion"},{"floor":41,"key":"Dexterity Potion"}],"is_trial":false,"path_per_floor":["M","?","?","?","M","R","M","E","T","M","$","?","E","M","R","B",null,"M","M","$","?","?","R","M","R","T","?","E","$","R","M","R","B",null,"M","?","M","$","M","E","M","R","T","E","M"],"character_chosen":"THE_SILENT","items_purchased":["Cloak And Dagger","Terror","GhostInAJar","All Out Attack","Dodge and Roll","Dash","Bandage Up","Flechettes","Backflip"],"campfire_rested":3,"item_purchase_floors":[11,11,11,20,20,20,29,38,38],"current_hp_per_floor":[67,50,50,39,38,59,59,36,36,36,36,36,19,12,33,21,58,52,51,51,35,35,35,24,45,45,68,66,66,66,61,61,7,59,54,54,54,54,58,38,42,42,42,15,0],"gold":180,"neow_bonus":"RANDOM_COLORLESS_2","is_prod":false,"is_daily":false,"chose_seed":false,"campfire_upgraded":4,"win_rate":0,"timestamp":1563634293,"path_taken":["M","?","?","?","M","R","?","E","T","M","?","?","E","?","R","BOSS","M","?","$","?","?","R","?","R","T","?","E","$","R","M","R","BOSS","M","?","M","$","M","E","M","R","T","E","M"],"build_version":"2019-07-17","purchased_purges":3,"victory":false,"max_hp_per_floor":[70,70,70,70,70,70,70,70,70,70,70,70,70,70,70,70,70,70,70,70,70,70,70,70,70,70,70,70,70,70,70,70,70,75,75,71,71,71,71,71,71,71,71,71,71],"card_choices":[{"not_picked":["Blade Dance","Dagger Throw"],"picked":"PiercingWail","floor":1},{"not_picked":["Outmaneuver","Endless Agony"],"picked":"Masterful Stab","floor":5},{"not_picked":["Underhanded Strike","Sucker Punch"],"picked":"Footwork","floor":7},{"not_picked":["Tools of the Trade","Acrobatics"],"picked":"Deflect","floor":8},{"not_picked":["Dodge and Roll","Bouncing Flask","Dagger Throw"],"picked":"Footwork","floor":13},{"not_picked":["Poisoned Stab","Outmaneuver","Bane"],"picked":"Flying Knee","floor":14},{"not_picked":["Bullet Time","Doppelganger","Adrenaline"],"picked":"Malaise","floor":16},{"not_picked":["Dodge and Roll","Bane","Riddle With Holes"],"picked":"Prepared","floor":18},{"not_picked":["Bane+1","Dagger Throw","Flechettes"],"picked":"Acrobatics+1","floor":19},{"not_picked":["Quick Slash","Deflect+1","Distraction+1"],"picked":"Choke","floor":24},{"not_picked":["Blade Dance","Quick Slash","Expertise"],"picked":"Tactician+1","floor":28},{"not_picked":["Bane+1","Acrobatics+1","Sucker Punch"],"picked":"Skewer","floor":31},{"not_picked":["Wraith Form v2","Venomology","Bullet Time"],"picked":"Phantasmal Killer","floor":33},{"not_picked":["Dagger Spray+1","Dagger Throw+1","Skewer+1"],"picked":"Underhanded Strike+1","floor":35},{"not_picked":["Outmaneuver+1","Quick Slash+1","Flying Knee"],"picked":"Acrobatics+1","floor":37},{"not_picked":["PiercingWail+1","Bane","Cloak And Dagger"],"picked":"Footwork+1","floor":39},{"not_picked":["PiercingWail+1","Caltrops","Skewer+1"],"picked":"Underhanded Strike+1","floor":40},{"not_picked":["Dash","Poisoned Stab","All Out Attack"],"picked":"Footwork+1","floor":41},{"not_picked":["Cloak And Dagger","Masterful Stab","Riddle With Holes"],"picked":"Deflect+1","floor":44}],"player_experience":438388,"relics_obtained":[{"floor":8,"key":"Bag of Preparation"},{"floor":9,"key":"Question Card"},{"floor":13,"key":"War Paint"},{"floor":21,"key":"Necronomicon"},{"floor":26,"key":"Bronze Scales"},{"floor":28,"key":"Boot"},{"floor":40,"key":"Kunai"},{"floor":43,"key":"Juzu Bracelet"},{"floor":44,"key":"Blood Vial"}],"event_choices":[{"damage_healed":0,"gold_gain":0,"player_choice":"Take Damage","damage_taken":17,"relics_obtained":["Golden Idol"],"max_hp_gain":0,"max_hp_loss":0,"event_name":"Golden Idol","floor":2,"gold_loss":0},{"damage_healed":0,"gold_gain":0,"player_choice":"Grow","damage_taken":0,"max_hp_gain":0,"max_hp_loss":0,"event_name":"Living Wall","floor":3,"gold_loss":0,"cards_upgraded":["Neutralize"]},{"damage_healed":0,"gold_gain":75,"player_choice":"Gather Gold","damage_taken":11,"max_hp_gain":0,"max_hp_loss":0,"event_name":"World of Goop","floor":4,"gold_loss":0},{"cards_removed":["Defend_G"],"damage_healed":0,"gold_gain":0,"player_choice":"Offered Basic","damage_taken":0,"max_hp_gain":0,"max_hp_loss":0,"event_name":"Bonfire Elementals","floor":12,"gold_loss":0},{"damage_healed":0,"gold_gain":0,"player_choice":"Obtained Book","damage_taken":16,"max_hp_gain":0,"max_hp_loss":0,"event_name":"Cursed Tome","floor":21,"gold_loss":0},{"cards_removed":["Strike_G"],"damage_healed":0,"gold_gain":0,"player_choice":"Card Removal","damage_taken":0,"max_hp_gain":0,"max_hp_loss":0,"event_name":"Wheel of Change","floor":22,"gold_loss":0},{"damage_healed":23,"gold_gain":0,"player_choice":"Heal","damage_taken":0,"max_hp_gain":0,"max_hp_loss":0,"event_name":"The Library","floor":27,"gold_loss":0},{"damage_healed":0,"gold_gain":0,"player_choice":"Max HP","damage_taken":0,"max_hp_gain":0,"max_hp_loss":4,"event_name":"Winding Halls","floor":36,"gold_loss":0}],"is_beta":false,"boss_relics":[{"not_picked":["Sozu","Cursed Key"],"picked":"Philosopher\u0027s Stone"},{"not_picked":["Calling Bell","Snecko Eye"],"picked":"Tiny House"}],"items_purged_floors":[11,20,38],"is_endless":false,"potions_floor_spawned":[8,10,14,16,24,28,33,35,39,40,41],"killed_by":"Sphere and 2 Shapes","ascension_level":5}