{"gold_per_floor":[110,210,229,244,256,286,286,296,296,313,327,252,99,127,127,230,230,240,254,204,204,128,156,156,188,269,269,269,369,387,412,412,510,510,527,544,544,555,36,36,36,36,36,36,53,68,88,4,4,4],"floor_reached":51,"playtime":6379,"items_purged":["Strike_B","Pain","Normality","Shame","Strike_B"],"score":1172,"play_id":"75c50078-9c4f-4e47-914b-2099714f1449","local_time":"20190327011129","is_ascension_mode":true,"campfire_choices":[{"data":"Zap","floor":7.0,"key":"SMITH"},{"floor":15.0,"key":"REST"},{"data":"Capacitor","floor":24,"key":"SMITH"},{"data":"Sunder","floor":28,"key":"SMITH"},{"floor":32,"key":"REST"},{"data":"Seek","floor":40,"key":"SMITH"},{"data":"Biased Cognition","floor":42,"key":"SMITH"},{"data":"Hologram","floor":44,"key":"SMITH"},{"data":"Coolheaded","floor":49,"key":"SMITH"}],"neow_cost":"NONE","seed_source_timestamp":0,"circlet_count":0,"master_deck":["AscendersBane","Strike_B","Strike_B","Defend_B","Defend_B","Defend_B","Defend_B","Zap+1","Dualcast","White Noise","Cold Snap","Coolheaded","Capacitor+1","Barrage","Cold Snap","Glacier","Glacier","BootSequence","Sunder+1","Hello World","Biased Cognition+1","Parasite","Core Surge","Doom and Gloom","Coolheaded+1","Genetic Algorithm","Ball Lightning","Go for the Eyes+1","Echo Form+1","Seek+1","Recycle","Hologram+1","The Bomb","Double Energy+1","Self Repair+1","Echo Form+1","Coolheaded","Capacitor+1"],"special_seed":0,"relics":["Cracked Core","Happy Flower","Pocketwatch","Question Card","Smiling Mask","Calling Bell","Strawberry","Cables","Dead Branch","Gremlin Horn","Blood Vial","Tiny Chest","Frozen Egg 2","Pen Nib","Snecko Eye","Lantern","Medical Kit","Thread and Needle"],"potions_floor_usage":[23,25,31,31,50],"damage_taken":[{"damage":5.0,"enemies":"Small Slimes","floor":1.0,"turns":3.0},{"damage":1.0,"enemies":"Cultist","floor":3.0,"turns":3.0},{"damage":7.0,"enemies":"Jaw Worm","floor":4.0,"turns":3.0},{"damage":6.0,"enemies":"2 Fungi Beasts","floor":5.0,"turns":4.0},{"damage":16.0,"enemies":"3 Sentries","floor":6.0,"turns":12.0},{"damage":12.0,"enemies":"Red Slaver","floor":8.0,"turns":4.0},{"damage":12.0,"enemies":"Blue Slaver","floor":10.0,"turns":4.0},{"damage":3.0,"enemies":"3 Louse","floor":11.0,"turns":4.0},{"damage":0.0,"enemies":"Lagavulin","floor":14.0,"turns":7.0},{"damage":5.0,"enemies":"Hexaghost","floor":16.0,"turns":11.0},{"damage":10,"enemies":"Spheric Guardian","floor":18,"turns":6},{"damage":5,"enemies":"Shell Parasite","floor":19,"turns":4},{"damage":13,"enemies":"Slavers","floor":23,"turns":10},{"damage":5,"enemies":"Book of Stabbing","floor":25,"turns":10},{"damage":0,"enemies":"Snake Plant","floor":30,"turns":5},{"damage":28,"enemies":"Slavers","floor":31,"turns":7},{"damage":13,"enemies":"Automaton","floor":33,"turns":11},{"damage":7,"enemies":"3 Darklings","floor":35,"turns":6},{"damage":1,"enemies":"3 Shapes","floor":36,"turns":8},{"damage":0,"enemies":"Sphere and 2 Shapes","floor":38,"turns":5},{"damage":4,"enemies":"3 Darklings","floor":45,"turns":12},{"damage":0,"enemies":"Transient","floor":46,"turns":5},{"damage":15,"enemies":"4 Shapes","floor":47,"turns":7},{"damage":19,"enemies":"Time Eater","floor":50,"turns":19}],"seed_played":"-8479678625934798422","potions_obtained":[{"floor":1.0,"key":"EssenceOfSteel"},{"floor":6.0,"key":"Dexterity Potion"},{"floor":10.0,"key":"SpeedPotion"},{"floor":23,"key":"EssenceOfSteel"},{"floor":25,"key":"Dexterity Potion"},{"floor":31,"key":"Explosive Potion"}],"is_trial":false,"path_per_floor":["M","?","M","M","M","E","R","M","T","M","M","$","$","E","R","B",null,"M","M","$","?","$","E","R","E","T","?","R","?","M","E","R","B",null,"M","M","?","M","$","R","?","R","T","R","M","M","M","$","R","B",null],"character_chosen":"DEFECT","items_purchased":["BootSequence","Sunder","Coolheaded","Self Repair+1","Lantern","Medical Kit","Block Potion","Capacitor+1"],"campfire_rested":2,"item_purchase_floors":[13,13,22,39,39,39,39,48],"current_hp_per_floor":[63,63,62,55,49,33,33,21,21,9,6,6,6,6,28,23,69,59,54,54,54,54,41,41,36,36,36,36,36,38,12,36,25,68,63,64,59,61,61,61,61,61,61,61,79,82,82,82,82,73],"gold":4,"neow_bonus":"RANDOM_COMMON_RELIC","is_prod":false,"is_daily":false,"chose_seed":false,"campfire_upgraded":7,"win_rate":0,"timestamp":1553649089,"path_taken":["M","?","?","M","M","E","R","M","T","M","M","?","$","E","R","BOSS","M","M","$","?","$","E","R","E","T","?","R","?","?","E","R","BOSS","M","M","?","M","$","R","?","R","T","R","M","M","?","$","R","BOSS"],"build_version":"2019-01-23","purchased_purges":5,"victory":true,"max_hp_per_floor":[75,75,75,75,75,75,75,75,75,75,75,75,75,75,75,75,82,82,82,82,82,82,82,82,82,82,82,82,82,82,82,82,82,82,82,82,82,82,82,82,82,82,82,82,82,82,82,82,82,82],"card_choices":[{"not_picked":["Aggregate","Compile Driver"],"picked":"White Noise","floor":1.0},{"not_picked":["Gash","Coolheaded"],"picked":"Cold Snap","floor":3.0},{"not_picked":["Rebound","Skim"],"picked":"Coolheaded","floor":4.0},{"not_picked":["Redo","Turbo"],"picked":"Capacitor","floor":5.0},{"not_picked":["Reboot","Redo"],"picked":"Barrage","floor":6.0},{"not_picked":["Leap","Melter"],"picked":"Cold Snap","floor":8.0},{"not_picked":["Go for the Eyes","Coolheaded","Rip and Tear"],"picked":"Glacier","floor":10.0},{"not_picked":["Rebound","Steam","Conserve Battery"],"picked":"Glacier","floor":11.0},{"not_picked":["Stack","Chaos","Recycle"],"picked":"Hello World","floor":14.0},{"not_picked":["Hyperbeam","Seek","Core Surge"],"picked":"Biased Cognition","floor":16.0},{"not_picked":["Cold Snap","Leap","Lockon","Barrage"],"picked":"SKIP","floor":18},{"not_picked":["Beam Cell","Streamline+1","Steam+1"],"picked":"Core Surge","floor":19},{"not_picked":["Scrape","Storm","Machine Learning"],"picked":"Genetic Algorithm","floor":23},{"not_picked":["Force Field","Sweeping Beam","Coolheaded"],"picked":"Ball Lightning","floor":25},{"not_picked":["Conserve Battery","Leap","Rebound"],"picked":"Go for the Eyes+1","floor":30},{"not_picked":["BootSequence","Turbo","Static Discharge+1"],"picked":"Echo Form+1","floor":31},{"not_picked":["Amplify","Thunder Strike","Machine Learning+1"],"picked":"Seek","floor":33},{"not_picked":["Reinforced Body","Barrage","Leap+1"],"picked":"Recycle","floor":35},{"not_picked":["Compile Driver+1","Coolheaded","Reinforced Body+1"],"picked":"Hologram","floor":36},{"not_picked":["Panache+1","Deep Breath","Violence"],"picked":"The Bomb","floor":37},{"not_picked":["Hologram","White Noise","Redo"],"picked":"Double Energy+1","floor":38},{"not_picked":["Reprogram","Stack","Barrage","Leap"],"picked":"SKIP","floor":45},{"not_picked":["Sweeping Beam","Gash","Stack"],"picked":"Coolheaded","floor":46},{"not_picked":["Streamline","Undo","Steam","Double Energy"],"picked":"SKIP","floor":47}],"player_experience":676018,"relics_obtained":[{"floor":6.0,"key":"Pocketwatch"},{"floor":9.0,"key":"Question Card"},{"floor":14.0,"key":"Smiling Mask"},{"floor":17.0,"key":"Strawberry"},{"floor":17.0,"key":"Cables"},{"floor":17.0,"key":"Dead Branch"},{"floor":23,"key":"Gremlin Horn"},{"floor":25,"key":"Blood Vial"},{"floor":26,"key":"Tiny Chest"},{"floor":31,"key":"Pen Nib"},{"floor":43,"key":"Thread and Needle"}],"event_choices":[{"damage_healed":0.0,"max_hp_gain":0.0,"max_hp_loss":0.0,"gold_gain":100.0,"event_name":"Golden Shrine","player_choice":"Pray","floor":2.0,"gold_loss":0.0,"damage_taken":0.0},{"damage_healed":0,"gold_gain":0,"player_choice":"Read","damage_taken":0,"max_hp_gain":0,"max_hp_loss":0,"event_name":"The Library","floor":21,"gold_loss":0,"cards_obtained":["Doom and Gloom"]},{"damage_healed":0,"gold_gain":0,"player_choice":"Stole Relic","damage_taken":0,"relics_obtained":["Frozen Egg 2"],"max_hp_gain":0,"max_hp_loss":0,"event_name":"Addict","floor":27,"gold_loss":0,"cards_obtained":["Shame"]},{"damage_healed":0,"gold_gain":100,"player_choice":"Pray","damage_taken":0,"max_hp_gain":0,"max_hp_loss":0,"event_name":"Golden Shrine","floor":29,"gold_loss":0},{"damage_healed":0,"gold_gain":0,"player_choice":"Memory 2","damage_taken":5,"max_hp_gain":0,"max_hp_loss":0,"event_name":"SensoryStone","floor":37,"gold_loss":0},{"damage_healed":0,"gold_gain":0,"player_choice":"Copied","damage_taken":0,"max_hp_gain":0,"max_hp_loss":0,"event_name":"Duplicator","floor":41,"gold_loss":0,"cards_obtained":["Echo Form"]}],"is_beta":false,"boss_relics":[{"not_picked":["White Beast Statue","Lizard Tail"],"picked":"Calling Bell"},{"not_picked":["Philosopher\u0027s Stone","Eternal Feather"],"picked":"Snecko Eye"}],"items_purged_floors":[12,20,22,39,48],"is_endless":false,"potions_floor_spawned":[1,6,10,16,23,25,31,45],"ascension_level":12}