{"gold_per_floor":[112,112,24,42,42,71,89,124,148,148,183,258,258,258,258,333,333,352,370,370,370,420,420,453,465,555,584,596,623,648,687,699,789,801,832,844,856,305,323,323,323,335,335,335,383,383,383,383,383,383,383,383,383,89,120,120],"floor_reached":57,"playtime":3833,"items_purged":["Strike_G+1"],"score":2739,"play_id":"82cbb827-f5e9-4767-81b3-83a5e278bef9","local_time":"20190329182236","is_ascension_mode":true,"campfire_choices":[{"floor":10.0,"key":"REST"},{"data":"Bouncing Flask","floor":13.0,"key":"SMITH"},{"data":"Malaise","floor":15.0,"key":"SMITH"},{"data":"Well Laid Plans","floor":23.0,"key":"SMITH"},{"floor":25.0,"key":"REST"},{"floor":32.0,"key":"REST"},{"data":"Crippling Poison","floor":40.0,"key":"SMITH"},{"floor":44.0,"key":"REST"},{"floor":46.0,"key":"RECALL"},{"data":"Catalyst","floor":49.0,"key":"SMITH"},{"data":"Crippling Poison","floor":53.0,"key":"SMITH"}],"neow_cost":"NONE","seed_source_timestamp":0,"circlet_count":0,"master_deck":["AscendersBane","Defend_G+1","Defend_G+1","Defend_G+1","Defend_G+1","Defend_G+1","Strike_G+1","Survivor+1","Neutralize","Dash","Bouncing Flask+1","Malaise+1","Cloak And Dagger","Well Laid Plans+1","Die Die Die","Caltrops+1","Riddle With Holes+1","Burst+1","Crippling Poison+1","Backflip","PiercingWail+1","Acrobatics","PanicButton","Finesse","Crippling Poison+1","Catalyst+1","Noxious Fumes","PiercingWail+1"],"special_seed":0,"relics":["Ring of the Snake","NeowsBlessing","Orichalcum","FaceOfCleric","Potion Belt","Darkstone Periapt","Juzu Bracelet","Strawberry","Astrolabe","MawBank","Pantograph","Bag of Preparation","Sozu","Ice Cream","Happy Flower","FossilizedHelix","War Paint","Lantern"],"potions_floor_usage":[55],"damage_taken":[{"damage":0.0,"enemies":"Small Slimes","floor":1.0,"turns":2.0},{"damage":0.0,"enemies":"Cultist","floor":4.0,"turns":1.0},{"damage":0.0,"enemies":"3 Sentries","floor":6.0,"turns":1.0},{"damage":2.0,"enemies":"2 Louse","floor":7.0,"turns":3.0},{"damage":16.0,"enemies":"Lagavulin","floor":8.0,"turns":5.0},{"damage":9.0,"enemies":"3 Sentries","floor":11.0,"turns":7.0},{"damage":11.0,"enemies":"Hexaghost","floor":16.0,"turns":10.0},{"damage":5.0,"enemies":"Spheric Guardian","floor":18.0,"turns":5.0},{"damage":11.0,"enemies":"3 Byrds","floor":19.0,"turns":3.0},{"damage":30.0,"enemies":"Gremlin Leader","floor":24.0,"turns":8.0},{"damage":2.0,"enemies":"Snake Plant","floor":27.0,"turns":4.0},{"damage":19.0,"enemies":"Shelled Parasite and Fungi","floor":29.0,"turns":9.0},{"damage":10.0,"enemies":"Cultist and Chosen","floor":30.0,"turns":7.0},{"damage":53.0,"enemies":"Collector","floor":33.0,"turns":10.0},{"damage":0.0,"enemies":"Orb Walker","floor":35.0,"turns":3.0},{"damage":5.0,"enemies":"3 Shapes","floor":39.0,"turns":4.0},{"damage":16.0,"enemies":"Spire Growth","floor":42.0,"turns":6.0},{"damage":16.0,"enemies":"2 Orb Walkers","floor":45.0,"turns":4.0},{"damage":0.0,"enemies":"Time Eater","floor":50.0,"turns":9.0},{"damage":73.0,"enemies":"Awakened One","floor":51.0,"turns":13.0},{"damage":20,"enemies":"Shield and Spear","floor":55,"turns":8},{"damage":23,"enemies":"The Heart","floor":56,"turns":9}],"seed_played":"-3521195957710508225","potions_obtained":[{"floor":1.0,"key":"Explosive Potion"},{"floor":6.0,"key":"Block Potion"},{"floor":7.0,"key":"Swift Potion"},{"floor":11.0,"key":"Block Potion"},{"floor":24.0,"key":"SteroidPotion"},{"floor":27.0,"key":"Ancient Potion"},{"floor":33.0,"key":"FairyPotion"}],"is_trial":false,"path_per_floor":["M","?","$","M","?","E","M","E","T","R","E","?","R","?","R","B",null,"M","M","?","?","?","R","E","R","T","M","?","M","M","T","R","B",null,"M","?","?","$","M","R","?","M","T","R","?","R","?","?","R","B","B",null,"R","$","E","B",null],"character_chosen":"THE_SILENT","items_purchased":["Dash","Ice Cream","Happy Flower","Noxious Fumes","PiercingWail","War Paint"],"campfire_rested":4,"item_purchase_floors":[3,38,38,54,54,54],"current_hp_per_floor":[59,48,48,48,48,49,48,33,33,53,52,41,41,41,41,31,66,62,52,52,52,52,52,23,47,47,46,46,28,19,19,44,17,68,69,64,64,64,60,60,60,45,45,71,56,56,56,56,56,82,14,69,69,69,50,53],"gold":120,"neow_bonus":"THREE_ENEMY_KILL","is_prod":false,"is_daily":false,"chose_seed":false,"campfire_upgraded":6,"win_rate":0,"timestamp":1553898156,"path_taken":["M","?","$","M","?","E","M","E","T","R","E","?","R","?","R","BOSS","M","M","?","?","?","R","E","R","T","M","?","M","M","?","R","BOSS","M","?","?","$","M","R","?","M","T","R","?","R","?","?","R","BOSS","BOSS","R","$","E","BOSS"],"build_version":"2019-01-23","purchased_purges":1,"victory":true,"max_hp_per_floor":[66,66,66,66,66,67,68,69,69,69,77,77,77,77,77,78,78,79,80,80,80,80,80,81,81,81,82,82,83,84,84,84,85,85,86,86,86,86,87,87,87,88,88,88,89,89,85,85,85,86,87,87,87,87,88,89],"card_choices":[{"not_picked":["Setup","Leg Sweep"],"picked":"Predator","floor":1.0},{"not_picked":["Acrobatics","Catalyst"],"picked":"Bouncing Flask","floor":4.0},{"not_picked":["Finisher","Skewer"],"picked":"Malaise","floor":6.0},{"not_picked":["Catalyst","Prepared"],"picked":"Cloak And Dagger","floor":7.0},{"not_picked":["Prepared","Leg Sweep"],"picked":"Well Laid Plans","floor":8.0},{"not_picked":["Deflect","Outmaneuver","Slice"],"picked":"SKIP","floor":11.0},{"not_picked":["Phantasmal Killer","Tools of the Trade"],"picked":"Die Die Die","floor":16.0},{"not_picked":["Distraction","Expertise","Dagger Throw"],"picked":"SKIP","floor":18.0},{"not_picked":["Masterful Stab","Slice"],"picked":"Crippling Poison","floor":19.0},{"not_picked":["Dagger Throw","Flying Knee","Well Laid Plans"],"picked":"SKIP","floor":24.0},{"not_picked":["Catalyst","Outmaneuver"],"picked":"Backflip","floor":27.0},{"not_picked":["Underhanded Strike","Backflip"],"picked":"PiercingWail+1","floor":29.0},{"not_picked":["Caltrops","Expertise","Backflip"],"picked":"SKIP","floor":30.0},{"not_picked":["Quick Slash","Choke"],"picked":"Acrobatics","floor":35.0},{"not_picked":["Deep Breath","Good Instincts"],"picked":"PanicButton","floor":36.0},{"not_picked":["Purity","Trip"],"picked":"Finesse","floor":36.0},{"not_picked":["Prepared","Outmaneuver"],"picked":"Crippling Poison","floor":39.0},{"not_picked":["Dagger Throw","Reflex"],"picked":"Catalyst","floor":42.0},{"not_picked":["Reflex","Bane"],"picked":"Dagger Throw+1","floor":45.0},{"not_picked":["Quick Slash","Accuracy","Noxious Fumes"],"picked":"SKIP","floor":55}],"player_experience":718648,"relics_obtained":[{"floor":6.0,"key":"Potion Belt"},{"floor":8.0,"key":"Darkstone Periapt"},{"floor":9.0,"key":"Juzu Bracelet"},{"floor":11.0,"key":"Strawberry"},{"floor":24.0,"key":"MawBank"},{"floor":26.0,"key":"Pantograph"},{"floor":31.0,"key":"Bag of Preparation"},{"floor":45.0,"key":"FossilizedHelix"},{"floor":55,"key":"Lantern"}],"event_choices":[{"damage_healed":0.0,"max_hp_gain":0.0,"max_hp_loss":0.0,"gold_gain":0.0,"event_name":"Scrap Ooze","player_choice":"Success","floor":2.0,"gold_loss":0.0,"damage_taken":11.0,"relics_obtained":["Orichalcum"]},{"damage_healed":0.0,"max_hp_gain":0.0,"max_hp_loss":0.0,"gold_gain":0.0,"event_name":"FaceTrader","player_choice":"Trade","floor":5.0,"gold_loss":0.0,"damage_taken":0.0,"relics_obtained":["FaceOfCleric"]},{"damage_healed":0.0,"max_hp_gain":0.0,"max_hp_loss":0.0,"gold_gain":75.0,"event_name":"World of Goop","player_choice":"Gather Gold","floor":12.0,"gold_loss":0.0,"damage_taken":11.0},{"damage_healed":0.0,"max_hp_gain":0.0,"max_hp_loss":0.0,"gold_gain":0.0,"event_name":"Dead Adventurer","player_choice":"Searched \u00270\u0027 times","floor":14.0,"gold_loss":0.0,"damage_taken":0.0},{"damage_healed":0.0,"max_hp_gain":0.0,"max_hp_loss":0.0,"gold_gain":0.0,"event_name":"Ghosts","player_choice":"Ignored","floor":20.0,"gold_loss":0.0,"damage_taken":0.0},{"damage_healed":0.0,"max_hp_gain":0.0,"max_hp_loss":0.0,"gold_gain":0.0,"event_name":"Back to Basics","player_choice":"Simplicity","floor":21.0,"gold_loss":0.0,"damage_taken":0.0,"cards_upgraded":["Defend_G","Defend_G","Defend_G","Defend_G","Defend_G","Strike_G","Strike_G"]},{"damage_healed":0.0,"max_hp_gain":0.0,"max_hp_loss":0.0,"gold_gain":100.0,"event_name":"The Joust","player_choice":"Bet on Murderer","floor":22.0,"gold_loss":50.0,"damage_taken":0.0},{"damage_healed":0.0,"max_hp_gain":0.0,"max_hp_loss":0.0,"gold_gain":0.0,"event_name":"The Mausoleum","player_choice":"Ignored","floor":28.0,"gold_loss":0.0,"damage_taken":0.0},{"damage_healed":0.0,"max_hp_gain":0.0,"max_hp_loss":0.0,"gold_gain":0.0,"event_name":"SensoryStone","player_choice":"Memory 2","floor":36.0,"gold_loss":0.0,"damage_taken":5.0},{"damage_healed":0.0,"max_hp_gain":0.0,"max_hp_loss":0.0,"gold_gain":0.0,"event_name":"Tomb of Lord Red Mask","player_choice":"Ignored","floor":37.0,"gold_loss":0.0,"damage_taken":0.0},{"cards_removed":["Predator"],"damage_healed":0.0,"max_hp_gain":0.0,"max_hp_loss":0.0,"gold_gain":0.0,"event_name":"Purifier","player_choice":"Purged","floor":41.0,"gold_loss":0.0,"damage_taken":0.0},{"damage_healed":0.0,"max_hp_gain":0.0,"max_hp_loss":0.0,"gold_gain":0.0,"event_name":"Mysterious Sphere","player_choice":"Fight","floor":45.0,"gold_loss":0.0,"damage_taken":0.0},{"damage_healed":0.0,"max_hp_gain":0.0,"max_hp_loss":4.0,"gold_gain":0.0,"event_name":"Winding Halls","player_choice":"Max HP","floor":47.0,"gold_loss":0.0,"damage_taken":0.0},{"cards_removed":["Dagger Throw"],"damage_healed":0.0,"max_hp_gain":0.0,"max_hp_loss":0.0,"gold_gain":0.0,"event_name":"Falling","player_choice":"Removed Attack","floor":48.0,"gold_loss":0.0,"damage_taken":0.0}],"is_beta":false,"boss_relics":[{"not_picked":["Busted Crown","Pandora\u0027s Box"],"picked":"Astrolabe"},{"not_picked":["Black Star","Eternal Feather"],"picked":"Sozu"}],"items_purged_floors":[38],"is_endless":false,"potions_floor_spawned":[1,6,7,11,24,27,33,45],"ascension_level":20}