{"gold_per_floor":[117,117,134,134,147,172,172,198,246,246,246,98,124,143,143,242,242,256,66,66,82,92,92,118,118,118,118,151,76,89,89,89,187,187,199,199,199,35,47,47,67,67,119,129,129,129,146,163,163,163],"floor_reached":51,"playtime":3557,"items_purged":["Strike_G","Strike_G"],"score":995,"play_id":"c4ff167d-d0df-4075-b28e-33e471ebd82e","local_time":"20190722131814","is_ascension_mode":true,"campfire_choices":[{"data":"All Out Attack","floor":7,"key":"SMITH"},{"floor":11,"key":"REST"},{"data":"Caltrops","floor":15,"key":"SMITH"},{"data":"Footwork","floor":23,"key":"SMITH"},{"data":"Tactician","floor":25,"key":"SMITH"},{"data":"Acrobatics","floor":27,"key":"SMITH"},{"floor":32,"key":"REST"},{"data":"Tools of the Trade","floor":40,"key":"SMITH"},{"data":"Phantasmal Killer","floor":42,"key":"SMITH"},{"data":"Well Laid Plans","floor":45,"key":"SMITH"},{"floor":49,"key":"REST"}],"neow_cost":"NONE","seed_source_timestamp":78702638669600,"circlet_count":0,"master_deck":["Defend_G+1","Defend_G+1","Defend_G+1","Survivor","Neutralize+1","Flying Knee+1","Backstab+1","Deflect","All Out Attack+1","Caltrops+1","Acrobatics+1","Adrenaline","Acrobatics","Tactician+1","Well Laid Plans+1","Footwork+1","Deflect+1","Terror","Underhanded Strike","Dodge and Roll","Phantasmal Killer+1","Acrobatics+1","Tools of the Trade+1","Reflex+1","Outmaneuver+1","Tactician+1","Backflip"],"relics":["Ring of the Snake","NeowsBlessing","Juzu Bracelet","Odd Mushroom","Lantern","Ninja Scroll","Bottled Tornado","Empty Cage","Bronze Scales","Incense Burner","Peace Pipe","Lizard Tail","Whetstone"],"potions_floor_usage":[6,13,16,16,18,30,30,33,47,50],"damage_taken":[{"damage":0,"enemies":"Small Slimes","floor":1,"turns":1},{"damage":0,"enemies":"Cultist","floor":3,"turns":1},{"damage":0,"enemies":"2 Louse","floor":5,"turns":1},{"damage":38,"enemies":"Gremlin Nob","floor":6,"turns":6},{"damage":24,"enemies":"The Mushroom Lair","floor":8,"turns":5},{"damage":34,"enemies":"Lagavulin","floor":13,"turns":7},{"damage":0,"enemies":"Blue Slaver","floor":14,"turns":3},{"damage":1,"enemies":"Hexaghost","floor":16,"turns":9},{"damage":0,"enemies":"Spheric Guardian","floor":18,"turns":3},{"damage":8,"enemies":"2 Thieves","floor":21,"turns":4},{"damage":2,"enemies":"Centurion and Healer","floor":22,"turns":8},{"damage":19,"enemies":"Slavers","floor":24,"turns":5},{"damage":24,"enemies":"Book of Stabbing","floor":28,"turns":5},{"damage":1,"enemies":"Snake Plant","floor":30,"turns":2},{"damage":2,"enemies":"Champ","floor":33,"turns":14},{"damage":0,"enemies":"3 Darklings","floor":35,"turns":5},{"damage":6,"enemies":"3 Shapes","floor":39,"turns":5},{"damage":4,"enemies":"Spire Growth","floor":41,"turns":5},{"damage":0,"enemies":"Sphere and 2 Shapes","floor":44,"turns":4},{"damage":5,"enemies":"Writhing Mass","floor":47,"turns":7},{"damage":21,"enemies":"Spire Growth","floor":48,"turns":6},{"damage":0,"enemies":"Awakened One","floor":50,"turns":9}],"seed_played":"2333075643294903933","potions_obtained":[{"floor":3,"key":"Regen Potion"},{"floor":8,"key":"Regen Potion"},{"floor":13,"key":"Regen Potion"},{"floor":14,"key":"LiquidBronze"},{"floor":24,"key":"Energy Potion"},{"floor":28,"key":"EntropicBrew"},{"floor":39,"key":"Swift Potion"},{"floor":48,"key":"Dexterity Potion"}],"is_trial":false,"path_per_floor":["M","?","M","?","M","E","R","?","T","T","R","$","E","M","R","B",null,"M","$","?","M","M","R","E","R","T","R","E","?","M","?","R","B",null,"M","?","?","$","M","R","M","R","T","M","R","?","M","M","R","B",null],"character_chosen":"THE_SILENT","items_purchased":["GhostInAJar","Acrobatics","Tactician","Tools of the Trade"],"campfire_rested":3,"item_purchase_floors":[12,19,19,38],"current_hp_per_floor":[63,63,63,63,63,39,39,15,15,15,36,36,17,17,17,31,60,60,60,60,52,50,50,31,31,31,31,7,7,6,6,27,25,59,59,59,59,59,53,53,49,49,49,49,49,49,44,23,42,42],"gold":163,"neow_bonus":"THREE_ENEMY_KILL","is_prod":false,"is_daily":false,"chose_seed":false,"campfire_upgraded":8,"win_rate":0,"timestamp":1563815894,"path_taken":["M","?","?","?","M","E","R","?","T","?","R","$","E","M","R","BOSS","M","$","?","M","M","R","E","R","T","R","E","?","M","?","R","BOSS","M","?","?","$","M","R","M","R","T","M","R","?","M","M","R","BOSS"],"build_version":"2019-07-17","purchased_purges":2,"victory":true,"max_hp_per_floor":[70,70,70,70,70,70,70,70,70,70,70,70,70,70,70,70,70,70,70,70,70,70,70,70,70,70,70,70,70,70,70,70,70,70,70,70,70,70,70,70,70,70,70,70,70,66,66,66,66,66],"card_choices":[{"not_picked":["Slice","PiercingWail"],"picked":"Flying Knee","floor":1},{"not_picked":["Underhanded Strike","Dagger Throw"],"picked":"Backstab","floor":3},{"not_picked":["Deadly Poison","Prepared"],"picked":"Deflect","floor":5},{"not_picked":["Underhanded Strike","Prepared"],"picked":"All Out Attack","floor":6},{"not_picked":["Prepared","Blur"],"picked":"Caltrops","floor":8},{"not_picked":["Wraith Form v2","Doppelganger"],"picked":"Acrobatics","floor":13},{"not_picked":["Concentrate","Slice","Crippling Poison"],"picked":"SKIP","floor":14},{"not_picked":["Die Die Die","Night Terror"],"picked":"Adrenaline","floor":16},{"not_picked":["Blade Dance","Choke","Skewer"],"picked":"SKIP","floor":18},{"not_picked":["Dodge and Roll+1","Quick Slash+1"],"picked":"Footwork","floor":21},{"not_picked":["Slice","Doppelganger"],"picked":"Deflect+1","floor":22},{"not_picked":["Bouncing Flask","Heel Hook+1"],"picked":"Terror","floor":24},{"not_picked":["Heel Hook","Dagger Throw"],"picked":"Underhanded Strike","floor":28},{"not_picked":["Bouncing Flask","Deadly Poison"],"picked":"Dodge and Roll","floor":30},{"not_picked":["Envenom","Venomology"],"picked":"Phantasmal Killer","floor":33},{"not_picked":["Outmaneuver+1","Bane+1"],"picked":"Acrobatics+1","floor":35},{"not_picked":["Dodge and Roll+1","Deflect"],"picked":"Reflex+1","floor":39},{"not_picked":["Bane+1","Dagger Spray"],"picked":"Outmaneuver+1","floor":41},{"not_picked":["Acrobatics","Night Terror"],"picked":"Tactician+1","floor":44},{"not_picked":["Outmaneuver+1","Cloak And Dagger+1","Deadly Poison"],"picked":"SKIP","floor":47},{"not_picked":["Reflex","Concentrate+1"],"picked":"Backflip","floor":48}],"player_experience":481938,"relics_obtained":[{"floor":6,"key":"Juzu Bracelet"},{"floor":8,"key":"Odd Mushroom"},{"floor":9,"key":"Lantern"},{"floor":10,"key":"Ninja Scroll"},{"floor":13,"key":"Bottled Tornado"},{"floor":24,"key":"Bronze Scales"},{"floor":26,"key":"Incense Burner"},{"floor":28,"key":"Peace Pipe"},{"floor":43,"key":"Whetstone"}],"event_choices":[{"cards_removed":["Strike_G"],"damage_healed":0,"gold_gain":0,"player_choice":"Purged","damage_taken":0,"max_hp_gain":0,"max_hp_loss":0,"event_name":"Purifier","floor":2,"gold_loss":0},{"damage_healed":0,"gold_gain":0,"player_choice":"Grow","damage_taken":0,"max_hp_gain":0,"max_hp_loss":0,"event_name":"Living Wall","floor":4,"gold_loss":0,"cards_upgraded":["Neutralize"]},{"damage_healed":0,"gold_gain":0,"player_choice":"Fought Mushrooms","damage_taken":0,"max_hp_gain":0,"max_hp_loss":0,"event_name":"Mushrooms","floor":8,"gold_loss":0},{"damage_healed":0,"gold_gain":0,"player_choice":"Read","damage_taken":0,"max_hp_gain":0,"max_hp_loss":0,"event_name":"The Library","floor":20,"gold_loss":0,"cards_obtained":["Well Laid Plans"]},{"cards_removed":["Strike_G"],"damage_healed":0,"gold_gain":0,"player_choice":"Gave Gold","damage_taken":0,"max_hp_gain":0,"max_hp_loss":0,"event_name":"Beggar","floor":29,"gold_loss":75},{"damage_healed":0,"gold_gain":0,"player_choice":"Simplicity","damage_taken":0,"max_hp_gain":0,"max_hp_loss":0,"event_name":"Back to Basics","floor":31,"gold_loss":0,"cards_upgraded":["Defend_G","Defend_G","Defend_G","Defend_G"]},{"cards_removed":["Defend_G"],"damage_healed":0,"gold_gain":0,"player_choice":"Purged","damage_taken":0,"max_hp_gain":0,"max_hp_loss":0,"event_name":"Purifier","floor":36,"gold_loss":0},{"damage_healed":0,"gold_gain":0,"player_choice":"Memory 1","damage_taken":0,"max_hp_gain":0,"max_hp_loss":0,"event_name":"SensoryStone","floor":37,"gold_loss":0},{"damage_healed":0,"gold_gain":0,"player_choice":"Max HP","damage_taken":0,"max_hp_gain":0,"max_hp_loss":4,"event_name":"Winding Halls","floor":46,"gold_loss":0}],"is_beta":false,"boss_relics":[{"not_picked":["Runic Dome","Velvet Choker"],"picked":"Empty Cage"},{"not_picked":["Fusion Hammer","Astrolabe"],"picked":"Lizard Tail"}],"items_purged_floors":[12,19],"is_endless":false,"potions_floor_spawned":[3,8,13,14,24,28,39,48],"ascension_level":8}