{"gold_per_floor":[216,235,235,43,61,90,90,125,125,140,169,190,190,208,208,303,303,319,25,25,125,125,125,125,125,152,152,187,201,201,212,212,316,316,332,332,1331,2,2,2,30,30,56,75,94,94,108,9,9,9],"floor_reached":51,"playtime":4516,"items_purged":[],"score":1199,"play_id":"32eb877e-b6ec-48b4-95d9-93028a025bb7","local_time":"20190320184919","is_ascension_mode":true,"campfire_choices":[{"data":"Zap","floor":13,"key":"SMITH"},{"data":"Creative AI","floor":15,"key":"SMITH"},{"data":"Hyperbeam","floor":23,"key":"SMITH"},{"data":"Consume","floor":25,"key":"SMITH"},{"data":"Capacitor","floor":27,"key":"SMITH"},{"data":"Go for the Eyes","floor":30,"key":"SMITH"},{"data":"Lockon","floor":32,"key":"SMITH"},{"data":"Conserve Battery","floor":40,"key":"SMITH"},{"data":"Hologram","floor":42,"key":"SMITH"},{"data":"Glacier","floor":46,"key":"SMITH"},{"data":"Good Instincts","floor":49,"key":"SMITH"}],"neow_cost":"NONE","seed_source_timestamp":69859450181040,"circlet_count":0,"master_deck":["AscendersBane","Strike_B","Strike_B","Defend_B","Defend_B","Defend_B","Defend_B+1","Zap+1","Dualcast+1","FTL+1","Capacitor+1","Self Repair","Consume+1","Lockon+1","Glacier+1","BootSequence","Cold Snap+1","Creative AI+1","Hyperbeam+1","Stack+1","Hologram+1","Compile Driver","Static Discharge+1","Static Discharge+1","Melter","Go for the Eyes+1","Reboot","Buffer+1","Barrage+1","Conserve Battery+1","Sweeping Beam+1","Capacitor+1","Self Repair+1","Capacitor+1","Coolheaded+1","Darkness+1","Ball Lightning+1","Redo+1","Good Instincts+1"],"relics":["Cracked Core","Smiling Mask","Happy Flower","Unceasing Top","Juzu Bracelet","The Courier","Du-Vu Doll","Odd Mushroom","Runic Pyramid","Membership Card","Art of War","Oddly Smooth Stone","Calipers","Frozen Egg 2","Boot","Omamori","Coffee Dripper","Kunai","Vajra","Blue Candle","DataDisk","Anchor","Gremlin Horn","Strawberry","Incense Burner","Dead Branch","Molten Egg 2","Lantern","DollysMirror","PreservedInsect","Nunchaku","War Paint","Whetstone","Bag of Preparation"],"potions_floor_usage":[6,21,21,31],"damage_taken":[{"damage":0,"enemies":"2 Louse","floor":1,"turns":2},{"damage":7,"enemies":"Jaw Worm","floor":2,"turns":3},{"damage":1,"enemies":"Cultist","floor":5,"turns":3},{"damage":25,"enemies":"3 Sentries","floor":6,"turns":7},{"damage":20,"enemies":"Lagavulin","floor":8,"turns":7},{"damage":1,"enemies":"Looter","floor":10,"turns":4},{"damage":21,"enemies":"Gremlin Nob","floor":11,"turns":4},{"damage":14,"enemies":"The Mushroom Lair","floor":12,"turns":5},{"damage":0,"enemies":"Large Slime","floor":14,"turns":5},{"damage":34,"enemies":"The Guardian","floor":16,"turns":10},{"damage":2,"enemies":"Spheric Guardian","floor":18,"turns":9},{"damage":11,"enemies":"Colosseum Slavers","floor":21,"turns":4},{"damage":33,"enemies":"Colosseum Nobs","floor":21,"turns":5},{"damage":1,"enemies":"Book of Stabbing","floor":28,"turns":7},{"damage":15,"enemies":"2 Thieves","floor":29,"turns":3},{"damage":3,"enemies":"Snake Plant","floor":31,"turns":2},{"damage":40,"enemies":"Automaton","floor":33,"turns":9},{"damage":11,"enemies":"Orb Walker","floor":35,"turns":3},{"damage":1,"enemies":"Giant Head","floor":41,"turns":10},{"damage":0,"enemies":"3 Darklings","floor":44,"turns":6},{"damage":0,"enemies":"4 Shapes","floor":45,"turns":1},{"damage":0,"enemies":"Spire Growth","floor":47,"turns":6},{"damage":1,"enemies":"Awakened One","floor":50,"turns":16}],"seed_played":"-7804205544421569342","potions_obtained":[{"floor":1,"key":"Fire Potion"},{"floor":5,"key":"Swift Potion"},{"floor":11,"key":"SteroidPotion"},{"floor":16,"key":"AttackPotion"},{"floor":18,"key":"EssenceOfSteel"},{"floor":21,"key":"SpeedPotion"},{"floor":31,"key":"Energy Potion"},{"floor":33,"key":"SkillPotion"},{"floor":39,"key":"Regen Potion"}],"is_trial":false,"path_per_floor":["M","M","?","$","M","E","?","E","T","M","E","?","R","M","R","B",null,"M","$","?","?","?","R","?","R","T","R","E","M","R","M","R","B",null,"M","?","?","$","?","R","E","R","T","M","M","R","M","$","R","B",null],"character_chosen":"DEFECT","items_purchased":["Self Repair","Happy Flower","Membership Card","Art of War","Oddly Smooth Stone","Hologram","Conserve Battery","Kunai","Vajra","Blue Candle","DataDisk","Anchor","Gremlin Horn","Ancient Potion","Strawberry","Incense Burner","Dead Branch","Molten Egg 2","Lantern","Sweeping Beam+1","DollysMirror","PreservedInsect","Nunchaku","Self Repair+1","Capacitor+1","Bag of Preparation","Good Instincts"],"campfire_rested":0,"item_purchase_floors":[4,4,19,19,19,19,38,38,38,38,38,38,38,38,38,38,38,38,38,38,38,38,38,38,38,48,48],"current_hp_per_floor":[68,61,54,54,60,42,67,54,54,60,46,39,39,46,46,19,61,66,66,66,36,61,61,61,61,61,61,67,52,52,56,56,23,62,58,58,58,65,65,65,81,81,81,82,82,82,82,82,82,82],"gold":9,"neow_bonus":"HUNDRED_GOLD","is_prod":false,"is_daily":false,"chose_seed":false,"campfire_upgraded":11,"win_rate":0,"timestamp":1553107759,"path_taken":["M","M","?","$","M","E","?","E","T","M","E","?","R","M","R","BOSS","M","$","?","?","?","R","?","R","T","R","E","M","R","M","R","BOSS","M","?","?","$","?","R","E","R","T","M","M","R","M","$","R","BOSS"],"build_version":"2019-01-23","purchased_purges":0,"victory":true,"max_hp_per_floor":[75,75,75,75,75,75,75,75,75,75,75,75,75,75,75,75,75,75,75,75,75,75,75,75,75,75,75,75,75,75,75,75,75,75,75,75,75,82,82,82,82,82,82,82,82,82,82,82,82,82],"card_choices":[{"not_picked":["Beam Cell","Cold Snap"],"picked":"FTL","floor":1},{"not_picked":["Reinforced Body","Steam"],"picked":"Capacitor","floor":2},{"not_picked":["Chill","Steam"],"picked":"Consume","floor":5},{"not_picked":["Aggregate","Rip and Tear"],"picked":"Lockon","floor":6},{"not_picked":["Biased Cognition","Coolheaded"],"picked":"Glacier","floor":8},{"not_picked":["Streamline","Barrage"],"picked":"BootSequence","floor":10},{"not_picked":["Streamline","Machine Learning"],"picked":"Cold Snap","floor":11},{"not_picked":["Compile Driver","Redo"],"picked":"Creative AI","floor":14},{"not_picked":["Creative AI","Machine Learning"],"picked":"Hyperbeam","floor":16},{"not_picked":["Ball Lightning","Gash"],"picked":"Stack+1","floor":18},{"not_picked":["Leap","Cold Snap"],"picked":"Static Discharge","floor":21},{"not_picked":["Gash","Rebound+1"],"picked":"Go for the Eyes","floor":28},{"not_picked":["Leap","Blizzard"],"picked":"Reboot","floor":29},{"not_picked":["Rebound","Hologram"],"picked":"Static Discharge+1","floor":31},{"not_picked":["Reboot","All For One"],"picked":"Buffer+1","floor":33},{"not_picked":["Leap","Compile Driver+1"],"picked":"Barrage+1","floor":35},{"not_picked":["Defragment+1","Steam Power+1"],"picked":"Coolheaded+1","floor":41},{"not_picked":["Doom and Gloom+1","Heatsinks+1"],"picked":"Darkness+1","floor":44},{"not_picked":["Compile Driver+1","Conserve Battery"],"picked":"Ball Lightning+1","floor":45},{"not_picked":["Steam","Loop+1"],"picked":"Redo+1","floor":47}],"player_experience":655805,"relics_obtained":[{"floor":6,"key":"Unceasing Top"},{"floor":8,"key":"Juzu Bracelet"},{"floor":9,"key":"The Courier"},{"floor":11,"key":"Du-Vu Doll"},{"floor":12,"key":"Odd Mushroom"},{"floor":21,"key":"Calipers"},{"floor":21,"key":"Frozen Egg 2"},{"floor":26,"key":"Boot"},{"floor":28,"key":"Omamori"},{"floor":41,"key":"War Paint"},{"floor":43,"key":"Whetstone"}],"event_choices":[{"damage_healed":0,"gold_gain":0,"player_choice":"Success","damage_taken":7,"relics_obtained":["Smiling Mask"],"max_hp_gain":0,"max_hp_loss":0,"event_name":"Scrap Ooze","floor":3,"gold_loss":0},{"damage_healed":25,"gold_gain":0,"player_choice":"Banana","damage_taken":0,"max_hp_gain":0,"max_hp_loss":0,"event_name":"Big Fish","floor":7,"gold_loss":0},{"damage_healed":0,"gold_gain":0,"player_choice":"Fought Mushrooms","damage_taken":0,"max_hp_gain":0,"max_hp_loss":0,"event_name":"Mushrooms","floor":12,"gold_loss":0},{"damage_healed":0,"gold_gain":0,"player_choice":"1 cards matched","damage_taken":0,"max_hp_gain":0,"max_hp_loss":0,"event_name":"Match and Keep!","floor":20,"gold_loss":0,"cards_obtained":["Compile Driver"]},{"damage_healed":0,"gold_gain":0,"player_choice":"Fight","damage_taken":0,"max_hp_gain":0,"max_hp_loss":0,"event_name":"Colosseum","floor":21,"gold_loss":0},{"damage_healed":0,"gold_gain":0,"player_choice":"Fought Nobs","damage_taken":0,"max_hp_gain":0,"max_hp_loss":0,"event_name":"Colosseum","floor":21,"gold_loss":0},{"damage_healed":25,"gold_gain":0,"player_choice":"Heal","damage_taken":0,"max_hp_gain":0,"max_hp_loss":0,"event_name":"The Library","floor":22,"gold_loss":0},{"damage_healed":0,"gold_gain":0,"cards_transformed":["Strike_B","Strike_B"],"player_choice":"Became Test Subject","damage_taken":0,"max_hp_gain":0,"max_hp_loss":0,"event_name":"Drug Dealer","floor":24,"gold_loss":0,"cards_obtained":["Static Discharge","Melter"]},{"cards_removed":["Static Discharge"],"damage_healed":0,"gold_gain":0,"player_choice":"Removed Power","damage_taken":0,"max_hp_gain":0,"max_hp_loss":0,"event_name":"Falling","floor":36,"gold_loss":0},{"damage_healed":0,"gold_gain":999,"player_choice":"Gold","damage_taken":0,"max_hp_gain":0,"max_hp_loss":0,"event_name":"MindBloom","floor":37,"gold_loss":0,"cards_obtained":["Normality","Normality"]},{"damage_healed":0,"gold_gain":0,"player_choice":"Got Potions","damage_taken":0,"max_hp_gain":0,"max_hp_loss":0,"event_name":"Lab","floor":39,"gold_loss":0}],"is_beta":false,"boss_relics":[{"not_picked":["Cursed Key","Eternal Feather"],"picked":"Runic Pyramid"},{"not_picked":["Snecko Eye","Orrery"],"picked":"Coffee Dripper"}],"items_purged_floors":[],"is_endless":false,"potions_floor_spawned":[1,5,11,12,16,18,21,21,31,33,41],"ascension_level":11}