{"gold_per_floor":[112,122,8,8,20,20,48,48,48,78,96,110,135,135,135,206,206,218,237,152,65,76,76,105,105,105,105,124,143,156,167,167,241,241,257,270,319,203,203,203,203,203,203,213,137,148,64,77,77,77,77,77,77,77,107,107],"floor_reached":57,"playtime":4435,"items_purged":["Strike_B"],"score":2588,"play_id":"e9b5577e-b4c8-421f-b918-bacce8760db7","local_time":"20190224031212","is_ascension_mode":true,"campfire_choices":[{"data":"Zap","floor":6,"key":"SMITH"},{"data":"Chill","floor":8,"key":"SMITH"},{"floor":15,"key":"REST"},{"floor":23,"key":"REST"},{"floor":25,"key":"RECALL"},{"floor":27,"key":"REST"},{"floor":32,"key":"REST"},{"floor":40,"key":"REST"},{"floor":49,"key":"REST"},{"floor":53,"key":"REST"}],"neow_cost":"NONE","seed_source_timestamp":979645489621408,"circlet_count":0,"master_deck":["AscendersBane","Strike_B","Strike_B","Strike_B","Defend_B","Defend_B","Defend_B","Zap+1","Dualcast","Beam Cell","Chill+1","Doom and Gloom","Hologram","Electrodynamics","Auto Shields","Consume","Capacitor","Cold Snap","Capacitor","Seek","Compile Driver","Self Repair","Capacitor","Compile Driver","Go for the Eyes","Cold Snap","Reboot","Defragment","Coolheaded","Capacitor","Compile Driver","Glacier","Seek","White Noise","FTL","Defragment","Defragment+1","Glacier","Glacier","Consume"],"relics":["FrozenCore","NeowsBlessing","WingedGreaves","Bird Faced Urn","Dead Branch","Centennial Puzzle","Dream Catcher","Fusion Hammer","MawBank","Emotion Chip","Mercury Hourglass","Prayer Wheel","Vajra"],"potions_floor_usage":[16,24,46,56,56],"damage_taken":[{"damage":0,"enemies":"Cultist","floor":1,"turns":1},{"damage":0,"enemies":"Jaw Worm","floor":2,"turns":1},{"damage":0,"enemies":"Small Slimes","floor":5,"turns":1},{"damage":25,"enemies":"Lagavulin","floor":7,"turns":5},{"damage":1,"enemies":"3 Sentries","floor":10,"turns":3},{"damage":5,"enemies":"Blue Slaver","floor":11,"turns":2},{"damage":0,"enemies":"2 Fungi Beasts","floor":12,"turns":2},{"damage":25,"enemies":"Lagavulin","floor":13,"turns":6},{"damage":23,"enemies":"The Guardian","floor":16,"turns":9},{"damage":1,"enemies":"3 Byrds","floor":18,"turns":2},{"damage":18,"enemies":"2 Thieves","floor":19,"turns":2},{"damage":5,"enemies":"Centurion and Healer","floor":22,"turns":7},{"damage":13,"enemies":"Gremlin Leader","floor":24,"turns":7},{"damage":0,"enemies":"Chosen and Byrds","floor":28,"turns":3},{"damage":14,"enemies":"Snecko","floor":29,"turns":6},{"damage":10,"enemies":"Shelled Parasite and Fungi","floor":30,"turns":6},{"damage":0,"enemies":"3 Cultists","floor":31,"turns":3},{"damage":28,"enemies":"Automaton","floor":33,"turns":10},{"damage":0,"enemies":"3 Shapes","floor":35,"turns":4},{"damage":23,"enemies":"3 Darklings","floor":36,"turns":3},{"damage":49,"enemies":"2 Orb Walkers","floor":37,"turns":7},{"damage":15,"enemies":"Spire Growth","floor":44,"turns":9},{"damage":23,"enemies":"Transient","floor":46,"turns":6},{"damage":19,"enemies":"4 Shapes","floor":48,"turns":6},{"damage":9,"enemies":"Donu and Deca","floor":50,"turns":11},{"damage":15,"enemies":"Time Eater","floor":51,"turns":13},{"damage":35,"enemies":"Shield and Spear","floor":55,"turns":14},{"damage":56,"enemies":"The Heart","floor":56,"turns":13}],"seed_played":"-5478703278669613871","potions_obtained":[{"floor":2,"key":"FocusPotion"},{"floor":10,"key":"FocusPotion"},{"floor":16,"key":"GamblersBrew"},{"floor":24,"key":"LiquidBronze"},{"floor":28,"key":"Explosive Potion"},{"floor":31,"key":"Regen Potion"},{"floor":37,"key":"Weak Potion"}],"is_trial":false,"path_per_floor":["M","M","$","$","M","R","E","R","T","E","M","M","E","T","R","B",null,"M","M","?","$","M","R","E","R","T","R","M","M","M","M","R","B",null,"M","M","?","$","?","R","?","?","T","M","$","M","$","M","R","B","B",null,"R","$","E","B",null],"character_chosen":"DEFECT","items_purchased":["Chill","Doom and Gloom","Capacitor","Compile Driver","Defragment","Consume","FocusPotion"],"campfire_rested":7,"item_purchase_floors":[3,3,21,21,38,45,47],"current_hp_per_floor":[64,64,64,64,64,64,39,39,39,40,37,39,18,18,39,26,60,63,47,47,47,59,71,71,71,71,71,71,68,66,71,71,47,65,71,57,33,33,33,53,53,53,53,67,67,67,67,50,67,67,67,67,67,67,55,45],"gold":107,"neow_bonus":"THREE_ENEMY_KILL","is_prod":false,"is_daily":false,"chose_seed":false,"campfire_upgraded":2,"win_rate":0,"timestamp":1550995932,"path_taken":["M","?","?","$","?","R","E","R","T","E","M","M","E","?","R","BOSS","M","?","?","$","M","R","E","R","T","R","M","M","M","M","R","BOSS","M","M","?","$","?","R","?","?","T","?","?","M","$","M","R","BOSS","BOSS","R","$","E","BOSS"],"build_version":"2019-01-23","purchased_purges":1,"victory":true,"max_hp_per_floor":[71,71,71,71,71,71,71,71,71,71,71,71,71,71,71,71,71,71,71,71,71,71,71,71,71,71,71,71,71,71,71,71,71,71,71,71,71,71,67,67,67,67,67,67,67,67,67,67,67,67,67,67,67,67,67,67],"card_choices":[{"not_picked":["Gash","Redo","Conserve Battery"],"picked":"SKIP","floor":1},{"not_picked":["Streamline","Leap"],"picked":"Beam Cell","floor":2},{"not_picked":["Skim","Streamline"],"picked":"Hologram","floor":5},{"not_picked":["Streamline","Turbo"],"picked":"Electrodynamics","floor":7},{"not_picked":["Streamline","Redo"],"picked":"Auto Shields","floor":10},{"not_picked":["Redo","Aggregate"],"picked":"Consume","floor":11},{"not_picked":["Cold Snap","Fusion"],"picked":"Capacitor","floor":12},{"not_picked":["Steam Power","Heatsinks"],"picked":"Cold Snap","floor":13},{"not_picked":["Sweeping Beam","Compile Driver"],"picked":"Capacitor","floor":15},{"not_picked":["Thunder Strike","Fission"],"picked":"Seek","floor":16},{"not_picked":["Beam Cell","Aggregate"],"picked":"Compile Driver","floor":18},{"not_picked":["Turbo","Genetic Algorithm"],"picked":"Self Repair","floor":19},{"not_picked":["Turbo","Ball Lightning"],"picked":"Go for the Eyes","floor":22},{"not_picked":["Hologram","Consume"],"picked":"Cold Snap","floor":24},{"not_picked":["Conserve Battery","Compile Driver"],"picked":"Reboot","floor":27},{"not_picked":["Rip and Tear","Fusion"],"picked":"Defragment","floor":28},{"not_picked":["Gash","Reprogram"],"picked":"Coolheaded","floor":29},{"not_picked":["Coolheaded","Leap"],"picked":"Capacitor","floor":30},{"not_picked":["Barrage","Melter"],"picked":"Compile Driver","floor":31},{"not_picked":["Steam+1","Doom and Gloom"],"picked":"Glacier","floor":32},{"not_picked":["Multi-Cast","Thunder Strike"],"picked":"Seek","floor":33},{"not_picked":["Steam Power","Hologram"],"picked":"White Noise","floor":35},{"not_picked":["Storm","Beam Cell+1"],"picked":"FTL","floor":36},{"not_picked":["Fusion","Sunder+1"],"picked":"Defragment+1","floor":40},{"not_picked":["Hologram","Doom and Gloom"],"picked":"Glacier","floor":44},{"not_picked":["Ball Lightning","Blizzard"],"picked":"Glacier","floor":44},{"not_picked":["Gash","Turbo","Reprogram"],"picked":"SKIP","floor":46},{"not_picked":["Stack","Beam Cell","Ball Lightning"],"picked":"SKIP","floor":46},{"not_picked":["Reprogram+1","Sweeping Beam","Conserve Battery"],"picked":"SKIP","floor":48},{"not_picked":["Biased Cognition","Stack","Rebound"],"picked":"SKIP","floor":48},{"not_picked":["Streamline","Beam Cell+1","Sweeping Beam"],"picked":"SKIP","floor":55}],"player_experience":498413,"relics_obtained":[{"floor":7,"key":"WingedGreaves"},{"floor":9,"key":"Bird Faced Urn"},{"floor":10,"key":"Dead Branch"},{"floor":13,"key":"Centennial Puzzle"},{"floor":14,"key":"Dream Catcher"},{"floor":24,"key":"Emotion Chip"},{"floor":26,"key":"Mercury Hourglass"},{"floor":37,"key":"Prayer Wheel"},{"floor":55,"key":"Vajra"}],"event_choices":[{"damage_healed":0,"gold_gain":0,"player_choice":"Obtained Relic","damage_taken":0,"relics_obtained":["MawBank"],"max_hp_gain":0,"max_hp_loss":0,"event_name":"Addict","floor":20,"gold_loss":85},{"damage_healed":0,"gold_gain":0,"player_choice":"Fight","damage_taken":0,"max_hp_gain":0,"max_hp_loss":0,"event_name":"Mysterious Sphere","floor":37,"gold_loss":0},{"damage_healed":0,"gold_gain":0,"player_choice":"Max HP","damage_taken":0,"max_hp_gain":0,"max_hp_loss":4,"event_name":"Winding Halls","floor":39,"gold_loss":0},{"cards_removed":["Defend_B"],"damage_healed":0,"gold_gain":0,"player_choice":"Removed Skill","damage_taken":0,"max_hp_gain":0,"max_hp_loss":0,"event_name":"Falling","floor":41,"gold_loss":0},{"damage_healed":0,"gold_gain":0,"player_choice":"Got Potions","damage_taken":0,"max_hp_gain":0,"max_hp_loss":0,"event_name":"Lab","floor":42,"gold_loss":0}],"is_beta":false,"boss_relics":[{"not_picked":["Tiny House","Empty Cage"],"picked":"Fusion Hammer"},{"not_picked":["Snecko Eye","Runic Pyramid"],"picked":"FrozenCore"}],"items_purged_floors":[38],"is_endless":false,"potions_floor_spawned":[2,10,16,24,28,30,31,37,44,48,55],"ascension_level":20}