{"path_per_floor":["M","?","M","?","?","E","R","M","T","E","$","?","T","M","R","B",null,"M","T","?","M","M","E","?","$","T","M","M","M","M","M","R","B",null,"M","M","T","M","M","R","M","R","T","M","?","$","T","M","R","B"],"character_chosen":"IRONCLAD","items_purchased":["Armaments","Reaper","Heavy Blade","Whetstone","Metallicize"],"gold_per_floor":[111,111,124,124,74,102,102,116,184,209,162,162,216,229,229,330,330,341,367,367,382,400,433,433,4,28,48,65,78,98,111,111,213,213,226,241,241,259,272,272,289,289,289,304,304,130,156,173,173,173],"floor_reached":51,"campfire_rested":1,"playtime":7906,"current_hp_per_floor":[80,73,73,80,80,38,38,44,44,10,10,10,10,16,40,32,80,74,74,59,50,56,44,44,44,44,61,58,81,85,85,85,82,85,85,85,85,72,71,71,65,65,65,85,85,85,92,92,92,78],"items_purged":["Strike_R","Bash"],"gold":173,"play_id":"d6611134-322a-4f68-afd4-01e0700bca22","is_prod":false,"is_daily":false,"is_ascension_mode":false,"campfire_upgraded":5,"path_taken":["M","?","?","?","?","E","R","M","T","E","$","?","?","M","R","BOSS","M","?","?","M","?","E","?","$","T","?","M","M","?","M","R","BOSS","M","?","?","?","M","R","M","R","T","M","?","$","?","M","R","BOSS"],"build_version":"2018-02-01-PROD3","purchased_purges":3,"victory":true,"master_deck":["Strike_R","Strike_R","Strike_R+1","Defend_R","Defend_R+1","Defend_R+1","Battle Trance+1","Shockwave","Demon Form+1","Armaments+1","Double Tap+1","Battle Trance+1","Intimidate+1","Pommel Strike+1","Reaper+1","Heavy Blade","Clothesline","Barricade","Shockwave+1","Metallicize+1","Dropkick+1"],"max_hp_per_floor":[80,80,80,80,80,80,80,80,80,80,80,80,80,80,80,80,80,80,80,85,85,85,85,85,85,85,85,85,85,85,85,85,85,85,85,85,85,85,85,85,85,85,85,85,85,85,92,92,92,92],"relics":["Burning Blood","War Paint","Oddly Smooth Stone","Kunai","Lantern","Tiny Chest","Velvet Choker","Omamori","Orichalcum","Whetstone","Vajra","Runic Pyramid","Frozen Egg 2","Magic Flower","Strawberry"],"card_choices":[{"not_picked":["Pommel Strike","True Grit"],"picked":"Battle Trance"},{"not_picked":["Armaments","Inflame"],"picked":"Pommel Strike"},{"not_picked":["Pummel","Heavy Blade"],"picked":"Shockwave"},{"not_picked":["Cleave","Fiend Fire"],"picked":"Demon Form"},{"not_picked":["Dark Embrace","Offering"],"picked":"Double Tap"},{"not_picked":["Anger","Thunderclap"],"picked":"Battle Trance"},{"not_picked":["True Grit","Rage"],"picked":"Intimidate"},{"not_picked":["Spot Weakness","Flame Barrier"],"picked":"Clothesline"},{"not_picked":["Reaper","Berserk"],"picked":"Barricade"},{"not_picked":["True Grit","Heavy Blade"],"picked":"Shockwave"},{"not_picked":["Body Slam","Feel No Pain"],"picked":"Dropkick"}],"player_experience":78188,"potions_floor_usage":[10,10,14,16,31,41,48,50,50],"damage_taken":[{"damage":2,"enemies":"Small Slimes","floor":1,"turns":3},{"damage":6,"enemies":"Jaw Worm","floor":3,"turns":4},{"damage":48,"enemies":"Gremlin Nob","floor":6,"turns":5},{"damage":0,"enemies":"Cultist","floor":8,"turns":3},{"damage":40,"enemies":"Lagavulin","floor":10,"turns":7},{"damage":0,"enemies":"Lots of Slimes","floor":14,"turns":2},{"damage":14,"enemies":"The Guardian","floor":16,"turns":9},{"damage":12,"enemies":"Spheric Guardian","floor":18,"turns":5},{"damage":15,"enemies":"Shell Parasite","floor":21,"turns":5},{"damage":0,"enemies":"Snecko","floor":22,"turns":4},{"damage":18,"enemies":"Book of Stabbing","floor":23,"turns":6},{"damage":21,"enemies":"3 Cultists","floor":27,"turns":5},{"damage":9,"enemies":"Snake Plant","floor":28,"turns":3},{"damage":2,"enemies":"Snecko","floor":29,"turns":4},{"damage":0,"enemies":"Cultist and Chosen","floor":30,"turns":5},{"damage":12,"enemies":"Sentry and Sphere","floor":31,"turns":5},{"damage":9,"enemies":"Champ","floor":33,"turns":8},{"damage":18,"enemies":"3 Shapes","floor":35,"turns":7},{"damage":21,"enemies":"3 Darklings","floor":36,"turns":5},{"damage":45,"enemies":"Sphere and 2 Shapes","floor":38,"turns":7},{"damage":7,"enemies":"Maw","floor":39,"turns":7},{"damage":26,"enemies":"4 Shapes","floor":41,"turns":7},{"damage":30,"enemies":"3 Darklings","floor":44,"turns":5},{"damage":18,"enemies":"Maw","floor":48,"turns":8},{"damage":48,"enemies":"Donu and Deca","floor":50,"turns":7}],"event_choices":[{"event_name":"Golden Wing","player_choice":"Card Removal","floor":2,"damage_taken":0},{"event_name":"Wheel of Change","player_choice":"Full Heal","floor":4,"damage_taken":0},{"event_name":"The Cleric","player_choice":"Card Removal","floor":5,"damage_taken":0},{"event_name":"Upgrade Shrine","player_choice":"Upgraded","floor":12,"damage_taken":0},{"event_name":"Forgotten Altar","player_choice":"Shed Blood","floor":20,"damage_taken":0},{"event_name":"Duplicator","player_choice":"One dupe","floor":24,"damage_taken":0}],"boss_relics":[{"not_picked":["Philosopher\u0027s Stone","Black Blood"],"picked":"Velvet Choker"},{"not_picked":["Tiny House","Lizard Tail"],"picked":"Runic Pyramid"}],"potions_floor_spawned":[3,6,8,10,18,22,27,30,36,39,44],"seed_played":"7068867342117946728","ascension_level":0,"is_trial":false}