{"gold_per_floor":[115,128,128,128,147,177,177,19,19,54,70,102,102,117,117,194,194,212,32,32,44,63,63],"floor_reached":23,"playtime":1248,"items_purged":["Strike_G"],"score":447,"play_id":"8a56f026-6ed4-4919-9663-17b0b2558554","local_time":"20190717001758","is_ascension_mode":true,"campfire_choices":[{"floor":7.0,"key":"REST"},{"floor":13,"key":"REST"},{"data":"Footwork","floor":15,"key":"SMITH"}],"neow_cost":"NONE","seed_source_timestamp":524359590747179,"circlet_count":0,"master_deck":["AscendersBane","Strike_G+1","Strike_G","Strike_G","Strike_G","Defend_G","Defend_G","Defend_G+1","Defend_G","Defend_G","Survivor","Neutralize","Dagger Throw","Flying Knee","Quick Slash","Backstab","Footwork+1","Footwork","Well Laid Plans","Die Die Die+1","Crippling Poison","PiercingWail","Masterful Stab+1","Footwork","Backflip","Bouncing Flask","Dodge and Roll"],"special_seed":0,"relics":["Ring of the Snake","Singing Bowl","Regal Pillow","Molten Egg 2","Orrery","Nloth\u0027s Gift"],"potions_floor_usage":[16,21,22],"damage_taken":[{"damage":9.0,"enemies":"Cultist","floor":1.0,"turns":5.0},{"damage":2.0,"enemies":"Jaw Worm","floor":2.0,"turns":6.0},{"damage":0.0,"enemies":"2 Louse","floor":5.0,"turns":3.0},{"damage":26.0,"enemies":"Gremlin Nob","floor":6.0,"turns":4.0},{"damage":16.0,"enemies":"Lagavulin","floor":10.0,"turns":6.0},{"damage":0.0,"enemies":"Large Slime","floor":11.0,"turns":5.0},{"damage":19,"enemies":"Gremlin Nob","floor":12,"turns":4},{"damage":0,"enemies":"Red Slaver","floor":14,"turns":4},{"damage":36,"enemies":"Slime Boss","floor":16,"turns":14},{"damage":33,"enemies":"Chosen","floor":18,"turns":7},{"damage":18,"enemies":"3 Byrds","floor":21,"turns":6},{"damage":5,"enemies":"Sentry and Sphere","floor":22,"turns":5},{"damage":16,"enemies":"Slavers","floor":23,"turns":2}],"seed_played":"-3008738267436706479","potions_obtained":[{"floor":6.0,"key":"PowerPotion"},{"floor":10.0,"key":"PowerPotion"},{"floor":16,"key":"Poison Potion"},{"floor":22,"key":"SpeedPotion"}],"is_trial":false,"path_per_floor":["M","M","?","?","M","E","R","$","T","E","M","E","R","M","R","B",null,"M","$","?","M","M","E"],"character_chosen":"THE_SILENT","items_purchased":["Footwork","GhostInAJar","Backflip","Bouncing Flask"],"campfire_rested":2,"item_purchase_floors":[8,8,19,19],"current_hp_per_floor":[56,54,54,32,32,6,27,27,27,20,22,3,42,42,42,6,66,35,35,35,19,14,0],"gold":63,"neow_bonus":"TEN_PERCENT_HP_BONUS","is_prod":false,"is_daily":false,"chose_seed":false,"campfire_upgraded":1,"win_rate":0,"timestamp":1563319078,"path_taken":["M","?","?","?","M","E","R","$","T","E","M","E","R","M","R","BOSS","M","$","?","M","?","E"],"build_version":"2019-07-05","purchased_purges":1,"victory":false,"max_hp_per_floor":[72,72,72,72,72,72,72,72,72,81,83,83,83,83,83,83,85,87,87,87,89,89,89],"card_choices":[{"not_picked":["Dagger Spray","PiercingWail"],"picked":"Dagger Throw","floor":1.0},{"not_picked":["Dagger Throw","Cloak And Dagger"],"picked":"Flying Knee","floor":2.0},{"not_picked":["Underhanded Strike","A Thousand Cuts"],"picked":"Quick Slash","floor":5.0},{"not_picked":["Skewer","Eviscerate"],"picked":"Backstab","floor":6.0},{"not_picked":["Riddle With Holes","Concentrate","Slice"],"picked":"Singing Bowl","floor":10.0},{"not_picked":["Tactician","Dagger Throw","Acrobatics"],"picked":"Singing Bowl","floor":11.0},{"not_picked":["Grand Finale","Outmaneuver"],"picked":"Footwork","floor":12},{"not_picked":["Poisoned Stab+1","Quick Slash+1"],"picked":"Well Laid Plans","floor":14},{"not_picked":["Storm of Steel","Wraith Form v2"],"picked":"Die Die Die+1","floor":16},{"not_picked":["Heel Hook+1","Caltrops"],"picked":"Crippling Poison","floor":17},{"not_picked":["Escape Plan","Slice+1"],"picked":"PiercingWail","floor":17},{"not_picked":["Deadly Poison","Infinite Blades"],"picked":"Masterful Stab+1","floor":17},{"not_picked":["Distraction","Expertise"],"picked":"Footwork","floor":17},{"not_picked":["All Out Attack+1","Poisoned Stab+1","Dagger Throw+1"],"picked":"Singing Bowl","floor":17},{"not_picked":["Eviscerate+1","Doppelganger","Quick Slash+1"],"picked":"Singing Bowl","floor":18},{"not_picked":["Dagger Throw+1","Prepared","Poisoned Stab+1"],"picked":"Singing Bowl","floor":21},{"not_picked":["Expertise","Deflect"],"picked":"Dodge and Roll","floor":22}],"player_experience":1026853,"relics_obtained":[{"floor":6.0,"key":"Singing Bowl"},{"floor":9.0,"key":"Regal Pillow"},{"floor":10.0,"key":"Strawberry"},{"floor":12,"key":"Molten Egg 2"}],"event_choices":[{"damage_healed":0.0,"max_hp_gain":0.0,"max_hp_loss":0.0,"gold_gain":0.0,"event_name":"Golden Wing","player_choice":"Ignored","floor":3.0,"gold_loss":0.0,"damage_taken":0.0},{"damage_healed":0.0,"max_hp_gain":0.0,"max_hp_loss":0.0,"gold_gain":0.0,"event_name":"Shining Light","player_choice":"Entered Light","floor":4.0,"gold_loss":0.0,"damage_taken":22.0,"cards_upgraded":["Strike_G","Defend_G"]},{"damage_healed":0,"gold_gain":0,"player_choice":"Traded Relic","damage_taken":0,"relics_obtained":["Nloth\u0027s Gift"],"max_hp_gain":0,"max_hp_loss":0,"event_name":"N\u0027loth","floor":20,"relics_lost":["Strawberry"],"gold_loss":0}],"is_beta":false,"boss_relics":[{"not_picked":["Tiny House","Sozu"],"picked":"Orrery"}],"items_purged_floors":[19],"is_endless":false,"potions_floor_spawned":[6,10,11,14,16,18,22],"killed_by":"Slavers","ascension_level":20}