{"gold_per_floor":[114,114,129,129,144,144,174,189,189,189,189,201,216,231,231,331,331,346,361,377,392,47,77,77,137,137,137,137,152,167,182,182,282,282,297,182,197,197,215,245,270,270,270,300,315,315,330,330,330,330],"floor_reached":51,"playtime":8241,"items_purged":["Searing Blow"],"score":772,"play_id":"6a593c03-e429-40c2-9f40-5c174ddf3360","local_time":"20190627112644","daily_mods":["Insanity","Red Cards","Terminal"],"is_ascension_mode":false,"campfire_choices":[{"data":"Chill","floor":6,"key":"SMITH"},{"data":"Disarm","floor":11,"key":"SMITH"},{"data":"Uppercut","floor":15,"key":"SMITH"},{"data":"Inflame","floor":24,"key":"SMITH"},{"data":"Armaments","floor":27,"key":"SMITH"},{"data":"Coolheaded","floor":32,"key":"SMITH"},{"data":"Flex","floor":42,"key":"SMITH"},{"data":"Burning Pact","floor":46,"key":"SMITH"},{"data":"Hologram","floor":49,"key":"SMITH"}],"neow_cost":"","seed_source_timestamp":0,"circlet_count":0,"master_deck":["Stack","Sword Boomerang","Rebound","Stack","Blizzard","Steam","Gash","Entrench","Combust","Body Slam","Anger","Static Discharge","Heavy Blade","Carnage","Anger","BootSequence","Clothesline","Clash","Force Field","Conserve Battery","Flex+1","Compile Driver","Uppercut+1","Hologram+1","Leap","Hemokinesis","Gash","Evolve","Havoc","Sunder","Barrage","Coolheaded+1","Wild Strike","Stack","Heavy Blade","Undo","Scrape","Carnage","Power Through","Armaments+1","Twin Strike","Body Slam","Ball Lightning","Intimidate","Chill+1","Twin Strike","Turbo","Clothesline","Self Repair","Shrug It Off","Disarm+1","Feed","Burning Pact+1","Sweeping Beam","Stack+1","Inflame+1","Inflame+1","Self Repair+1","Consume+1","Impervious","Pommel Strike+1","Corruption","Whirlwind","Dark Shackles","Hologram+1","Creative AI","Writhe"],"special_seed":18074,"relics":["Cracked Core","Gremlin Horn","Letter Opener","Odd Mushroom","Velvet Choker","Red Mask","OrangePellets","Oddly Smooth Stone","Tiny Chest","Pocketwatch","Bottled Tornado","Sozu","Bird Faced Urn","Potion Belt","Regal Pillow","Anchor","Molten Egg 2"],"potions_floor_usage":[19,50,50,50],"damage_taken":[{"damage":4,"enemies":"Cultist","floor":1,"turns":3},{"damage":0,"enemies":"Small Slimes","floor":3,"turns":4},{"damage":0,"enemies":"2 Louse","floor":5,"turns":4},{"damage":14,"enemies":"Lagavulin","floor":7,"turns":5},{"damage":0,"enemies":"Large Slime","floor":8,"turns":4},{"damage":3,"enemies":"The Mushroom Lair","floor":12,"turns":3},{"damage":0,"enemies":"Exordium Wildlife","floor":13,"turns":2},{"damage":0,"enemies":"Gremlin Gang","floor":14,"turns":3},{"damage":15,"enemies":"The Guardian","floor":16,"turns":11},{"damage":0,"enemies":"Chosen","floor":18,"turns":5},{"damage":4,"enemies":"2 Thieves","floor":19,"turns":3},{"damage":0,"enemies":"Masked Bandits","floor":20,"turns":6},{"damage":0,"enemies":"Snake Plant","floor":21,"turns":6},{"damage":11,"enemies":"Gremlin Leader","floor":23,"turns":8},{"damage":11,"enemies":"Slavers","floor":25,"turns":6},{"damage":0,"enemies":"Snecko","floor":29,"turns":7},{"damage":1,"enemies":"3 Cultists","floor":30,"turns":4},{"damage":2,"enemies":"Snake Plant","floor":31,"turns":7},{"damage":2,"enemies":"Automaton","floor":33,"turns":10},{"damage":0,"enemies":"Orb Walker","floor":35,"turns":4},{"damage":3,"enemies":"3 Darklings","floor":37,"turns":5},{"damage":11,"enemies":"2 Orb Walkers","floor":39,"turns":8},{"damage":9,"enemies":"Giant Head","floor":40,"turns":8},{"damage":35,"enemies":"Nemesis","floor":44,"turns":9},{"damage":15,"enemies":"Spire Growth","floor":45,"turns":4},{"damage":5,"enemies":"4 Shapes","floor":47,"turns":3},{"damage":10,"enemies":"Time Eater","floor":50,"turns":11}],"seed_played":"-5778978344149328507","potions_obtained":[{"floor":3,"key":"Poison Potion"},{"floor":7,"key":"EssenceOfSteel"},{"floor":13,"key":"Regen Potion"},{"floor":16,"key":"Strength Potion"},{"floor":21,"key":"LiquidBronze"},{"floor":30,"key":"PowerPotion"}],"is_trial":false,"path_per_floor":["M","$","M","?","M","R","E","M","T","?","R","?","M","M","R","B",null,"M","M","?","M","$","E","R","E","T","R","T","M","M","M","R","B",null,"M","$","M","?","?","E","T","R","T","E","M","R","M","?","R","B",null],"character_chosen":"DEFECT","items_purchased":["Inflame","OrangePellets","Corruption","Whirlwind"],"campfire_rested":0,"item_purchase_floors":[22,22,36,36],"current_hp_per_floor":[70,70,70,70,69,68,61,61,61,66,66,67,66,65,64,56,62,64,63,68,70,69,65,65,57,57,57,57,65,67,69,68,67,66,65,64,66,65,57,56,56,56,56,52,39,39,38,53,53,56],"gold":330,"neow_bonus":"","is_prod":false,"is_daily":true,"chose_seed":false,"campfire_upgraded":9,"win_rate":0,"timestamp":1561631204,"path_taken":["M","?","M","?","?","R","E","M","T","?","R","?","M","M","R","BOSS","M","M","?","M","$","E","R","E","T","R","?","M","M","M","R","BOSS","M","$","?","?","?","E","?","R","T","E","M","R","?","?","R","BOSS"],"build_version":"2019-01-23","purchased_purges":1,"victory":true,"max_hp_per_floor":[73,72,71,70,69,68,67,66,65,69,68,67,66,65,64,63,62,64,66,68,70,69,68,67,69,68,67,66,65,67,69,68,67,66,65,64,66,65,67,66,65,64,63,62,61,60,59,58,57,56],"card_choices":[{"not_picked":["Leap","Redo"],"picked":"Self Repair","floor":1},{"not_picked":["Dropkick","Streamline","Self Repair"],"picked":"SKIP","floor":3},{"not_picked":["Streamline","Twin Strike"],"picked":"Shrug It Off","floor":5},{"not_picked":["Headbutt","Berserk","Body Slam"],"picked":"SKIP","floor":7},{"not_picked":["Flex","Cleave"],"picked":"Disarm","floor":8},{"not_picked":["Perfected Strike","Iron Wave","Genetic Algorithm"],"picked":"SKIP","floor":13},{"not_picked":["Hemokinesis","Sweeping Beam","Redo"],"picked":"SKIP","floor":14},{"not_picked":["Machine Learning","Offering"],"picked":"Feed","floor":16},{"not_picked":["BootSequence","Stack"],"picked":"Burning Pact","floor":18},{"not_picked":["Storm","Barrage+1"],"picked":"Sweeping Beam","floor":19},{"not_picked":["Sword Boomerang","Headbutt"],"picked":"Stack+1","floor":20},{"not_picked":["Rebound","Cleave+1","Ghostly Armor"],"picked":"SKIP","floor":21},{"not_picked":["Barrage","Metallicize"],"picked":"Inflame+1","floor":23},{"not_picked":["Headbutt","Go for the Eyes"],"picked":"Self Repair+1","floor":25},{"not_picked":["Cleave","Power Through","Heavy Blade"],"picked":"SKIP","floor":29},{"not_picked":["Dropkick","Turbo+1"],"picked":"Consume+1","floor":30},{"not_picked":["BootSequence","Pummel","Sweeping Beam+1"],"picked":"SKIP","floor":31},{"not_picked":["Bludgeon","Berserk"],"picked":"Impervious","floor":33},{"not_picked":["Reprogram","Pummel+1"],"picked":"Pommel Strike+1","floor":35},{"not_picked":["Blood for Blood+1","Turbo+1","Pummel"],"picked":"SKIP","floor":37},{"not_picked":["Finesse","Flash of Steel"],"picked":"Dark Shackles","floor":38},{"not_picked":["Sweeping Beam+1","Sentinel"],"picked":"Hologram+1","floor":40},{"not_picked":["Compile Driver","Leap+1","Rebound"],"picked":"SKIP","floor":44},{"not_picked":["Recycle+1","Steam","Leap"],"picked":"SKIP","floor":45},{"not_picked":["Iron Wave+1","Wild Strike+1"],"picked":"Creative AI","floor":47}],"player_experience":983630,"relics_obtained":[{"floor":7,"key":"Gremlin Horn"},{"floor":9,"key":"Letter Opener"},{"floor":12,"key":"Odd Mushroom"},{"floor":20,"key":"Red Mask"},{"floor":23,"key":"Oddly Smooth Stone"},{"floor":25,"key":"Tiny Chest"},{"floor":26,"key":"Pocketwatch"},{"floor":28,"key":"Bottled Tornado"},{"floor":39,"key":"Bird Faced Urn"},{"floor":40,"key":"Potion Belt"},{"floor":41,"key":"Regal Pillow"},{"floor":43,"key":"Anchor"},{"floor":44,"key":"Molten Egg 2"}],"event_choices":[{"cards_removed":["Bloodletting"],"damage_healed":1,"gold_gain":0,"player_choice":"Offered Uncommon","damage_taken":0,"max_hp_gain":0,"max_hp_loss":0,"event_name":"Bonfire Elementals","floor":4,"gold_loss":0},{"damage_healed":0,"gold_gain":0,"player_choice":"Donut","damage_taken":0,"max_hp_gain":5,"max_hp_loss":0,"event_name":"Big Fish","floor":10,"gold_loss":0},{"damage_healed":0,"gold_gain":0,"player_choice":"Fought Mushrooms","damage_taken":0,"max_hp_gain":0,"max_hp_loss":0,"event_name":"Mushrooms","floor":12,"gold_loss":0},{"damage_healed":0,"gold_gain":0,"player_choice":"Fought Bandits","damage_taken":0,"max_hp_gain":0,"max_hp_loss":0,"event_name":"Masked Bandits","floor":20,"gold_loss":0},{"damage_healed":0,"gold_gain":0,"player_choice":"Memory 1","damage_taken":0,"max_hp_gain":0,"max_hp_loss":0,"event_name":"SensoryStone","floor":38,"gold_loss":0},{"damage_healed":0,"gold_gain":0,"player_choice":"Fight","damage_taken":0,"max_hp_gain":0,"max_hp_loss":0,"event_name":"Mysterious Sphere","floor":39,"gold_loss":0},{"damage_healed":15,"gold_gain":0,"player_choice":"Writhe","damage_taken":0,"max_hp_gain":0,"max_hp_loss":0,"event_name":"Winding Halls","floor":48,"gold_loss":0,"cards_obtained":["Writhe"]}],"is_beta":false,"boss_relics":[{"not_picked":["Coffee Dripper","Busted Crown"],"picked":"Velvet Choker"},{"not_picked":["Cursed Key","Tiny House"],"picked":"Sozu"}],"items_purged_floors":[22],"is_endless":false,"potions_floor_spawned":[3,7,13,16,18,21,30,31,37,39,40],"ascension_level":0}