{"gold_per_floor":[118,135,135,135,48,48,81,81,105,132,132,132,147,162,162,241,241,255,255,271,289,289,289,289,317,342,342,356,55,55,84,84,156,156,170,170,189,207,307,333,333,368,368,382,382,402,402,427,427,427,427,427,427,46,76,76],"floor_reached":57,"playtime":6837,"items_purged":[],"score":2872,"play_id":"8f7e2cc5-cdef-42da-bc9a-49cb5f5e6536","local_time":"20190725222313","is_ascension_mode":true,"campfire_choices":[{"data":"Fiend Fire","floor":6.0,"key":"SMITH"},{"data":"Bash","floor":8.0,"key":"SMITH"},{"data":"Anger","floor":11.0,"key":"SMITH"},{"data":"Feel No Pain","floor":15.0,"key":"SMITH"},{"data":"Disarm","floor":23.0,"key":"SMITH"},{"floor":27.0,"key":"REST"},{"data":"True Grit","floor":32.0,"key":"SMITH"},{"floor":45,"key":"RECALL"},{"floor":49,"key":"REST"},{"floor":53,"key":"REST"}],"neow_cost":"NONE","seed_source_timestamp":0,"circlet_count":0,"master_deck":["AscendersBane","Strike_R","Strike_R","Strike_R","Strike_R","Defend_R","Defend_R","Defend_R+1","Defend_R","Bash+1","Clothesline","Anger+1","Fiend Fire+1","Burning Pact","Feel No Pain+1","Feed+1","Thunderclap+1","Disarm+1","Necronomicurse","Ghostly+1","Ghostly","Ghostly","True Grit+1","Battle Trance","Inflame+1","Heavy Blade+1","Bludgeon+1","Corruption+1","Inflame+1","Barricade+1","PanicButton","Sword Boomerang+1","Evolve+1","Whirlwind+1"],"special_seed":0,"relics":["Burning Blood","Shuriken","Bronze Scales","Orichalcum","Molten Egg 2","Black Star","Necronomicon","Frozen Egg 2","Pocketwatch","Bag of Preparation","Red Skull","Singing Bowl","Centennial Puzzle","Pen Nib","Fusion Hammer","Nunchaku","Gremlin Horn","Bottled Tornado","Dodecahedron","Anchor","War Paint","Art of War","Ice Cream","Happy Flower","Ornamental Fan"],"potions_floor_usage":[46,55,56],"damage_taken":[{"damage":13.0,"enemies":"Small Slimes","floor":1.0,"turns":5.0},{"damage":11.0,"enemies":"Jaw Worm","floor":2.0,"turns":4.0},{"damage":6.0,"enemies":"Gremlin Nob","floor":7.0,"turns":3.0},{"damage":30.0,"enemies":"3 Sentries","floor":10.0,"turns":6.0},{"damage":0.0,"enemies":"Cultist","floor":13.0,"turns":3.0},{"damage":7.0,"enemies":"Exordium Wildlife","floor":14.0,"turns":4.0},{"damage":43.0,"enemies":"Slime Boss","floor":16.0,"turns":10.0},{"damage":1.0,"enemies":"3 Byrds","floor":18.0,"turns":3.0},{"damage":4.0,"enemies":"Chosen","floor":20.0,"turns":4.0},{"damage":20.0,"enemies":"Snake Plant","floor":21.0,"turns":4.0},{"damage":41.0,"enemies":"Gremlin Leader","floor":25.0,"turns":7.0},{"damage":2.0,"enemies":"Chosen and Byrds","floor":28.0,"turns":5.0},{"damage":8.0,"enemies":"Book of Stabbing","floor":31.0,"turns":2.0},{"damage":26.0,"enemies":"Collector","floor":33.0,"turns":4.0},{"damage":0.0,"enemies":"3 Shapes","floor":35.0,"turns":5.0},{"damage":0.0,"enemies":"3 Darklings","floor":37.0,"turns":6.0},{"damage":3.0,"enemies":"Transient","floor":38.0,"turns":6.0},{"damage":8.0,"enemies":"Mind Bloom Boss Battle","floor":39.0,"turns":5.0},{"damage":20,"enemies":"Giant Head","floor":40,"turns":5},{"damage":10,"enemies":"Reptomancer","floor":42,"turns":5},{"damage":28,"enemies":"Writhing Mass","floor":44,"turns":2},{"damage":0,"enemies":"Spire Growth","floor":46,"turns":5},{"damage":0,"enemies":"Nemesis","floor":48,"turns":7},{"damage":9,"enemies":"Awakened One","floor":50,"turns":10},{"damage":5,"enemies":"Time Eater","floor":51,"turns":7},{"damage":11,"enemies":"Shield and Spear","floor":55,"turns":6},{"damage":88,"enemies":"The Heart","floor":56,"turns":8}],"seed_played":"-8778252646542622453","potions_obtained":[{"floor":2.0,"key":"Dexterity Potion"},{"floor":7.0,"key":"Weak Potion"},{"floor":13.0,"key":"LiquidBronze"},{"floor":21.0,"key":"Block Potion"},{"floor":25.0,"key":"Ancient Potion"},{"floor":28.0,"key":"SteroidPotion"},{"floor":33.0,"key":"Regen Potion"},{"floor":35.0,"key":"Fruit Juice"},{"floor":39.0,"key":"Fire Potion"},{"floor":44,"key":"BloodPotion"},{"floor":48,"key":"AttackPotion"}],"is_trial":false,"path_per_floor":["M","M","?","?","$","R","E","R","T","E","R","T","M","M","R","B",null,"M","?","M","M","?","R","?","E","T","R","M","$","T","E","R","B",null,"M","?","M","M","?","E","?","E","T","M","R","M","?","E","R","B","B",null,"R","$","E","B",null],"character_chosen":"IRONCLAD","items_purchased":["Fiend Fire","Inflame+1","Red Skull","Heavy Blade+1","Ice Cream","Evolve+1"],"campfire_rested":3,"item_purchase_floors":[5,29,29,29,54,54],"current_hp_per_floor":[68,63,68,68,68,68,68,68,68,44,44,44,50,49,49,12,68,77,77,79,69,48,48,47,12,12,26,34,34,34,34,34,18,47,59,59,67,69,78,68,68,70,70,48,48,82,76,82,100,101,106,108,108,108,107,25],"gold":76,"neow_bonus":"TEN_PERCENT_HP_BONUS","is_prod":false,"is_daily":false,"chose_seed":false,"campfire_upgraded":6,"win_rate":0,"timestamp":1564089793,"path_taken":["M","M","?","?","?","R","E","R","T","E","R","?","M","?","R","BOSS","M","?","M","?","?","R","?","E","T","R","M","$","?","E","R","BOSS","M","?","M","M","?","E","?","E","T","M","R","M","?","E","R","BOSS","BOSS","R","$","E","BOSS"],"build_version":"2019-07-17","purchased_purges":0,"victory":true,"max_hp_per_floor":[82,82,87,87,87,87,87,87,87,87,87,87,87,87,87,87,87,91,91,91,95,95,95,47,47,47,47,51,51,51,53,53,57,57,63,63,67,69,80,84,84,90,90,90,90,96,100,100,100,104,108,108,108,108,112,112],"card_choices":[{"not_picked":["Iron Wave","Wild Strike"],"picked":"Clothesline","floor":1.0},{"not_picked":["Perfected Strike","Pommel Strike"],"picked":"Anger","floor":2.0},{"not_picked":["Reckless Charge","Bludgeon"],"picked":"Ghostly Armor","floor":7.0},{"not_picked":["Entrench","Metallicize"],"picked":"Burning Pact","floor":10.0},{"not_picked":["Second Wind","Ghostly Armor","Burning Pact"],"picked":"SKIP","floor":13.0},{"not_picked":["Shrug It Off","Clash+1"],"picked":"Feel No Pain","floor":14.0},{"not_picked":["Demon Form","Dark Embrace"],"picked":"Feed+1","floor":16.0},{"not_picked":["Flex","Hemokinesis+1"],"picked":"Thunderclap+1","floor":18.0},{"not_picked":["Heavy Blade+1","Clothesline+1","Warcry"],"picked":"SKIP","floor":20.0},{"not_picked":["Heavy Blade+1","Body Slam+1"],"picked":"Disarm","floor":21.0},{"not_picked":["Twin Strike+1","Armaments"],"picked":"True Grit","floor":25.0},{"not_picked":["True Grit","Clash+1"],"picked":"Battle Trance","floor":28.0},{"not_picked":["Barricade+1","Sentinel","Entrench"],"picked":"Singing Bowl","floor":31.0},{"not_picked":["Offering","Double Tap"],"picked":"Bludgeon+1","floor":33.0},{"not_picked":["Pommel Strike+1","Dropkick+1","Armaments+1"],"picked":"Singing Bowl","floor":35.0},{"not_picked":["Cleave+1","Headbutt+1"],"picked":"Corruption+1","floor":37.0},{"not_picked":["Bloodletting","Pommel Strike+1","True Grit"],"picked":"Singing Bowl","floor":38.0},{"not_picked":["Havoc","Hemokinesis+1","Power Through"],"picked":"Singing Bowl","floor":39.0},{"not_picked":["Headbutt+1","Perfected Strike+1"],"picked":"Inflame+1","floor":40},{"not_picked":["Thunderclap+1","Reckless Charge+1","Flex"],"picked":"Singing Bowl","floor":42},{"not_picked":["Infernal Blade","Heavy Blade+1"],"picked":"Barricade+1","floor":44},{"not_picked":["Armaments","Cleave+1","True Grit"],"picked":"Singing Bowl","floor":46},{"not_picked":["Trip","Impatience","Bandage Up"],"picked":"Singing Bowl","floor":47},{"not_picked":["Purity","Transmutation"],"picked":"PanicButton","floor":47},{"not_picked":["Swift Strike+1","Thinking Ahead","Violence"],"picked":"Singing Bowl","floor":47},{"not_picked":["Sentinel+1","Dropkick+1"],"picked":"Sword Boomerang+1","floor":48},{"not_picked":["Feel No Pain+1","Anger+1"],"picked":"Whirlwind+1","floor":55}],"player_experience":1031424,"relics_obtained":[{"floor":7.0,"key":"Shuriken"},{"floor":9.0,"key":"Bronze Scales"},{"floor":10.0,"key":"Orichalcum"},{"floor":12.0,"key":"Molten Egg 2"},{"floor":22.0,"key":"Necronomicon"},{"floor":25.0,"key":"Frozen Egg 2"},{"floor":25.0,"key":"Pocketwatch"},{"floor":26.0,"key":"Bag of Preparation"},{"floor":30.0,"key":"Singing Bowl"},{"floor":31.0,"key":"Centennial Puzzle"},{"floor":31.0,"key":"Pen Nib"},{"floor":39.0,"key":"Nunchaku"},{"floor":40,"key":"Gremlin Horn"},{"floor":40,"key":"Bottled Tornado"},{"floor":42,"key":"Dodecahedron"},{"floor":42,"key":"Anchor"},{"floor":48,"key":"War Paint"},{"floor":48,"key":"Art of War"},{"floor":55,"key":"Happy Flower"},{"floor":55,"key":"Ornamental Fan"}],"event_choices":[{"damage_healed":0.0,"max_hp_gain":5.0,"max_hp_loss":0.0,"gold_gain":0.0,"event_name":"Big Fish","player_choice":"Donut","floor":3.0,"gold_loss":0.0,"damage_taken":0.0},{"damage_healed":0.0,"max_hp_gain":0.0,"max_hp_loss":0.0,"gold_gain":0.0,"event_name":"Liars Game","player_choice":"Ignored","floor":4.0,"gold_loss":0.0,"damage_taken":0.0},{"cards_removed":["Strike_R"],"damage_healed":0.0,"max_hp_gain":0.0,"max_hp_loss":0.0,"gold_gain":0.0,"event_name":"Bonfire Elementals","player_choice":"Offered Basic","floor":19.0,"gold_loss":0.0,"damage_taken":0.0},{"damage_healed":0.0,"max_hp_gain":0.0,"max_hp_loss":0.0,"gold_gain":0.0,"event_name":"Cursed Tome","player_choice":"Obtained Book","floor":22.0,"gold_loss":0.0,"damage_taken":21.0},{"damage_healed":0.0,"max_hp_gain":0.0,"max_hp_loss":48.0,"gold_gain":0.0,"event_name":"Ghosts","player_choice":"Became a Ghost","floor":24.0,"gold_loss":0.0,"damage_taken":0.0,"cards_obtained":["Ghostly","Ghostly","Ghostly"]},{"cards_removed":["Ghostly Armor"],"damage_healed":0.0,"max_hp_gain":0.0,"max_hp_loss":0.0,"gold_gain":0.0,"event_name":"Falling","player_choice":"Removed Skill","floor":36.0,"gold_loss":0.0,"damage_taken":0.0},{"damage_healed":0.0,"max_hp_gain":0.0,"max_hp_loss":0.0,"gold_gain":0.0,"event_name":"MindBloom","player_choice":"Fight","floor":39.0,"gold_loss":0.0,"damage_taken":0.0},{"damage_healed":0,"gold_gain":0,"player_choice":"Ignored","damage_taken":0,"max_hp_gain":0,"max_hp_loss":0,"event_name":"Tomb of Lord Red Mask","floor":41,"gold_loss":0},{"damage_healed":0,"gold_gain":0,"player_choice":"Memory 3","damage_taken":10,"max_hp_gain":0,"max_hp_loss":0,"event_name":"SensoryStone","floor":47,"gold_loss":0}],"is_beta":false,"boss_relics":[{"not_picked":["Orrery","Runic Cube"],"picked":"Black Star"},{"not_picked":["Busted Crown","Cursed Key"],"picked":"Fusion Hammer"}],"items_purged_floors":[],"is_endless":false,"potions_floor_spawned":[2,7,13,21,25,28,33,35,39,44,48],"ascension_level":20}