{"gold_per_floor":[110,125,125,142,217,217,247,261,312,312],"floor_reached":10,"playtime":483,"items_purged":[],"score":105,"play_id":"c55b39fd-2d16-4f61-bd8c-4df6eb9b23d4","local_time":"20190316184302","is_ascension_mode":true,"campfire_choices":[{"data":"Clothesline","floor":6,"key":"SMITH"}],"neow_cost":"NONE","seed_source_timestamp":333038509701282,"circlet_count":0,"master_deck":["AscendersBane","Strike_R","Strike_R","Strike_R","Strike_R","Strike_R","Defend_R","Defend_R","Defend_R","Defend_R","Bash+1","Clothesline+1","Cleave","Body Slam"],"relics":["Burning Blood","Paper Frog","Oddly Smooth Stone"],"potions_floor_usage":[10],"damage_taken":[{"damage":0,"enemies":"Cultist","floor":1,"turns":3},{"damage":7,"enemies":"Jaw Worm","floor":2,"turns":4},{"damage":0,"enemies":"Small Slimes","floor":4,"turns":2},{"damage":47,"enemies":"Lagavulin","floor":7,"turns":8},{"damage":4,"enemies":"3 Louse","floor":8,"turns":4},{"damage":36,"enemies":"3 Sentries","floor":10,"turns":7}],"seed_played":"-3218213371024283737","potions_obtained":[{"floor":8,"key":"AttackPotion"}],"is_trial":false,"path_per_floor":["M","M","?","M","?","R","E","M","T","E"],"character_chosen":"IRONCLAD","items_purchased":[],"campfire_rested":0,"item_purchase_floors":[],"current_hp_per_floor":[78,77,82,85,74,74,33,35,35,0],"gold":312,"neow_bonus":"UPGRADE_CARD","is_prod":false,"is_daily":false,"chose_seed":false,"campfire_upgraded":1,"win_rate":0,"timestamp":1552761782,"path_taken":["M","M","?","M","?","R","E","?","T","E"],"build_version":"2019-01-23","purchased_purges":0,"victory":false,"max_hp_per_floor":[80,80,85,85,85,85,85,85,85,85],"card_choices":[{"not_picked":["Heavy Blade","Sword Boomerang"],"picked":"Clothesline","floor":1},{"not_picked":["Rupture","Infernal Blade"],"picked":"Cleave","floor":2},{"not_picked":["Body Slam","Headbutt","Sword Boomerang"],"picked":"SKIP","floor":4},{"not_picked":["Burning Pact","Heavy Blade"],"picked":"Body Slam","floor":7},{"not_picked":["Flex","Dual Wield","Heavy Blade"],"picked":"SKIP","floor":8}],"player_experience":639851,"relics_obtained":[{"floor":7,"key":"Paper Frog"},{"floor":9,"key":"Oddly Smooth Stone"}],"event_choices":[{"damage_healed":0,"gold_gain":0,"player_choice":"Donut","damage_taken":0,"max_hp_gain":5,"max_hp_loss":0,"event_name":"Big Fish","floor":3,"gold_loss":0},{"damage_healed":0,"gold_gain":75,"player_choice":"Gather Gold","damage_taken":11,"max_hp_gain":0,"max_hp_loss":0,"event_name":"World of Goop","floor":5,"gold_loss":0}],"is_beta":false,"boss_relics":[],"items_purged_floors":[],"is_endless":false,"potions_floor_spawned":[8],"killed_by":"3 Sentries","ascension_level":11}