{"gold_per_floor":[110,110,121,121,121,147,147,182,235,253,428,428,164,183,183,307,307,321,321,336,352,129,129,169,169,192,204,232,269,295,307,319,432,444,475,487,499,511,539,551,581,593,674,701,50,50,150,183,183,183],"floor_reached":51,"playtime":2591,"items_purged":["Doubt","Injury"],"score":793,"play_id":"6bf31740-9218-4f65-ba4c-a54db005f38f","local_time":"20190814230742","is_ascension_mode":true,"campfire_choices":[{"floor":7,"key":"REST"},{"floor":15,"key":"REST"},{"floor":23,"key":"REST"},{"floor":25,"key":"REST"},{"floor":32,"key":"REST"},{"floor":40,"key":"REST"},{"floor":42,"key":"REST"},{"floor":46,"key":"REST"},{"data":"Glacier","floor":49,"key":"SMITH"}],"neow_cost":"NONE","seed_source_timestamp":622283045919947,"circlet_count":0,"master_deck":["Strike_B","Strike_B","Strike_B","Defend_B+1","Defend_B+1","Defend_B","Defend_B","Zap+1","Dualcast","Ball Lightning","Cold Snap","Cold Snap","Ball Lightning","Gash","Mayhem","All For One","Gash","Go for the Eyes+1","Gash","Madness","Double Energy","Capacitor+1","Barrage","Biased Cognition","Cold Snap+1","Glacier+1","All For One","Blizzard+1"],"relics":["Cracked Core","Potion Belt","PreservedInsect","Dodecahedron","Anchor","Bloody Idol","Runic Pyramid","Bag of Marbles","MawBank","Philosopher\u0027s Stone","Singing Bowl","Vajra","Ginger","Regal Pillow"],"potions_floor_usage":[16,33,33,39,44,50,50,50],"damage_taken":[{"damage":7,"enemies":"2 Louse","floor":1,"turns":3},{"damage":7,"enemies":"Small Slimes","floor":3,"turns":3},{"damage":14,"enemies":"Gremlin Nob","floor":6,"turns":4},{"damage":11,"enemies":"3 Sentries","floor":8,"turns":4},{"damage":0,"enemies":"Cultist","floor":10,"turns":2},{"damage":5,"enemies":"Large Slime","floor":14,"turns":5},{"damage":21,"enemies":"Hexaghost","floor":16,"turns":9},{"damage":17,"enemies":"2 Thieves","floor":18,"turns":4},{"damage":17,"enemies":"3 Byrds","floor":20,"turns":5},{"damage":25,"enemies":"Shelled Parasite and Fungi","floor":21,"turns":5},{"damage":11,"enemies":"Book of Stabbing","floor":24,"turns":4},{"damage":20,"enemies":"Snake Plant","floor":28,"turns":5},{"damage":4,"enemies":"Cultist and Chosen","floor":29,"turns":6},{"damage":7,"enemies":"Chosen and Byrds","floor":30,"turns":5},{"damage":36,"enemies":"Automaton","floor":33,"turns":9},{"damage":24,"enemies":"Orb Walker","floor":35,"turns":4},{"damage":67,"enemies":"3 Darklings","floor":39,"turns":5},{"damage":10,"enemies":"Maw","floor":41,"turns":7},{"damage":44,"enemies":"Transient","floor":44,"turns":5},{"damage":5,"enemies":"Giant Head","floor":48,"turns":7},{"damage":51,"enemies":"Time Eater","floor":50,"turns":11}],"seed_played":"5717423941938905379","potions_obtained":[{"floor":3,"key":"FocusPotion"},{"floor":6,"key":"Weak Potion"},{"floor":10,"key":"Dexterity Potion"},{"floor":16,"key":"Strength Potion"},{"floor":18,"key":"Strength Potion"},{"floor":21,"key":"PowerPotion"},{"floor":35,"key":"PowerPotion"},{"floor":39,"key":"Weak Potion"},{"floor":48,"key":"Block Potion"}],"is_trial":false,"path_per_floor":["M","?","M","?","?","E","R","E","T","M","?","?","$","M","R","B",null,"M","?","M","M","$","R","E","R","T","?","M","M","M","?","R","B",null,"M","$","?","?","M","R","M","R","T","M","$","R","?","E","R","B",null],"character_chosen":"DEFECT","items_purchased":["Mayhem","Madness","Double Energy","All For One","Vajra","Ginger","PowerPotion"],"campfire_rested":8,"item_purchase_floors":[13,22,22,45,45,45,45],"current_hp_per_floor":[68,56,49,34,34,20,42,31,31,31,31,31,31,26,48,27,75,58,58,41,16,16,38,27,49,49,49,29,25,18,18,45,19,75,56,61,66,71,13,40,40,67,75,38,43,66,71,71,71,20],"gold":183,"neow_bonus":"REMOVE_CARD","is_prod":false,"is_daily":false,"chose_seed":false,"campfire_upgraded":1,"win_rate":0,"timestamp":1565816862,"path_taken":["M","?","M","?","?","E","R","E","T","M","?","?","$","M","R","BOSS","M","?","M","M","$","R","E","R","T","?","M","M","?","?","R","BOSS","M","$","?","?","M","R","M","R","T","?","?","R","?","E","R","BOSS"],"build_version":"2019-07-17","purchased_purges":2,"victory":true,"max_hp_per_floor":[75,75,75,75,75,75,75,75,75,75,75,75,75,75,75,75,75,75,75,75,75,75,75,75,75,75,75,75,75,75,75,75,75,75,75,75,75,75,75,75,75,75,75,77,77,77,77,77,77,77],"card_choices":[{"not_picked":["Steam","Compile Driver"],"picked":"Ball Lightning","floor":1},{"not_picked":["Tempest","Force Field"],"picked":"Cold Snap","floor":3},{"not_picked":["Consume","Steam"],"picked":"Cold Snap","floor":6},{"not_picked":["Chill","Fusion"],"picked":"Ball Lightning","floor":8},{"not_picked":["Lockon","Stack"],"picked":"Gash","floor":10},{"not_picked":["Tempest","Heatsinks","Hologram"],"picked":"SKIP","floor":14},{"not_picked":["Biased Cognition","Amplify"],"picked":"All For One","floor":16},{"not_picked":["Coolheaded","Steam","Stack"],"picked":"SKIP","floor":18},{"not_picked":["Fission","Conserve Battery+1"],"picked":"Go for the Eyes+1","floor":20},{"not_picked":["Steam","Rebound"],"picked":"Gash","floor":21},{"not_picked":["Aggregate","Turbo"],"picked":"Capacitor","floor":24},{"not_picked":["Multi-Cast","Redo+1","Stack"],"picked":"SKIP","floor":28},{"not_picked":["Stack","Beam Cell","Ball Lightning+1"],"picked":"SKIP","floor":29},{"not_picked":["Turbo","Go for the Eyes"],"picked":"Barrage","floor":30},{"not_picked":["Reboot","Amplify"],"picked":"Biased Cognition","floor":33},{"not_picked":["Turbo+1","Ball Lightning","Compile Driver"],"picked":"SKIP","floor":35},{"not_picked":["Consume","Sweeping Beam+1"],"picked":"Cold Snap+1","floor":39},{"not_picked":["Conserve Battery","Chaos+1"],"picked":"Glacier","floor":41},{"not_picked":["Compile Driver+1","Ball Lightning","Steam+1"],"picked":"Singing Bowl","floor":44},{"not_picked":["Aggregate","Chill+1"],"picked":"Blizzard+1","floor":48}],"player_experience":100171,"relics_obtained":[{"floor":6,"key":"PreservedInsect"},{"floor":8,"key":"Dodecahedron"},{"floor":9,"key":"Anchor"},{"floor":24,"key":"Bag of Marbles"},{"floor":26,"key":"MawBank"},{"floor":43,"key":"Singing Bowl"},{"floor":48,"key":"Regal Pillow"}],"event_choices":[{"damage_healed":0,"gold_gain":0,"player_choice":"Success","damage_taken":12,"relics_obtained":["Potion Belt"],"max_hp_gain":0,"max_hp_loss":0,"event_name":"Scrap Ooze","floor":2,"gold_loss":0},{"damage_healed":0,"gold_gain":0,"player_choice":"Entered Light","damage_taken":15,"max_hp_gain":0,"max_hp_loss":0,"event_name":"Shining Light","floor":4,"gold_loss":0,"cards_upgraded":["Defend_B","Defend_B"]},{"damage_healed":0,"gold_gain":0,"player_choice":"Grow","damage_taken":0,"max_hp_gain":0,"max_hp_loss":0,"event_name":"Living Wall","floor":5,"gold_loss":0,"cards_upgraded":["Zap"]},{"damage_healed":0,"gold_gain":175,"player_choice":"AGREE","damage_taken":0,"max_hp_gain":0,"max_hp_loss":0,"event_name":"Liars Game","floor":11,"gold_loss":0,"cards_obtained":["Doubt"]},{"damage_healed":0,"gold_gain":0,"player_choice":"Take Wound","damage_taken":0,"relics_obtained":["Golden Idol"],"max_hp_gain":0,"max_hp_loss":0,"event_name":"Golden Idol","floor":12,"gold_loss":0,"cards_obtained":["Injury"]},{"damage_healed":0,"gold_gain":0,"player_choice":"Read","damage_taken":0,"max_hp_gain":0,"max_hp_loss":0,"event_name":"The Library","floor":19,"gold_loss":0,"cards_obtained":["Gash"]},{"damage_healed":0,"gold_gain":0,"player_choice":"Forge","damage_taken":0,"max_hp_gain":0,"max_hp_loss":0,"event_name":"Accursed Blacksmith","floor":27,"gold_loss":0,"cards_upgraded":["Capacitor"]},{"damage_healed":0,"gold_gain":0,"player_choice":"Gave Idol","damage_taken":0,"relics_obtained":["Bloody Idol"],"max_hp_gain":0,"max_hp_loss":0,"event_name":"Forgotten Altar","floor":31,"relics_lost":["Golden Idol"],"gold_loss":0},{"damage_healed":0,"gold_gain":0,"player_choice":"Ignored","damage_taken":0,"max_hp_gain":0,"max_hp_loss":0,"event_name":"Mysterious Sphere","floor":37,"gold_loss":0},{"damage_healed":0,"gold_gain":0,"player_choice":"0 cards matched","damage_taken":0,"max_hp_gain":0,"max_hp_loss":0,"event_name":"Match and Keep!","floor":38,"gold_loss":0,"cards_obtained":[]},{"damage_healed":0,"gold_gain":100,"player_choice":"Pray","damage_taken":0,"max_hp_gain":0,"max_hp_loss":0,"event_name":"Golden Shrine","floor":47,"gold_loss":0}],"is_beta":false,"boss_relics":[{"not_picked":["Runic Dome","Ectoplasm"],"picked":"Runic Pyramid"},{"not_picked":["FrozenCore","Astrolabe"],"picked":"Philosopher\u0027s Stone"}],"items_purged_floors":[13,22],"is_endless":false,"potions_floor_spawned":[3,6,10,16,18,21,30,35,39,48],"ascension_level":2}