{"gold_per_floor":[111,111,111,129,129,158,158,184,211,240,259,259,278,290,290,290],"floor_reached":16,"playtime":718,"items_purged":[],"score":145,"play_id":"1437a4cc-ba9a-4fcc-b475-2f709d4696fe","local_time":"20190101195710","is_ascension_mode":false,"campfire_choices":[{"floor":7,"key":"RECALL"},{"floor":12,"key":"REST"},{"data":"Neutralize","floor":15,"key":"SMITH"}],"neow_cost":"NONE","seed_source_timestamp":244316526699455,"circlet_count":0,"master_deck":["Defend_G","Defend_G","Defend_G","Defend_G","Defend_G","Strike_G","Strike_G+1","Strike_G","Strike_G+1","Strike_G+1","Survivor+1","Neutralize+1","Dodge and Roll","Deadly Poison","Underhanded Strike","Concentrate+1","Flying Knee","Backflip+1","Dodge and Roll+1","Footwork"],"relics":["Ring of the Snake","NeowsBlessing","Bag of Marbles","Whetstone","Toxic Egg 2","Question Card"],"potions_floor_usage":[8,16,16,16],"damage_taken":[{"damage":0,"enemies":"Jaw Worm","floor":1,"turns":1},{"damage":0,"enemies":"2 Louse","floor":4,"turns":1},{"damage":0,"enemies":"3 Sentries","floor":6,"turns":1},{"damage":11,"enemies":"Gremlin Nob","floor":8,"turns":5},{"damage":31,"enemies":"Lagavulin","floor":10,"turns":6},{"damage":0,"enemies":"Cultist","floor":11,"turns":2},{"damage":0,"enemies":"2 Fungi Beasts","floor":13,"turns":2},{"damage":5,"enemies":"Large Slime","floor":14,"turns":4},{"damage":38,"enemies":"Slime Boss","floor":16,"turns":9}],"seed_played":"6024890084034423958","potions_obtained":[{"floor":1,"key":"EssenceOfSteel"},{"floor":10,"key":"Strength Potion"},{"floor":11,"key":"Swift Potion"},{"floor":14,"key":"SkillPotion"}],"is_trial":false,"path_per_floor":["M","?","?","M","?","E","R","E","T","E","M","R","M","M","R","B"],"character_chosen":"THE_SILENT","items_purchased":[],"campfire_rested":1,"item_purchase_floors":[],"current_hp_per_floor":[70,56,61,61,49,49,49,38,38,7,7,29,29,24,24,0],"gold":290,"neow_bonus":"THREE_ENEMY_KILL","is_prod":false,"is_daily":false,"chose_seed":false,"campfire_upgraded":1,"win_rate":0,"timestamp":1546372630,"path_taken":["M","?","?","M","?","E","R","E","T","E","M","R","M","M","R","BOSS"],"build_version":"2018-12-20","purchased_purges":0,"victory":false,"max_hp_per_floor":[70,70,75,75,75,75,75,75,75,75,75,75,75,75,75,75],"card_choices":[{"not_picked":["Prepared","Choke"],"picked":"Dodge and Roll","floor":1},{"not_picked":["Sucker Punch","A Thousand Cuts"],"picked":"Deadly Poison","floor":4},{"not_picked":["Heel Hook","Concentrate"],"picked":"Underhanded Strike","floor":6},{"not_picked":["Heel Hook","Deflect"],"picked":"Concentrate","floor":8},{"not_picked":["Night Terror+1","PiercingWail+1"],"picked":"Flying Knee","floor":10},{"not_picked":["Deflect+1","Quick Slash","Accuracy"],"picked":"Backflip+1","floor":11},{"not_picked":["Bane","Acrobatics+1","Dagger Throw"],"picked":"Dodge and Roll+1","floor":13},{"not_picked":["Infinite Blades","Outmaneuver+1","Underhanded Strike"],"picked":"Footwork","floor":14}],"player_experience":431432,"relics_obtained":[{"floor":6,"key":"Whetstone"},{"floor":8,"key":"Toxic Egg 2"},{"floor":10,"key":"Question Card"}],"event_choices":[{"damage_healed":0,"gold_gain":0,"player_choice":"Entered Light","damage_taken":14,"max_hp_gain":0,"max_hp_loss":0,"event_name":"Shining Light","floor":2,"gold_loss":0,"cards_upgraded":["Strike_G","Survivor"]},{"damage_healed":0,"gold_gain":0,"player_choice":"Donut","damage_taken":0,"max_hp_gain":5,"max_hp_loss":0,"event_name":"Big Fish","floor":3,"gold_loss":0},{"damage_healed":0,"gold_gain":0,"player_choice":"Success","damage_taken":12,"relics_obtained":["Bag of Marbles"],"max_hp_gain":0,"max_hp_loss":0,"event_name":"Scrap Ooze","floor":5,"gold_loss":0}],"is_beta":false,"boss_relics":[],"items_purged_floors":[],"is_endless":false,"potions_floor_spawned":[1,10,11,14],"killed_by":"Slime Boss","ascension_level":0}