{"gold_per_floor":[113,113,288,288,300,335,355,355,355,385,400,400,400],"floor_reached":13,"playtime":590,"items_purged":[],"score":165,"play_id":"6a7da24f-fac0-42f4-8966-2371c51560a2","local_time":"20181229141151","is_ascension_mode":true,"campfire_choices":[{"floor":8,"key":"RECALL"},{"data":"Offering","floor":12,"key":"SMITH"}],"neow_cost":"NONE","seed_source_timestamp":748836670184753,"circlet_count":0,"master_deck":["Strike_R","Strike_R","Strike_R","Strike_R","Strike_R","Defend_R","Defend_R","Defend_R","Bash","Armaments+1","Exhume","Doubt","Flex","Dual Wield","Shrug It Off","Searing Blow","Offering+1"],"relics":["Burning Blood","NeowsBlessing","Dodecahedron","Art of War","WingedGreaves"],"potions_floor_usage":[10],"damage_taken":[{"damage":0,"enemies":"Small Slimes","floor":1,"turns":1},{"damage":0,"enemies":"2 Louse","floor":5,"turns":1},{"damage":0,"enemies":"3 Sentries","floor":6,"turns":2},{"damage":0,"enemies":"Cultist","floor":7,"turns":3},{"damage":37,"enemies":"Gremlin Nob","floor":10,"turns":4},{"damage":23,"enemies":"3 Louse","floor":11,"turns":4},{"damage":33,"enemies":"3 Sentries","floor":13,"turns":4}],"seed_played":"-8048263287839624580","potions_obtained":[{"floor":7,"key":"SkillPotion"},{"floor":11,"key":"Weak Potion"}],"is_trial":false,"path_per_floor":["M","?","?","?","M","E","M","R","T","E","M","R","E"],"character_chosen":"IRONCLAD","items_purchased":[],"campfire_rested":0,"item_purchase_floors":[],"current_hp_per_floor":[78,78,78,78,80,80,80,80,80,49,32,32,0],"gold":400,"neow_bonus":"THREE_ENEMY_KILL","is_prod":false,"is_daily":false,"chose_seed":false,"campfire_upgraded":1,"win_rate":0,"timestamp":1546092711,"path_taken":["M","?","?","?","M","E","M","R","T","E","?","R","E"],"build_version":"2018-12-20","purchased_purges":0,"victory":false,"max_hp_per_floor":[80,80,80,80,80,80,80,80,80,80,80,80,80],"card_choices":[{"not_picked":["Heavy Blade","Spot Weakness"],"picked":"Armaments","floor":1},{"not_picked":["Clash","Iron Wave"],"picked":"Flex","floor":5},{"not_picked":["Berserk","Ghostly Armor"],"picked":"Dual Wield","floor":6},{"not_picked":["Wild Strike","Body Slam"],"picked":"Shrug It Off","floor":7},{"not_picked":["Power Through","Warcry"],"picked":"Searing Blow","floor":10},{"not_picked":["Havoc","Ghostly Armor"],"picked":"Offering","floor":11}],"player_experience":410737,"relics_obtained":[{"floor":6,"key":"Dodecahedron"},{"floor":9,"key":"Art of War"},{"floor":10,"key":"WingedGreaves"}],"event_choices":[{"damage_healed":0,"gold_gain":0,"cards_transformed":["Defend_R"],"player_choice":"Change","damage_taken":0,"max_hp_gain":0,"max_hp_loss":0,"event_name":"Living Wall","floor":2,"gold_loss":0,"cards_obtained":["Exhume"]},{"damage_healed":0,"gold_gain":175,"player_choice":"AGREE","damage_taken":0,"max_hp_gain":0,"max_hp_loss":0,"event_name":"Liars Game","floor":3,"gold_loss":0,"cards_obtained":["Doubt"]},{"damage_healed":0,"gold_gain":0,"player_choice":"Upgraded","damage_taken":0,"max_hp_gain":0,"max_hp_loss":0,"event_name":"Upgrade Shrine","floor":4,"gold_loss":0,"cards_upgraded":["Armaments"]}],"is_beta":false,"boss_relics":[],"items_purged_floors":[],"is_endless":false,"potions_floor_spawned":[7,11],"killed_by":"3 Sentries","ascension_level":8}