{"gold_per_floor":[119,19,31,43,43,71,81,81,81,81,101,111,11,26,26,98,98,112,129,146,164,178,178],"floor_reached":23,"playtime":1184,"items_purged":["Strike_G","Strike_G"],"score":368,"play_id":"423014a7-816a-4fe3-824c-05208c7e9470","local_time":"20190806193620","is_ascension_mode":true,"campfire_choices":[{"data":"Neutralize","floor":8,"key":"SMITH"},{"data":"Well Laid Plans","floor":10,"key":"SMITH"},{"data":"Noxious Fumes","floor":15,"key":"SMITH"}],"neow_cost":"NONE","seed_source_timestamp":156825594077200,"circlet_count":0,"master_deck":["AscendersBane","Strike_G","Strike_G","Defend_G","Defend_G","Defend_G","Defend_G","Defend_G","Survivor","Neutralize+1","Well Laid Plans+1","Flying Knee","PiercingWail","Backstab","Choke","Finisher","Backflip","Noxious Fumes+1","Poisoned Stab","Corpse Explosion","Noxious Fumes","Cloak And Dagger","Footwork","Deadly Poison+1"],"relics":["Ring of the Snake","Du-Vu Doll","The Specimen","Lizard Tail"],"potions_floor_usage":[16,16,16,20,20,22,23],"damage_taken":[{"damage":6,"enemies":"Cultist","floor":1,"turns":5},{"damage":0,"enemies":"Small Slimes","floor":3,"turns":4},{"damage":1,"enemies":"Jaw Worm","floor":4,"turns":5},{"damage":33,"enemies":"Lagavulin","floor":6,"turns":8},{"damage":0,"enemies":"Looter","floor":7,"turns":2},{"damage":0,"enemies":"3 Louse","floor":11,"turns":2},{"damage":3,"enemies":"Blue Slaver","floor":12,"turns":2},{"damage":4,"enemies":"Exordium Wildlife","floor":14,"turns":5},{"damage":4,"enemies":"Hexaghost","floor":16,"turns":8},{"damage":8,"enemies":"2 Thieves","floor":18,"turns":2},{"damage":2,"enemies":"3 Byrds","floor":19,"turns":3},{"damage":47,"enemies":"Cultist and Chosen","floor":20,"turns":6},{"damage":0,"enemies":"3 Cultists","floor":21,"turns":3},{"damage":39,"enemies":"Centurion and Healer","floor":22,"turns":6},{"damage":9,"enemies":"Slavers","floor":23,"turns":1}],"seed_played":"4073691342094105295","potions_obtained":[{"floor":0,"key":"EntropicBrew"},{"floor":0,"key":"EssenceOfSteel"},{"floor":14,"key":"Regen Potion"},{"floor":16,"key":"Dexterity Potion"},{"floor":21,"key":"Regen Potion"},{"floor":22,"key":"AttackPotion"}],"is_trial":false,"path_per_floor":["M","$","M","M","?","E","M","R","T","R","M","M","$","M","R","B",null,"M","M","M","M","M","E"],"character_chosen":"THE_SILENT","items_purchased":["Flying Knee"],"campfire_rested":0,"item_purchase_floors":[2],"current_hp_per_floor":[53,53,53,52,52,19,19,19,19,19,19,16,16,12,12,23,55,47,45,33,33,9,0],"gold":178,"neow_bonus":"THREE_SMALL_POTIONS","is_prod":false,"is_daily":false,"chose_seed":false,"campfire_upgraded":3,"win_rate":0,"timestamp":1565134580,"path_taken":["M","$","M","M","?","E","M","R","T","R","M","?","$","M","R","BOSS","M","M","M","M","M","E"],"build_version":"2019-07-17","purchased_purges":2,"victory":false,"max_hp_per_floor":[66,66,66,66,66,66,66,66,66,66,66,66,66,66,66,66,66,66,66,66,66,66,66],"card_choices":[{"not_picked":["Bane","Dagger Throw"],"picked":"Well Laid Plans","floor":1},{"not_picked":["Eviscerate","Flying Knee"],"picked":"PiercingWail","floor":3},{"not_picked":["Flying Knee","Terror"],"picked":"Backstab","floor":4},{"not_picked":["Blade Dance","Catalyst"],"picked":"Finisher","floor":6},{"not_picked":["Choke","Dash"],"picked":"Backflip","floor":7},{"not_picked":["Cloak And Dagger","Concentrate"],"picked":"Noxious Fumes","floor":11},{"not_picked":["Concentrate","Quick Slash"],"picked":"Poisoned Stab","floor":12},{"not_picked":["Flying Knee","Prepared","Deflect"],"picked":"SKIP","floor":14},{"not_picked":["Unload","Glass Knife"],"picked":"Corpse Explosion","floor":16},{"not_picked":["Deadly Poison","Bouncing Flask"],"picked":"Noxious Fumes","floor":18},{"not_picked":["Bouncing Flask","Underhanded Strike"],"picked":"Cloak And Dagger","floor":19},{"not_picked":["Dodge and Roll","Tactician"],"picked":"Footwork","floor":20},{"not_picked":["Quick Slash","Flying Knee","Terror"],"picked":"SKIP","floor":21},{"not_picked":["Flying Knee+1","Terror"],"picked":"Deadly Poison+1","floor":22}],"player_experience":662289,"relics_obtained":[{"floor":6,"key":"Du-Vu Doll"},{"floor":9,"key":"The Specimen"}],"event_choices":[{"damage_healed":0,"gold_gain":0,"cards_transformed":["Strike_G"],"player_choice":"Transformed","damage_taken":0,"max_hp_gain":0,"max_hp_loss":0,"event_name":"Transmorgrifier","floor":5,"gold_loss":0,"cards_obtained":["Choke"]}],"is_beta":false,"boss_relics":[{"not_picked":["Runic Dome","Velvet Choker"],"picked":"Lizard Tail"}],"items_purged_floors":[2,13],"is_endless":false,"potions_floor_spawned":[3,7,14,16,21,22],"killed_by":"Slavers","ascension_level":17}