{"gold_per_floor":[110,110,124,124,135,135,147,72,72,97,111,140,155,175,175,273,273,285,285,304,315,325,353,353,371,371,317,317,329,232,232,232,232],"floor_reached":33,"playtime":2652,"items_purged":["Pain"],"score":356,"play_id":"c0fc0587-3f86-4404-9a3f-8d8000c7b5bf","local_time":"20190224103323","is_ascension_mode":false,"campfire_choices":[{"data":"Defend_G","floor":6,"key":"SMITH"},{"data":"PiercingWail","floor":15,"key":"SMITH"},{"floor":24,"key":"REST"},{"data":"Dodge and Roll","floor":32,"key":"SMITH"}],"neow_cost":"NONE","seed_source_timestamp":0,"circlet_count":0,"master_deck":["Defend_G+1","Defend_G","Defend_G","Defend_G","Defend_G","Survivor","Neutralize+1","PiercingWail+1","Quick Slash","Dagger Throw","Cloak And Dagger","Flying Knee","Deadly Poison","Deadly Poison","Acrobatics","Cloak And Dagger+1","Dagger Spray","Dodge and Roll+1","Deadly Poison","Bite","Bite","Bite","Bite","Bite","Deadly Poison+1","Sucker Punch"],"special_seed":0,"relics":["Ring of the Snake","NeowsBlessing","WarpedTongs","Whetstone","Ornamental Fan","HoveringKite","Regal Pillow","Torii","Mummified Hand"],"potions_floor_usage":[12,20,23,23,33,33],"damage_taken":[{"damage":0,"enemies":"Jaw Worm","floor":1,"turns":1},{"damage":0,"enemies":"2 Louse","floor":3,"turns":1},{"damage":0,"enemies":"Cultist","floor":5,"turns":1},{"damage":9,"enemies":"Blue Slaver","floor":7,"turns":5},{"damage":10,"enemies":"Gremlin Nob","floor":10,"turns":4},{"damage":0,"enemies":"Exordium Wildlife","floor":11,"turns":5},{"damage":0,"enemies":"Lagavulin","floor":12,"turns":6},{"damage":7,"enemies":"Looter","floor":13,"turns":3},{"damage":0,"enemies":"Red Slaver","floor":14,"turns":3},{"damage":19,"enemies":"The Guardian","floor":16,"turns":10},{"damage":10,"enemies":"Shell Parasite","floor":18,"turns":8},{"damage":10,"enemies":"Spheric Guardian","floor":20,"turns":6},{"damage":18,"enemies":"Chosen and Byrds","floor":21,"turns":7},{"damage":0,"enemies":"Snecko","floor":22,"turns":5},{"damage":19,"enemies":"Slavers","floor":23,"turns":6},{"damage":5,"enemies":"Shelled Parasite and Fungi","floor":25,"turns":8},{"damage":11,"enemies":"Centurion and Healer","floor":29,"turns":11},{"damage":80,"enemies":"Collector","floor":33,"turns":6}],"seed_played":"2106512665585270458","potions_obtained":[{"floor":3,"key":"Strength Potion"},{"floor":5,"key":"GhostInAJar"},{"floor":7,"key":"SpeedPotion"},{"floor":14,"key":"EssenceOfSteel"},{"floor":21,"key":"Poison Potion"},{"floor":22,"key":"SkillPotion"}],"is_trial":false,"path_per_floor":["M","?","M","?","M","R","M","$","T","E","M","E","M","M","R","B",null,"M","?","M","M","M","E","R","M","T","$","?","M","$","T","R","B"],"character_chosen":"THE_SILENT","items_purchased":["Deadly Poison","Dexterity Potion","Sucker Punch"],"campfire_rested":1,"item_purchase_floors":[27,30,30],"current_hp_per_floor":[70,70,70,70,70,70,61,61,61,51,51,51,46,48,48,31,70,60,60,52,36,38,21,57,54,54,54,54,70,70,70,70,0],"gold":232,"neow_bonus":"THREE_ENEMY_KILL","is_prod":false,"is_daily":false,"chose_seed":false,"campfire_upgraded":3,"win_rate":0,"timestamp":1551004403,"path_taken":["M","?","M","?","M","R","M","$","T","E","M","E","M","M","R","BOSS","M","?","M","M","M","E","R","M","T","$","?","M","$","?","R","BOSS"],"build_version":"2019-01-23","purchased_purges":1,"victory":false,"max_hp_per_floor":[70,70,70,70,70,70,70,70,70,70,70,70,70,70,70,70,70,70,70,70,70,70,70,70,70,70,70,70,70,70,70,70,70],"card_choices":[{"not_picked":["Prepared","Blade Dance","Catalyst"],"picked":"SKIP","floor":1},{"not_picked":["Backflip","Quick Slash"],"picked":"PiercingWail","floor":3},{"not_picked":["Acrobatics","Leg Sweep"],"picked":"Quick Slash","floor":5},{"not_picked":["Poisoned Stab","Noxious Fumes"],"picked":"Dagger Throw","floor":7},{"not_picked":["Grand Finale","Sucker Punch"],"picked":"Cloak And Dagger","floor":10},{"not_picked":["Deadly Poison","All Out Attack"],"picked":"Flying Knee","floor":11},{"not_picked":["Escape Plan","Tools of the Trade"],"picked":"Deadly Poison","floor":12},{"not_picked":["Underhanded Strike","Poisoned Stab"],"picked":"Deadly Poison","floor":13},{"not_picked":["All Out Attack","Outmaneuver","Bane"],"picked":"SKIP","floor":14},{"not_picked":["Deflect","Outmaneuver","Heel Hook+1"],"picked":"SKIP","floor":18},{"not_picked":["Dash","Blur"],"picked":"Acrobatics","floor":20},{"not_picked":["Caltrops","Accuracy"],"picked":"Cloak And Dagger+1","floor":21},{"not_picked":["Leg Sweep+1","Quick Slash"],"picked":"Dagger Spray","floor":22},{"not_picked":["Tactician","Slice"],"picked":"Dodge and Roll","floor":23},{"not_picked":["Heel Hook","Riddle With Holes","Bane"],"picked":"SKIP","floor":25},{"not_picked":["Accuracy","Bane"],"picked":"Deadly Poison+1","floor":29}],"player_experience":479502,"relics_obtained":[{"floor":9,"key":"Whetstone"},{"floor":10,"key":"Ornamental Fan"},{"floor":12,"key":"Blood Vial"},{"floor":23,"key":"Regal Pillow"},{"floor":26,"key":"Torii"},{"floor":31,"key":"Mummified Hand"}],"event_choices":[{"damage_healed":0,"gold_gain":0,"player_choice":"Grow","damage_taken":0,"max_hp_gain":0,"max_hp_loss":0,"event_name":"Living Wall","floor":2,"gold_loss":0,"cards_upgraded":["Neutralize"]},{"damage_healed":0,"gold_gain":0,"player_choice":"Rummage","damage_taken":0,"relics_obtained":["WarpedTongs"],"max_hp_gain":0,"max_hp_loss":0,"event_name":"Accursed Blacksmith","floor":4,"gold_loss":0,"cards_obtained":["Pain"]},{"damage_healed":0,"gold_gain":0,"player_choice":"Ignored","damage_taken":0,"max_hp_gain":0,"max_hp_loss":0,"event_name":"Ghosts","floor":19,"gold_loss":0},{"damage_healed":0,"gold_gain":0,"player_choice":"Became a vampire (Vial)","damage_taken":0,"max_hp_gain":0,"max_hp_loss":0,"event_name":"Vampires","floor":28,"relics_lost":["Blood Vial"],"gold_loss":0,"cards_obtained":["Bite","Bite","Bite","Bite","Bite"]}],"is_beta":false,"boss_relics":[{"not_picked":["Astrolabe","Snecko Eye"],"picked":"HoveringKite"}],"items_purged_floors":[8],"is_endless":false,"potions_floor_spawned":[3,5,7,14,21,22],"killed_by":"Collector","ascension_level":0}