{"gold_per_floor":[114,114,30,30,40,65,6,22,22,41,68,79,79,109,109,186,186,196,20,20,20,20,51,51,51,77,77,93,93,93],"floor_reached":30,"playtime":1900,"items_purged":[],"score":578,"play_id":"1401cf5f-7498-4a14-b1ad-965a08b1205b","local_time":"20190719181359","is_ascension_mode":true,"campfire_choices":[{"data":"Defragment","floor":15.0,"key":"SMITH"},{"data":"Fission","floor":25,"key":"SMITH"},{"floor":27,"key":"REST"}],"neow_cost":"NONE","seed_source_timestamp":761199414129745,"circlet_count":0,"master_deck":["AscendersBane","Strike_B","Strike_B","Defend_B","Defend_B","Defend_B","Defend_B","Zap","Dualcast","Go for the Eyes+1","Doom and Gloom","Cold Snap","Steam","Capacitor","Defragment+1","Self Repair","Conserve Battery","Multi-Cast","Fission+1","Core Surge","Necronomicurse","RitualDagger","Auto Shields","Ball Lightning","Ghostly","Ghostly","Ghostly"],"special_seed":0,"relics":["Cracked Core","NeowsBlessing","WarpedTongs","Symbiotic Virus","Smiling Mask","Pen Nib","Lantern","Empty Cage","Necronomicon","Cables","Blue Candle","Happy Flower"],"potions_floor_usage":[23,23,30],"damage_taken":[{"damage":0.0,"enemies":"2 Louse","floor":1.0,"turns":1.0},{"damage":0.0,"enemies":"Cultist","floor":5.0,"turns":1.0},{"damage":2.0,"enemies":"3 Sentries","floor":6.0,"turns":2.0},{"damage":3.0,"enemies":"Small Slimes","floor":8.0,"turns":3.0},{"damage":6.0,"enemies":"Looter","floor":10.0,"turns":3.0},{"damage":2.0,"enemies":"Lagavulin","floor":11.0,"turns":5.0},{"damage":22.0,"enemies":"3 Louse","floor":12.0,"turns":4.0},{"damage":19.0,"enemies":"Gremlin Nob","floor":14.0,"turns":4.0},{"damage":22,"enemies":"The Guardian","floor":16,"turns":6},{"damage":9,"enemies":"Shell Parasite","floor":18,"turns":9},{"damage":11,"enemies":"Slavers","floor":23,"turns":6},{"damage":4,"enemies":"3 Byrds","floor":28,"turns":4},{"damage":35,"enemies":"Gremlin Leader","floor":30,"turns":6}],"seed_played":"-2788419918977664806","potions_obtained":[{"floor":6.0,"key":"Fire Potion"},{"floor":8.0,"key":"SpeedPotion"},{"floor":12.0,"key":"SkillPotion"},{"floor":28,"key":"PowerPotion"}],"is_trial":false,"path_per_floor":["M","?","$","?","M","E","$","M","T","M","E","M","?","E","R","B",null,"M","$","?","$","?","E","T","R","T","R","M","?","E"],"character_chosen":"DEFECT","items_purchased":["Doom and Gloom","Steam","Core Surge"],"campfire_rested":1,"item_purchase_floors":[3,7,19],"current_hp_per_floor":[64,64,64,64,64,62,62,59,59,53,51,36,36,24,24,2,54,52,52,31,31,25,21,21,21,21,42,45,35,0],"gold":93,"neow_bonus":"THREE_ENEMY_KILL","is_prod":false,"is_daily":false,"chose_seed":false,"campfire_upgraded":2,"win_rate":0,"timestamp":1563556439,"path_taken":["M","?","$","?","M","E","$","M","T","M","E","?","?","E","R","BOSS","M","?","?","$","?","E","?","R","T","R","?","?","E"],"build_version":"2019-07-17","purchased_purges":0,"victory":false,"max_hp_per_floor":[71,71,71,71,71,71,71,71,71,71,71,71,71,71,71,71,71,71,71,71,71,71,71,71,71,71,71,71,35,35],"card_choices":[{"not_picked":["Hologram","Streamline"],"picked":"Go for the Eyes","floor":1.0},{"not_picked":["Tempest","Turbo"],"picked":"Cold Snap","floor":5.0},{"not_picked":["Tempest","Heatsinks","Stack"],"picked":"SKIP","floor":6.0},{"not_picked":["Redo","Barrage"],"picked":"Capacitor","floor":8.0},{"not_picked":["Turbo","Cold Snap"],"picked":"Defragment","floor":10.0},{"not_picked":["Defragment","Sweeping Beam"],"picked":"Self Repair","floor":11.0},{"not_picked":["Streamline","Gash"],"picked":"Conserve Battery","floor":12.0},{"not_picked":["All For One","Static Discharge","Rebound"],"picked":"SKIP","floor":14.0},{"not_picked":["Thunder Strike","Seek"],"picked":"Fission","floor":16},{"not_picked":["Steam Power","Barrage","Stack"],"picked":"SKIP","floor":18},{"not_picked":["Barrage","Storm"],"picked":"Auto Shields","floor":23},{"not_picked":["Skim","Rip and Tear"],"picked":"Ball Lightning","floor":28}],"player_experience":1028570,"relics_obtained":[{"floor":6.0,"key":"Symbiotic Virus"},{"floor":9.0,"key":"Smiling Mask"},{"floor":11.0,"key":"Pen Nib"},{"floor":14.0,"key":"Lantern"},{"floor":20,"key":"Necronomicon"},{"floor":23,"key":"Cables"},{"floor":24,"key":"Blue Candle"},{"floor":26,"key":"Happy Flower"}],"event_choices":[{"damage_healed":0.0,"max_hp_gain":0.0,"max_hp_loss":0.0,"gold_gain":0.0,"event_name":"Living Wall","player_choice":"Grow","floor":2.0,"gold_loss":0.0,"damage_taken":0.0,"cards_upgraded":["Go for the Eyes"]},{"damage_healed":0.0,"max_hp_gain":0.0,"max_hp_loss":0.0,"gold_gain":0.0,"event_name":"Accursed Blacksmith","player_choice":"Rummage","floor":4.0,"gold_loss":0.0,"damage_taken":0.0,"relics_obtained":["WarpedTongs"],"cards_obtained":["Pain"]},{"damage_healed":0.0,"max_hp_gain":0.0,"max_hp_loss":0.0,"gold_gain":0.0,"cards_transformed":["Strike_B"],"event_name":"Transmorgrifier","player_choice":"Transformed","floor":13.0,"gold_loss":0.0,"damage_taken":0.0,"cards_obtained":["Multi-Cast"]},{"damage_healed":0,"gold_gain":0,"player_choice":"Obtained Book","damage_taken":21,"max_hp_gain":0,"max_hp_loss":0,"event_name":"Cursed Tome","floor":20,"gold_loss":0},{"damage_healed":0,"gold_gain":0,"player_choice":"Joined the Cult","damage_taken":6,"max_hp_gain":0,"max_hp_loss":0,"event_name":"Nest","floor":22,"gold_loss":0,"cards_obtained":["RitualDagger"]},{"damage_healed":0,"gold_gain":0,"player_choice":"Became a Ghost","damage_taken":0,"max_hp_gain":0,"max_hp_loss":36,"event_name":"Ghosts","floor":29,"gold_loss":0,"cards_obtained":["Ghostly","Ghostly","Ghostly"]}],"is_beta":false,"boss_relics":[{"not_picked":["Astrolabe","Busted Crown"],"picked":"Empty Cage"}],"items_purged_floors":[],"is_endless":false,"potions_floor_spawned":[6,8,11,12,28],"killed_by":"Gremlin Leader","ascension_level":20}