{"gold_per_floor":[118,68,84,84,97,125,125,75,75,75,89,107,121,121,121,246,246,262,40,53,53,73,73,117,117,117,117,135,54,54,54,54,54],"floor_reached":33,"playtime":2524,"items_purged":["Normality"],"score":290,"play_id":"8a1e5a06-71d4-4941-a410-a97bb946a697","local_time":"20190817093539","is_ascension_mode":false,"campfire_choices":[{"data":"After Image","floor":10.0,"key":"SMITH"},{"floor":15.0,"key":"REST"},{"data":"Accuracy","floor":23,"key":"SMITH"},{"floor":25,"key":"REST"},{"floor":27,"key":"REST"},{"floor":32,"key":"REST"}],"neow_cost":"NONE","seed_source_timestamp":0,"circlet_count":0,"master_deck":["Strike_G","Strike_G","Strike_G","Strike_G","Defend_G+1","Defend_G","Defend_G","Defend_G","Survivor","Neutralize+1","Slice","Poisoned Stab","Cloak And Dagger","Accuracy+1","After Image+1","Injury","Leg Sweep","Deadly Poison","Skewer","Decay","Clumsy","Blade Dance+1","Envenom","Catalyst","Blur","Deflect","Corpse Explosion","Backstab","Infinite Blades"],"special_seed":0,"relics":["Ring of the Snake","Ornamental Fan","Bloody Idol","War Paint","Bag of Preparation","Calling Bell","Centennial Puzzle","Pear","Thread and Needle","Ancient Tea Set","FossilizedHelix"],"potions_floor_usage":[24,28,33,33],"damage_taken":[{"damage":4.0,"enemies":"Jaw Worm","floor":1.0,"turns":5.0},{"damage":2.0,"enemies":"2 Louse","floor":3.0,"turns":3.0},{"damage":0.0,"enemies":"Small Slimes","floor":5.0,"turns":4.0},{"damage":31.0,"enemies":"Lagavulin","floor":6.0,"turns":10.0},{"damage":0.0,"enemies":"Looter","floor":11.0,"turns":4.0},{"damage":12.0,"enemies":"Exordium Thugs","floor":12.0,"turns":9.0},{"damage":7.0,"enemies":"3 Louse","floor":13.0,"turns":4.0},{"damage":21.0,"enemies":"The Guardian","floor":16.0,"turns":16.0},{"damage":17.0,"enemies":"Spheric Guardian","floor":18.0,"turns":8.0},{"damage":4.0,"enemies":"Shell Parasite","floor":20.0,"turns":8.0},{"damage":4,"enemies":"Shelled Parasite and Fungi","floor":22,"turns":9},{"damage":54,"enemies":"Gremlin Leader","floor":24,"turns":7},{"damage":25,"enemies":"3 Cultists","floor":28,"turns":9},{"damage":123,"enemies":"Automaton","floor":33,"turns":12}],"seed_played":"-7870755882898710171","potions_obtained":[{"floor":3.0,"key":"Dexterity Potion"},{"floor":11.0,"key":"SpeedPotion"},{"floor":12.0,"key":"Ancient Potion"},{"floor":13.0,"key":"EntropicBrew"},{"floor":16.0,"key":"Fire Potion"},{"floor":24,"key":"LiquidBronze"},{"floor":28,"key":"Energy Potion"}],"is_trial":false,"path_per_floor":["M","$","M","?","M","E","?","?","T","R","M","M","M","T","R","B",null,"M","$","M","?","M","R","E","R","T","R","M","$","?","$","R","B"],"character_chosen":"THE_SILENT","items_purchased":["Poisoned Stab","Envenom","Catalyst","Infinite Blades"],"campfire_rested":4,"item_purchase_floors":[2,19,19,29],"current_hp_per_floor":[73,73,71,71,71,40,40,40,40,40,40,28,21,21,44,23,87,70,70,66,66,62,62,8,34,34,60,35,35,35,35,61,0],"gold":54,"neow_bonus":"TEN_PERCENT_HP_BONUS","is_prod":false,"is_daily":false,"chose_seed":false,"campfire_upgraded":2,"win_rate":0,"timestamp":1566005739,"path_taken":["M","$","M","?","M","E","?","?","T","R","M","M","M","?","R","BOSS","M","$","M","?","M","R","E","R","T","R","M","$","?","?","R","BOSS"],"build_version":"2019-07-17","purchased_purges":1,"victory":false,"max_hp_per_floor":[77,77,77,77,77,77,77,77,77,77,77,77,77,77,77,77,87,87,87,87,87,87,87,87,87,87,87,87,87,87,87,87,87],"card_choices":[{"not_picked":["Dagger Spray","Sucker Punch"],"picked":"Slice","floor":1.0},{"not_picked":["Endless Agony","Underhanded Strike"],"picked":"Cloak And Dagger","floor":3.0},{"not_picked":["Dagger Spray","Prepared"],"picked":"Accuracy","floor":5.0},{"not_picked":["Cloak And Dagger","Dagger Throw"],"picked":"After Image","floor":6.0},{"not_picked":["Dagger Spray","Prepared"],"picked":"Leg Sweep","floor":11.0},{"not_picked":["Distraction","All Out Attack"],"picked":"Deadly Poison","floor":12.0},{"not_picked":["Underhanded Strike","Flying Knee"],"picked":"Skewer","floor":13.0},{"not_picked":["Concentrate","Bane"],"picked":"Blade Dance+1","floor":18.0},{"not_picked":["Tactician","Expertise"],"picked":"Blur","floor":20.0},{"not_picked":["Deadly Poison","Acrobatics"],"picked":"Deflect","floor":22},{"not_picked":["Bouncing Flask","Setup"],"picked":"Corpse Explosion","floor":24},{"not_picked":["Slice","Bane"],"picked":"Backstab","floor":28}],"player_experience":191880,"relics_obtained":[{"floor":6.0,"key":"Ornamental Fan"},{"floor":9.0,"key":"War Paint"},{"floor":14.0,"key":"Bag of Preparation"},{"floor":17.0,"key":"Centennial Puzzle"},{"floor":17.0,"key":"Pear"},{"floor":17.0,"key":"Thread and Needle"},{"floor":24,"key":"Ancient Tea Set"},{"floor":26,"key":"FossilizedHelix"}],"event_choices":[{"damage_healed":0.0,"max_hp_gain":0.0,"max_hp_loss":0.0,"gold_gain":0.0,"event_name":"Living Wall","player_choice":"Grow","floor":4.0,"gold_loss":0.0,"damage_taken":0.0,"cards_upgraded":["Neutralize"]},{"damage_healed":0.0,"max_hp_gain":0.0,"max_hp_loss":0.0,"gold_gain":0.0,"event_name":"Golden Idol","player_choice":"Take Wound","floor":7.0,"gold_loss":0.0,"damage_taken":0.0,"relics_obtained":["Golden Idol"],"cards_obtained":["Injury"]},{"cards_removed":["Strike_G"],"damage_healed":0.0,"max_hp_gain":0.0,"max_hp_loss":0.0,"gold_gain":0.0,"event_name":"The Cleric","player_choice":"Card Removal","floor":8.0,"gold_loss":50.0,"damage_taken":0.0},{"cards_removed":["Defend_G"],"damage_healed":0,"gold_gain":0,"player_choice":"Elegance","damage_taken":0,"max_hp_gain":0,"max_hp_loss":0,"event_name":"Back to Basics","floor":21,"gold_loss":0},{"damage_healed":0,"gold_gain":0,"player_choice":"Gave Idol","damage_taken":0,"relics_obtained":["Bloody Idol"],"max_hp_gain":0,"max_hp_loss":0,"event_name":"Forgotten Altar","floor":30,"relics_lost":["Golden Idol"],"gold_loss":0}],"is_beta":false,"boss_relics":[{"not_picked":["Runic Dome","Cursed Key"],"picked":"Calling Bell"}],"items_purged_floors":[19],"is_endless":false,"potions_floor_spawned":[3,11,12,13,16,24,28],"killed_by":"Automaton","ascension_level":0}