{"gold_per_floor":[16,34,34,63,92,132,144,185,247,259,306,318,330,267,279,366,378,409,433,458,470,163,195,195,195,195,227,240,19,39,55,55,128,128,140,1139,1189,439,459,459,494,494,494,43,54,88,88,113,113,113],"floor_reached":51,"playtime":3946,"items_purged":["Normality","Normality"],"score":1650,"play_id":"304bb88d-f9c6-4f1e-9465-edacb9dc5876","local_time":"20190414002854","is_ascension_mode":true,"campfire_choices":[{"data":"Perfected Strike","floor":7.0,"key":"SMITH"},{"data":"Disarm","floor":13.0,"key":"SMITH"},{"data":"Bash","floor":15.0,"key":"SMITH"},{"floor":25.0,"key":"REST"},{"data":"Armaments","floor":32.0,"key":"SMITH"},{"data":"Limit Break","floor":40.0,"key":"SMITH"},{"data":"Spot Weakness","floor":42.0,"key":"SMITH"},{"data":"Disarm","floor":47.0,"key":"SMITH"},{"floor":49,"key":"REST"}],"neow_cost":"NO_GOLD","seed_source_timestamp":0,"circlet_count":0,"master_deck":["AscendersBane","Strike_R","Strike_R","Strike_R","Strike_R","Defend_R","Defend_R","Defend_R","Defend_R","Bash+1","Feed","Shrug It Off","Perfected Strike+1","Anger","Pommel Strike","Disarm+1","Double Tap","Armaments+1","Exhume","Combust","Spot Weakness+1","Clothesline+1","Fiend Fire+1","Cleave+1","Perfected Strike+1","Limit Break+1","Whirlwind+1","Disarm+1","Feel No Pain+1","Corruption+1"],"special_seed":0,"relics":["Burning Blood","MawBank","Blue Candle","Blood Vial","Lantern","Molten Egg 2","Mercury Hourglass","Busted Crown","Enchiridion","Bag of Preparation","Meat on the Bone","Pear","Matryoshka","Bag of Marbles","Velvet Choker","Lee\u0027s Waffle","Strawberry","Tiny Chest","Ornamental Fan","Frozen Egg 2","Singing Bowl","Pen Nib","Art of War","Omamori"],"potions_floor_usage":[48,50,50],"damage_taken":[{"damage":4.0,"enemies":"Small Slimes","floor":1.0,"turns":3.0},{"damage":1.0,"enemies":"2 Louse","floor":2.0,"turns":4.0},{"damage":7.0,"enemies":"Jaw Worm","floor":4.0,"turns":3.0},{"damage":8.0,"enemies":"2 Fungi Beasts","floor":5.0,"turns":3.0},{"damage":12.0,"enemies":"Lagavulin","floor":6.0,"turns":5.0},{"damage":7.0,"enemies":"3 Sentries","floor":8.0,"turns":6.0},{"damage":8.0,"enemies":"Gremlin Nob","floor":11.0,"turns":3.0},{"damage":35.0,"enemies":"Hexaghost","floor":16.0,"turns":11.0},{"damage":17.0,"enemies":"2 Thieves","floor":18.0,"turns":3.0},{"damage":19.0,"enemies":"Spheric Guardian","floor":19.0,"turns":4.0},{"damage":36.0,"enemies":"Snecko","floor":20.0,"turns":6.0},{"damage":10.0,"enemies":"Gremlin Leader","floor":23.0,"turns":6.0},{"damage":20.0,"enemies":"Colosseum Slavers","floor":24.0,"turns":3.0},{"damage":48.0,"enemies":"Slavers","floor":27.0,"turns":8.0},{"damage":8.0,"enemies":"Snake Plant","floor":28.0,"turns":2.0},{"damage":0.0,"enemies":"Chosen and Byrds","floor":30.0,"turns":4.0},{"damage":0.0,"enemies":"Sentry and Sphere","floor":31.0,"turns":2.0},{"damage":71.0,"enemies":"Collector","floor":33.0,"turns":8.0},{"damage":6.0,"enemies":"Orb Walker","floor":35.0,"turns":2.0},{"damage":10.0,"enemies":"3 Shapes","floor":39.0,"turns":2.0},{"damage":50.0,"enemies":"Reptomancer","floor":41.0,"turns":5.0},{"damage":19.0,"enemies":"Writhing Mass","floor":45.0,"turns":6.0},{"damage":0.0,"enemies":"Nemesis","floor":46.0,"turns":1.0},{"damage":37,"enemies":"Reptomancer","floor":48,"turns":4},{"damage":43,"enemies":"Awakened One","floor":50,"turns":16}],"seed_played":"-1379745179525363196","potions_obtained":[{"floor":2.0,"key":"SteroidPotion"},{"floor":5.0,"key":"Energy Potion"},{"floor":16.0,"key":"Explosive Potion"},{"floor":18.0,"key":"LiquidBronze"},{"floor":28.0,"key":"Poison Potion"},{"floor":31.0,"key":"Fire Potion"}],"is_trial":false,"path_per_floor":["M","M","?","M","M","E","R","E","T","?","E","T","R","?","R","B",null,"M","M","M","?","$","E","?","R","T","E","M","$","M","M","R","B",null,"M","?","?","$","M","R","E","R","T","$","M","E","R","E","R","B",null],"character_chosen":"IRONCLAD","items_purchased":["Spot Weakness","Bag of Preparation","Clothesline+1","SkillPotion","Bag of Marbles","Cleave+1","Whirlwind+1","Lee\u0027s Waffle","Strawberry","Disarm","Tiny Chest","Feel No Pain+1","Pen Nib","EntropicBrew"],"campfire_rested":2,"item_purchase_floors":[22,22,22,22,29,29,38,38,38,38,38,44,44,44],"current_hp_per_floor":[73,81,55,57,58,52,52,54,54,59,59,59,59,59,59,35,82,76,68,43,22,22,23,26,59,69,45,60,60,83,94,94,43,113,115,115,115,150,146,146,104,104,104,104,95,105,105,91,138,118],"gold":113,"neow_bonus":"THREE_RARE_CARDS","is_prod":false,"is_daily":false,"chose_seed":false,"campfire_upgraded":7,"win_rate":0,"timestamp":1555198134,"path_taken":["M","M","?","M","M","E","R","E","T","?","E","?","R","?","R","BOSS","M","M","M","?","$","E","?","R","T","E","?","$","M","M","R","BOSS","M","?","?","$","M","R","E","R","T","$","?","E","R","E","R","BOSS"],"build_version":"2019-01-23","purchased_purges":2,"victory":true,"max_hp_per_floor":[78,81,81,84,87,87,87,90,90,95,95,95,95,95,95,98,98,101,104,107,107,107,110,113,113,123,127,130,130,133,136,136,136,136,136,136,136,150,150,150,150,150,150,150,152,154,154,157,157,157],"card_choices":[{"not_picked":["Exhume","Double Tap"],"picked":"Feed","floor":0.0},{"not_picked":["Pommel Strike","Wild Strike"],"picked":"Shrug It Off","floor":1.0},{"not_picked":["Iron Wave","Reckless Charge"],"picked":"Perfected Strike","floor":2.0},{"not_picked":["Exhume","Havoc"],"picked":"Anger","floor":4.0},{"not_picked":["True Grit","Dropkick"],"picked":"Pommel Strike","floor":5.0},{"not_picked":["Iron Wave","Bloodletting"],"picked":"Disarm","floor":6.0},{"not_picked":["Whirlwind","Body Slam"],"picked":"Double Tap","floor":8.0},{"not_picked":["Entrench","Pummel"],"picked":"Armaments","floor":11.0},{"not_picked":["Bludgeon+1","Dark Embrace"],"picked":"Exhume","floor":16.0},{"not_picked":["Sever Soul+1"],"picked":"SKIP","floor":18.0},{"not_picked":[],"picked":"Combust","floor":19.0},{"not_picked":["Sentinel"],"picked":"SKIP","floor":20.0},{"not_picked":[],"picked":"Fiend Fire+1","floor":23.0},{"not_picked":["Warcry"],"picked":"SKIP","floor":27.0},{"not_picked":["Havoc"],"picked":"SKIP","floor":28.0},{"not_picked":[],"picked":"Perfected Strike+1","floor":30.0},{"not_picked":["Burning Pact"],"picked":"SKIP","floor":31.0},{"not_picked":[],"picked":"Limit Break","floor":33.0},{"not_picked":["Clothesline+1"],"picked":"SKIP","floor":35.0},{"not_picked":["Anger+1"],"picked":"SKIP","floor":39.0},{"not_picked":["Anger+1"],"picked":"SKIP","floor":41.0},{"not_picked":["Metallicize+1"],"picked":"Singing Bowl","floor":45.0},{"not_picked":["Clothesline+1"],"picked":"Singing Bowl","floor":46.0},{"not_picked":[],"picked":"Corruption+1","floor":48}],"player_experience":795666,"relics_obtained":[{"floor":6.0,"key":"Blue Candle"},{"floor":8.0,"key":"Blood Vial"},{"floor":9.0,"key":"Lantern"},{"floor":11.0,"key":"Molten Egg 2"},{"floor":12.0,"key":"Mercury Hourglass"},{"floor":21.0,"key":"Enchiridion"},{"floor":23.0,"key":"Meat on the Bone"},{"floor":26.0,"key":"Pear"},{"floor":27.0,"key":"Matryoshka"},{"floor":41.0,"key":"Ornamental Fan"},{"floor":43.0,"key":"Frozen Egg 2"},{"floor":43.0,"key":"Singing Bowl"},{"floor":46.0,"key":"Art of War"},{"floor":48,"key":"Omamori"}],"event_choices":[{"damage_healed":0.0,"max_hp_gain":0.0,"max_hp_loss":0.0,"gold_gain":0.0,"event_name":"Scrap Ooze","player_choice":"Success","floor":3.0,"gold_loss":0.0,"damage_taken":26.0,"relics_obtained":["MawBank"]},{"damage_healed":0.0,"max_hp_gain":5.0,"max_hp_loss":0.0,"gold_gain":0.0,"event_name":"Big Fish","player_choice":"Donut","floor":10.0,"gold_loss":0.0,"damage_taken":0.0},{"cards_removed":["Strike_R"],"damage_healed":0.0,"max_hp_gain":0.0,"max_hp_loss":0.0,"gold_gain":0.0,"event_name":"The Cleric","player_choice":"Card Removal","floor":14.0,"gold_loss":75.0,"damage_taken":0.0},{"damage_healed":0.0,"max_hp_gain":0.0,"max_hp_loss":0.0,"gold_gain":0.0,"event_name":"Cursed Tome","player_choice":"Obtained Book","floor":21.0,"gold_loss":0.0,"damage_taken":21.0},{"damage_healed":0.0,"max_hp_gain":0.0,"max_hp_loss":0.0,"gold_gain":0.0,"event_name":"Colosseum","player_choice":"Fight","floor":24.0,"gold_loss":0.0,"damage_taken":0.0},{"damage_healed":0.0,"max_hp_gain":0.0,"max_hp_loss":0.0,"gold_gain":0.0,"event_name":"Colosseum","player_choice":"Fled From Nobs","floor":24.0,"gold_loss":0.0,"damage_taken":0.0},{"damage_healed":0.0,"max_hp_gain":0.0,"max_hp_loss":0.0,"gold_gain":999.0,"event_name":"MindBloom","player_choice":"Gold","floor":36.0,"gold_loss":0.0,"damage_taken":0.0,"cards_obtained":["Normality","Normality"]},{"damage_healed":0.0,"max_hp_gain":0.0,"max_hp_loss":0.0,"gold_gain":50.0,"event_name":"Golden Shrine","player_choice":"Pray","floor":37.0,"gold_loss":0.0,"damage_taken":0.0}],"is_beta":false,"boss_relics":[{"not_picked":["Runic Cube","Eternal Feather"],"picked":"Busted Crown"},{"not_picked":["Philosopher\u0027s Stone","Pandora\u0027s Box"],"picked":"Velvet Choker"}],"items_purged_floors":[38,44],"is_endless":false,"potions_floor_spawned":[2,5,16,18,24,28,30,31,33,35,41,45,46],"ascension_level":18}