{"gold_per_floor":[111,186,198,298,308,340,340,351,351,366,366,46,61,61],"floor_reached":14,"playtime":408,"items_purged":["Strike_R"],"score":92,"play_id":"64d65459-f109-40f8-8233-95deb4464c4e","local_time":"20190225185749","is_ascension_mode":false,"campfire_choices":[{"data":"Bash","floor":7,"key":"SMITH"}],"neow_cost":"NONE","seed_source_timestamp":322280889297730,"circlet_count":0,"master_deck":["Strike_R","Strike_R","Strike_R","Strike_R","Defend_R","Defend_R","Defend_R","Defend_R","Bash+1","Clash","Twin Strike","Flex","Exhume","Armaments","Spot Weakness","Iron Wave"],"relics":["Burning Blood","Frozen Egg 2"],"potions_floor_usage":[6,10],"damage_taken":[{"damage":0,"enemies":"Small Slimes","floor":1,"turns":3},{"damage":11,"enemies":"Jaw Worm","floor":3,"turns":3},{"damage":0,"enemies":"Cultist","floor":5,"turns":2},{"damage":19,"enemies":"Lagavulin","floor":6,"turns":5},{"damage":24,"enemies":"Exordium Thugs","floor":8,"turns":5},{"damage":9,"enemies":"Large Slime","floor":10,"turns":6},{"damage":0,"enemies":"3 Louse","floor":13,"turns":4},{"damage":5,"enemies":"Exordium Wildlife","floor":14,"turns":3}],"seed_played":"1705431810298528174","potions_obtained":[{"floor":1,"key":"Block Potion"},{"floor":5,"key":"SkillPotion"},{"floor":10,"key":"Poison Potion"}],"is_trial":false,"path_per_floor":["M","?","M","?","M","E","R","M","T","M","T","$","M","M"],"character_chosen":"IRONCLAD","items_purchased":["Frozen Egg 2"],"campfire_rested":0,"item_purchase_floors":[12],"current_hp_per_floor":[88,77,72,72,78,65,65,47,47,44,44,44,50,45],"gold":61,"neow_bonus":"TEN_PERCENT_HP_BONUS","is_prod":false,"is_daily":false,"chose_seed":false,"campfire_upgraded":1,"win_rate":0,"timestamp":1551121069,"path_taken":["M","?","M","?","M","E","R","?","T","M","?","$","M","M"],"build_version":"2019-01-23","purchased_purges":1,"victory":false,"max_hp_per_floor":[88,88,88,88,88,88,88,88,88,88,88,88,88,88],"card_choices":[{"not_picked":["Entrench","Shrug It Off"],"picked":"Clash","floor":1},{"not_picked":["True Grit","Thunderclap"],"picked":"Twin Strike","floor":3},{"not_picked":["Combust","Warcry"],"picked":"Flex","floor":5},{"not_picked":["Iron Wave","True Grit"],"picked":"Exhume","floor":6},{"not_picked":["True Grit","Reckless Charge"],"picked":"Armaments","floor":8},{"not_picked":["Sword Boomerang","Havoc"],"picked":"Spot Weakness","floor":10},{"not_picked":["Shrug It Off","Twin Strike"],"picked":"Iron Wave","floor":13}],"player_experience":497783,"relics_obtained":[],"event_choices":[{"damage_healed":0,"gold_gain":75,"player_choice":"Gather Gold","damage_taken":11,"max_hp_gain":0,"max_hp_loss":0,"event_name":"World of Goop","floor":2,"gold_loss":0},{"damage_healed":0,"gold_gain":100,"player_choice":"Pray","damage_taken":0,"max_hp_gain":0,"max_hp_loss":0,"event_name":"Golden Shrine","floor":4,"gold_loss":0}],"is_beta":false,"boss_relics":[],"items_purged_floors":[12],"is_endless":false,"potions_floor_spawned":[1,5,10],"killed_by":"Exordium Wildlife","ascension_level":0}