{"gold_per_floor":[143,143,170,18,34,34,60,85,109,109,130,130,130,165,165,285,285,304,304,323,136,151,151,192,192,216,216,236,251,251,251,251,381,381,402,423,30,155,170,208,233,267,267,320,338,356,356,397,397,397,397,397,45,84,84],"floor_reached":56,"playtime":5166,"items_purged":["Defend_B"],"score":1255,"play_id":"fd5b3bfb-a20b-4f0b-a88f-546bcd7bc397","local_time":"20190302170255","is_ascension_mode":false,"campfire_choices":[{"data":"Zap","floor":6,"key":"SMITH"},{"data":"Defragment","floor":10,"key":"SMITH"},{"data":"Hologram","floor":13,"key":"SMITH"},{"data":"Streamline","floor":15,"key":"SMITH"},{"data":"Defragment","floor":23,"key":"SMITH"},{"data":"Capacitor","floor":25,"key":"SMITH"},{"data":"White Noise","floor":27,"key":"SMITH"},{"floor":32,"key":"REST"},{"floor":49,"key":"RECALL"},{"data":"Consume","floor":52,"key":"SMITH"}],"neow_cost":"NONE","seed_source_timestamp":742612391698768,"circlet_count":0,"master_deck":["Strike_B","Strike_B","Strike_B","Strike_B","Defend_B","Defend_B","Defend_B","Zap+1","Dualcast","Self Repair","Defragment+1","Melter","Glacier","Streamline+1","Reinforced Body","Hologram+1","Capacitor+1","Rainbow","Coolheaded","Defragment+1","White Noise+1","Undo","Consume+1","RitualDagger","Sunder+1","Coolheaded","Coolheaded+1","Deep Breath+1","Leap+1","Hologram+1","White Noise+1","Auto Shields+1","Conserve Battery+1","Stack+1","Double Energy+1","Storm","Hologram+1"],"relics":["Cracked Core","Tiny Chest","Golden Idol","Lantern","Odd Mushroom","Vajra","Bag of Preparation","Busted Crown","Nilry\u0027s Codex","Boot","Happy Flower","Kunai","Coffee Dripper","Toxic Egg 2","Prayer Wheel","Potion Belt","Gremlin Horn","Regal Pillow","Art of War","Bronze Scales","Mercury Hourglass"],"potions_floor_usage":[7,24,24,24,42,48,48,50,54,54,55,55,55],"damage_taken":[{"damage":1,"enemies":"Jaw Worm","floor":1,"turns":3},{"damage":5,"enemies":"Small Slimes","floor":5,"turns":3},{"damage":1,"enemies":"The Mushroom Lair","floor":7,"turns":4},{"damage":0,"enemies":"2 Louse","floor":8,"turns":3},{"damage":8,"enemies":"Looter","floor":11,"turns":3},{"damage":24,"enemies":"Lagavulin","floor":14,"turns":4},{"damage":3,"enemies":"The Guardian","floor":16,"turns":10},{"damage":0,"enemies":"3 Byrds","floor":18,"turns":5},{"damage":0,"enemies":"Spheric Guardian","floor":20,"turns":2},{"damage":21,"enemies":"3 Cultists","floor":22,"turns":4},{"damage":15,"enemies":"Slavers","floor":24,"turns":5},{"damage":8,"enemies":"Snake Plant","floor":28,"turns":4},{"damage":4,"enemies":"Sentry and Sphere","floor":29,"turns":4},{"damage":9,"enemies":"Automaton","floor":33,"turns":7},{"damage":21,"enemies":"3 Darklings","floor":35,"turns":4},{"damage":0,"enemies":"3 Shapes","floor":36,"turns":17},{"damage":0,"enemies":"Mind Bloom Boss Battle","floor":38,"turns":10},{"damage":5,"enemies":"Jaw Worm Horde","floor":39,"turns":6},{"damage":0,"enemies":"Giant Head","floor":40,"turns":11},{"damage":4,"enemies":"Writhing Mass","floor":41,"turns":6},{"damage":16,"enemies":"Reptomancer","floor":42,"turns":12},{"damage":0,"enemies":"Sphere and 2 Shapes","floor":45,"turns":5},{"damage":0,"enemies":"3 Darklings","floor":46,"turns":7},{"damage":16,"enemies":"Nemesis","floor":48,"turns":13},{"damage":12,"enemies":"Awakened One","floor":50,"turns":16},{"damage":25,"enemies":"Shield and Spear","floor":54,"turns":6},{"damage":11,"enemies":"The Heart","floor":55,"turns":12}],"seed_played":"-4550931843957184729","potions_obtained":[{"floor":5,"key":"Fire Potion"},{"floor":8,"key":"Energy Potion"},{"floor":11,"key":"Fire Potion"},{"floor":16,"key":"FairyPotion"},{"floor":20,"key":"Poison Potion"},{"floor":29,"key":"Ancient Potion"},{"floor":38,"key":"Weak Potion"},{"floor":40,"key":"Swift Potion"},{"floor":41,"key":"FearPotion"},{"floor":46,"key":"SkillPotion"},{"floor":48,"key":"SteroidPotion"}],"is_trial":false,"path_per_floor":["M","?","T","$","M","R","?","M","T","R","M","?","R","E","R","B",null,"M","?","M","$","M","R","E","R","T","R","M","M","?","T","R","B",null,"M","M","$","?","M","E","M","E","T","T","M","M","?","E","R","B",null,"R","$","E","B",null],"character_chosen":"DEFECT","items_purchased":["Defragment","Melter","Defragment","White Noise","Toxic Egg 2","Coolheaded+1","Deep Breath+1","Bronze Scales","Hologram+1","LiquidBronze","Strength Potion","Block Potion"],"campfire_rested":1,"item_purchase_floors":[4,4,21,21,37,37,37,53,53,53,53,53],"current_hp_per_floor":[74,56,56,56,58,58,64,71,71,71,70,70,70,53,53,57,75,75,59,66,66,52,52,44,44,44,44,36,39,33,33,55,46,75,61,68,68,75,75,75,75,66,66,66,73,75,75,66,66,61,75,75,75,57,53],"gold":84,"neow_bonus":"RANDOM_COMMON_RELIC","is_prod":false,"is_daily":false,"chose_seed":false,"campfire_upgraded":8,"win_rate":0,"timestamp":1551546175,"path_taken":["M","?","?","$","M","R","?","M","T","R","M","?","R","E","R","BOSS","M","?","M","$","M","R","E","R","T","R","M","M","?","?","R","BOSS","M","M","$","?","M","E","M","E","T","?","M","M","?","E","R","BOSS","R","$","E","BOSS"],"build_version":"2019-01-23","purchased_purges":1,"victory":true,"max_hp_per_floor":[75,75,75,75,75,75,75,75,75,75,75,75,75,75,75,75,75,75,75,75,75,75,75,75,75,75,75,75,75,75,75,75,75,75,75,75,75,75,75,75,75,75,75,75,75,75,75,75,75,75,75,75,75,75,75],"card_choices":[{"not_picked":["Cold Snap","Darkness"],"picked":"Self Repair","floor":1},{"not_picked":["Rebound","Heatsinks"],"picked":"Glacier","floor":5},{"not_picked":["Barrage","Leap"],"picked":"Streamline","floor":7},{"not_picked":["Fusion","Biased Cognition"],"picked":"Reinforced Body","floor":8},{"not_picked":["Redo","Skim"],"picked":"Hologram","floor":11},{"not_picked":["Beam Cell","Reinforced Body"],"picked":"Capacitor","floor":14},{"not_picked":["Meteor Strike","Reboot"],"picked":"Rainbow","floor":16},{"not_picked":["Steam"],"picked":"SKIP","floor":18},{"not_picked":[],"picked":"Coolheaded","floor":20},{"not_picked":[],"picked":"Undo","floor":22},{"not_picked":["Undo"],"picked":"SKIP","floor":24},{"not_picked":["Leap"],"picked":"SKIP","floor":28},{"not_picked":[],"picked":"Consume","floor":29},{"not_picked":[],"picked":"Sunder+1","floor":35},{"not_picked":[],"picked":"Coolheaded","floor":36},{"not_picked":[],"picked":"Leap+1","floor":39},{"not_picked":[],"picked":"Hologram+1","floor":39},{"not_picked":[],"picked":"White Noise+1","floor":40},{"not_picked":[],"picked":"Auto Shields+1","floor":41},{"not_picked":["Undo+1"],"picked":"SKIP","floor":41},{"not_picked":[],"picked":"Conserve Battery+1","floor":42},{"not_picked":[],"picked":"Stack+1","floor":45},{"not_picked":["FTL"],"picked":"SKIP","floor":45},{"not_picked":[],"picked":"Double Energy+1","floor":46},{"not_picked":["Streamline+1"],"picked":"SKIP","floor":46},{"not_picked":[],"picked":"Storm","floor":48},{"not_picked":["Beam Cell"],"picked":"SKIP","floor":54}],"player_experience":541953,"relics_obtained":[{"floor":3,"key":"Lantern"},{"floor":7,"key":"Odd Mushroom"},{"floor":9,"key":"Vajra"},{"floor":14,"key":"Bag of Preparation"},{"floor":19,"key":"Nilry\u0027s Codex"},{"floor":24,"key":"Boot"},{"floor":26,"key":"Happy Flower"},{"floor":31,"key":"Kunai"},{"floor":38,"key":"Prayer Wheel"},{"floor":40,"key":"Potion Belt"},{"floor":42,"key":"Gremlin Horn"},{"floor":44,"key":"Regal Pillow"},{"floor":48,"key":"Art of War"},{"floor":54,"key":"Mercury Hourglass"}],"event_choices":[{"damage_healed":0,"gold_gain":0,"player_choice":"Take Damage","damage_taken":18,"relics_obtained":["Golden Idol"],"max_hp_gain":0,"max_hp_loss":0,"event_name":"Golden Idol","floor":2,"gold_loss":0},{"damage_healed":0,"gold_gain":0,"player_choice":"Fought Mushrooms","damage_taken":0,"max_hp_gain":0,"max_hp_loss":0,"event_name":"Mushrooms","floor":7,"gold_loss":0},{"damage_healed":0,"gold_gain":0,"player_choice":"Ignored","damage_taken":0,"max_hp_gain":0,"max_hp_loss":0,"event_name":"Liars Game","floor":12,"gold_loss":0},{"damage_healed":0,"gold_gain":0,"player_choice":"Obtained Book","damage_taken":16,"max_hp_gain":0,"max_hp_loss":0,"event_name":"Cursed Tome","floor":19,"gold_loss":0},{"damage_healed":0,"gold_gain":0,"player_choice":"Joined the Cult","damage_taken":6,"max_hp_gain":0,"max_hp_loss":0,"event_name":"Nest","floor":30,"gold_loss":0,"cards_obtained":["RitualDagger"]},{"damage_healed":0,"gold_gain":0,"player_choice":"Fight","damage_taken":0,"max_hp_gain":0,"max_hp_loss":0,"event_name":"MindBloom","floor":38,"gold_loss":0},{"damage_healed":0,"gold_gain":0,"player_choice":"Memory 1","damage_taken":0,"max_hp_gain":0,"max_hp_loss":0,"event_name":"SensoryStone","floor":47,"gold_loss":0}],"is_beta":false,"boss_relics":[{"not_picked":["Lizard Tail","Velvet Choker"],"picked":"Busted Crown"},{"not_picked":["Black Star","Astrolabe"],"picked":"Coffee Dripper"}],"items_purged_floors":[21],"is_endless":false,"potions_floor_spawned":[5,8,11,16,20,29,38,40,41,46,48],"ascension_level":0}