{"path_per_floor":["M","?","M","M","M","R","$","M","T","M","R","E","R","E","R","B",null,"M","$","M","$","?","R","E","M","T","M","?","E","?","M","R","B",null,"M","?","M","?","$","R","M","E","T","E","R","M","M","$","R"],"character_chosen":"THE_SILENT","items_purchased":["Noxious Fumes","Gremlin Horn","Quick Slash","Footwork","Backflip","Cloak And Dagger","Calculated Gamble","Weak Potion","Poison Potion","Explosive Potion"],"gold_per_floor":[365,365,379,399,419,419,4,18,98,108,108,133,133,163,163,265,265,276,60,77,53,53,53,84,102,102,114,114,142,67,77,77,175,175,194,246,264,264,62,62,81,146,201,231,231,244,255,109,109],"floor_reached":50,"campfire_rested":2,"playtime":3488,"current_hp_per_floor":[61,61,57,52,40,40,40,40,50,45,45,29,29,10,31,20,73,61,61,55,55,51,51,51,51,51,51,43,29,29,42,42,25,56,40,20,26,26,26,26,6,34,34,19,19,24,30,30,48],"items_purged":["Strike_G","Grand Finale","Defend_G"],"gold":109,"score":578,"play_id":"5486fe49-f91c-4e62-aa00-c131b9dbd9ac","is_prod":false,"is_daily":false,"is_ascension_mode":false,"campfire_upgraded":7,"path_taken":["M","?","M","?","M","R","$","M","T","M","R","E","R","E","R","BOSS","M","$","M","$","?","R","E","?","T","M","?","E","?","M","R","BOSS","M","?","M","?","$","R","M","E","T","E","R","?","M","$","R","BOSS"],"build_version":"2018-02-15-PROD1","purchased_purges":4,"victory":false,"master_deck":["Defend_G","Defend_G","Defend_G","Survivor","Neutralize+1","Dagger Spray+1","Caltrops","Noxious Fumes+1","Quick Slash","Catalyst+1","Backflip+1","Envenom","Deflect+1","Footwork+1","Backflip+1","Cloak And Dagger","Bite","Bite","Bite","Bite","Bite","Sucker Punch","Acrobatics+1","Infinite Blades","Backflip","Calculated Gamble","Setup+1","Noxious Fumes+1"],"max_hp_per_floor":[63,63,63,63,63,63,63,63,73,73,73,73,73,73,73,73,73,73,73,73,73,51,51,51,51,51,51,56,56,56,56,56,56,56,56,56,56,56,56,56,56,56,56,56,56,58,60,60,60],"relics":["Ring of the Snake","Gremlin Horn","Pear","Oddly Smooth Stone","Mummified Hand","The Specimen","Happy Flower","Letter Opener","Molten Egg 2","Lizard Tail","Thread and Needle","Tiny Chest","Anchor","Singing Bowl"],"card_choices":[{"not_picked":["Bane","Slice"],"picked":"Dagger Spray"},{"not_picked":["Concentrate","Dagger Throw"],"picked":"Grand Finale"},{"not_picked":["Dodge and Roll","Deflect"],"picked":"Caltrops"},{"not_picked":["Prepared","Slice"],"picked":"Catalyst"},{"not_picked":["Dagger Throw","All Out Attack"],"picked":"Backflip"},{"not_picked":["Flying Knee","Grand Finale"],"picked":"Catalyst"},{"not_picked":["Grand Finale","After Image"],"picked":"Envenom"},{"not_picked":["Flying Knee","PiercingWail"],"picked":"Deflect"},{"not_picked":["Blade Dance","A Thousand Cuts"],"picked":"Sucker Punch"},{"not_picked":["Bane","Underhanded Strike"],"picked":"Acrobatics"},{"not_picked":["Finisher","Quick Slash"],"picked":"Infinite Blades"},{"not_picked":["Sucker Punch","Slice"],"picked":"Backflip"},{"not_picked":["PiercingWail","Sucker Punch"],"picked":"Setup"},{"not_picked":["Choke","Underhanded Strike"],"picked":"Noxious Fumes"}],"player_experience":217286,"potions_floor_usage":[50,50,50],"damage_taken":[{"damage":2.0,"enemies":"2 Louse","floor":1.0,"turns":4.0},{"damage":4.0,"enemies":"Cultist","floor":3.0,"turns":4.0},{"damage":5.0,"enemies":"Small Slimes","floor":4.0,"turns":4.0},{"damage":12.0,"enemies":"Red Slaver","floor":5.0,"turns":5.0},{"damage":0.0,"enemies":"Blue Slaver","floor":8.0,"turns":5.0},{"damage":5.0,"enemies":"Looter","floor":10.0,"turns":4.0},{"damage":16.0,"enemies":"3 Sentries","floor":12.0,"turns":5.0},{"damage":19.0,"enemies":"Gremlin Nob","floor":14.0,"turns":5.0},{"damage":11.0,"enemies":"Hexaghost","floor":16.0,"turns":8.0},{"damage":12.0,"enemies":"Shell Parasite","floor":18.0,"turns":6.0},{"damage":6.0,"enemies":"Spheric Guardian","floor":20.0,"turns":6.0},{"damage":5.0,"enemies":"Book of Stabbing","floor":24.0,"turns":6.0},{"damage":7.0,"enemies":"Snake Plant","floor":25.0,"turns":5.0},{"damage":7.0,"enemies":"Centurion and Healer","floor":27.0,"turns":6.0},{"damage":18.0,"enemies":"Gremlin Leader","floor":29.0,"turns":5.0},{"damage":16.0,"enemies":"Sentry and Sphere","floor":31.0,"turns":8.0},{"damage":29.0,"enemies":"Collector","floor":33.0,"turns":6.0},{"damage":16.0,"enemies":"Orb Walker","floor":35.0,"turns":5.0},{"damage":30.0,"enemies":"Mysterious Sphere","floor":36.0,"turns":6.0},{"damage":0.0,"enemies":"3 Darklings","floor":37.0,"turns":4.0},{"damage":30.0,"enemies":"Sphere and 2 Shapes","floor":41.0,"turns":8.0},{"damage":14.0,"enemies":"Nemesis","floor":42.0,"turns":7.0},{"damage":33.0,"enemies":"Giant Head","floor":44.0,"turns":10.0},{"damage":3.0,"enemies":"4 Shapes","floor":46.0,"turns":4.0},{"damage":6.0,"enemies":"Maw","floor":47.0,"turns":9.0},{"damage":75,"enemies":"Time Eater","floor":50,"turns":12}],"event_choices":[{"event_name":"Accursed Blacksmith","player_choice":"Forge","floor":2.0,"damage_taken":0.0},{"event_name":"Vampires","player_choice":"Became a vampire","floor":22.0,"damage_taken":0.0},{"event_name":"Forgotten Altar","player_choice":"Shed Blood","floor":28.0,"damage_taken":0.0},{"event_name":"Beggar","player_choice":"Gave Gold","floor":30.0,"damage_taken":0.0},{"event_name":"Mysterious Sphere","player_choice":"Fight","floor":36.0,"damage_taken":0.0}],"boss_relics":[],"potions_floor_spawned":[3,10,12,24,27,29,35,42,44],"seed_played":"1406606637146445439","killed_by":"Time Eater","ascension_level":0,"is_trial":false}