{"gold_per_floor":[20,20,37,0,20,20,55,55,55,55,55,10,28,47,47,170,170,185,100,100,121,121,152,168,187,187,41,76,1,1],"floor_reached":30,"playtime":1327,"items_purged":["Strike_G"],"score":322,"play_id":"2936fd84-e59e-4de1-acd5-27f9b9a41a0c","local_time":"20190718192035","is_ascension_mode":true,"campfire_choices":[{"data":"Bouncing Flask","floor":6,"key":"SMITH"},{"data":"Skewer","floor":10,"key":"SMITH"},{"data":"Deadly Poison","floor":15,"key":"SMITH"}],"neow_cost":"NO_GOLD","seed_source_timestamp":168410356866100,"circlet_count":0,"master_deck":["Strike_G","Strike_G","Strike_G","Strike_G","Defend_G","Defend_G","Defend_G","Defend_G","Defend_G","Survivor","Neutralize+1","Sucker Punch","Skewer+1","Bouncing Flask+1","Cloak And Dagger","Dagger Spray+1","Bane+1","Deadly Poison+1","Envenom","Deflect","Neutralize+1","Flying Knee+1","Prepared","Backflip+1","Burst","Malaise"],"relics":["Ring of the Serpent","Calipers","PreservedInsect","Golden Idol","Molten Egg 2","Strawberry","Paper Crane","Lantern","Regal Pillow","Potion Belt"],"potions_floor_usage":[21,23,23,28],"damage_taken":[{"damage":1,"enemies":"Jaw Worm","floor":1,"turns":3},{"damage":0,"enemies":"2 Louse","floor":3,"turns":3},{"damage":0,"enemies":"Cultist","floor":5,"turns":3},{"damage":14,"enemies":"Lagavulin","floor":7,"turns":5},{"damage":0,"enemies":"Exordium Wildlife","floor":13,"turns":2},{"damage":0,"enemies":"2 Fungi Beasts","floor":14,"turns":3},{"damage":13,"enemies":"The Guardian","floor":16,"turns":9},{"damage":2,"enemies":"Chosen","floor":18,"turns":4},{"damage":2,"enemies":"3 Byrds","floor":21,"turns":5},{"damage":12,"enemies":"Book of Stabbing","floor":23,"turns":5},{"damage":23,"enemies":"Cultist and Chosen","floor":24,"turns":7},{"damage":5,"enemies":"Chosen and Byrds","floor":25,"turns":5},{"damage":18,"enemies":"Slavers","floor":28,"turns":4},{"damage":13,"enemies":"Centurion and Healer","floor":30,"turns":1}],"seed_played":"4805007401550707383","potions_obtained":[{"floor":1,"key":"Swift Potion"},{"floor":22,"key":"LiquidBronze"},{"floor":22,"key":"FearPotion"},{"floor":22,"key":"Weak Potion"},{"floor":23,"key":"GamblersBrew"},{"floor":24,"key":"GamblersBrew"},{"floor":28,"key":"PowerPotion"}],"is_trial":false,"path_per_floor":["M","?","M","$","M","R","E","?","T","R","?","$","M","M","R","B",null,"M","?","?","M","?","E","M","M","T","$","E","$","M"],"character_chosen":"THE_SILENT","items_purchased":["Bouncing Flask","Dagger Spray+1","Burst"],"campfire_rested":0,"item_purchase_floors":[4,12,27],"current_hp_per_floor":[69,69,69,69,69,69,55,55,55,55,55,55,55,55,55,42,72,70,70,70,68,68,56,33,28,28,28,10,10,0],"gold":1,"neow_bonus":"ONE_RARE_RELIC","is_prod":false,"is_daily":false,"chose_seed":false,"campfire_upgraded":3,"win_rate":0,"timestamp":1563492035,"path_taken":["M","?","M","$","M","R","E","?","T","R","?","$","?","?","R","BOSS","M","?","?","?","?","E","M","M","T","$","E","$","?"],"build_version":"2019-07-17","purchased_purges":1,"victory":false,"max_hp_per_floor":[70,70,70,70,70,70,70,65,65,65,72,72,72,72,72,72,72,72,72,72,72,72,72,72,72,72,72,72,72,72],"card_choices":[{"not_picked":["Blur","Deflect"],"picked":"Sucker Punch","floor":1},{"not_picked":["Masterful Stab","Endless Agony"],"picked":"Skewer","floor":3},{"not_picked":["Dodge and Roll","Slice"],"picked":"Cloak And Dagger","floor":5},{"not_picked":["Underhanded Strike","Expertise","Night Terror"],"picked":"SKIP","floor":7},{"not_picked":["PiercingWail","Slice+1"],"picked":"Bane+1","floor":13},{"not_picked":["Escape Plan","Sucker Punch+1"],"picked":"Deadly Poison","floor":14},{"not_picked":["Glass Knife+1","Phantasmal Killer"],"picked":"Envenom","floor":16},{"not_picked":["Masterful Stab+1","Reflex"],"picked":"Deflect","floor":18},{"not_picked":["Eviscerate+1","Flechettes+1"],"picked":"Flying Knee+1","floor":21},{"not_picked":["Expertise+1","Reflex"],"picked":"Prepared","floor":23},{"not_picked":["Deadly Poison","Underhanded Strike+1"],"picked":"Backflip+1","floor":24},{"not_picked":["Deadly Poison","Cloak And Dagger","Quick Slash+1"],"picked":"SKIP","floor":25},{"not_picked":["Choke+1","Unload+1"],"picked":"Malaise","floor":28}],"player_experience":401706,"relics_obtained":[{"floor":7,"key":"PreservedInsect"},{"floor":9,"key":"Molten Egg 2"},{"floor":23,"key":"Lantern"},{"floor":26,"key":"Regal Pillow"},{"floor":28,"key":"Potion Belt"}],"event_choices":[{"damage_healed":0,"gold_gain":0,"player_choice":"Grow","damage_taken":0,"max_hp_gain":0,"max_hp_loss":0,"event_name":"Living Wall","floor":2,"gold_loss":0,"cards_upgraded":["Neutralize"]},{"damage_healed":0,"gold_gain":0,"player_choice":"Lose Max HP","damage_taken":0,"relics_obtained":["Golden Idol"],"max_hp_gain":0,"max_hp_loss":5,"event_name":"Golden Idol","floor":8,"gold_loss":0},{"damage_healed":0,"gold_gain":0,"player_choice":"Success","damage_taken":7,"relics_obtained":["Strawberry"],"max_hp_gain":0,"max_hp_loss":0,"event_name":"Scrap Ooze","floor":11,"gold_loss":0},{"damage_healed":0,"gold_gain":0,"player_choice":"Obtained Relic","damage_taken":0,"relics_obtained":["Paper Crane"],"max_hp_gain":0,"max_hp_loss":0,"event_name":"Addict","floor":19,"gold_loss":85},{"damage_healed":0,"gold_gain":0,"player_choice":"Copied","damage_taken":0,"max_hp_gain":0,"max_hp_loss":0,"event_name":"Duplicator","floor":20,"gold_loss":0,"cards_obtained":["Neutralize"]},{"damage_healed":0,"gold_gain":0,"player_choice":"Got Potions","damage_taken":0,"max_hp_gain":0,"max_hp_loss":0,"event_name":"Lab","floor":22,"gold_loss":0}],"is_beta":false,"boss_relics":[{"not_picked":["White Beast Statue","Coffee Dripper"],"picked":"Ring of the Serpent"}],"items_purged_floors":[29],"is_endless":false,"potions_floor_spawned":[1,23,24,28],"killed_by":"Centurion and Healer","ascension_level":4}