{"gold_per_floor":[114,129,174,189,189,219,234,76,126,126,126,145,183,202,202,327,327,346,365,384,64,83,83,102,102,152,171,190,209,308,308,308,308],"floor_reached":33,"playtime":2545,"items_purged":["Defend_G"],"score":265,"play_id":"a534cfe7-e678-4eeb-a5de-0702ccede6d5","local_time":"20190413190421","daily_mods":["Allstar","Vintage","Lethality"],"is_ascension_mode":false,"campfire_choices":[{"data":"Leg Sweep","floor":10,"key":"SMITH"},{"floor":15,"key":"REST"},{"floor":23,"key":"REST"},{"floor":32,"key":"REST"}],"neow_cost":"","seed_source_timestamp":0,"circlet_count":0,"master_deck":["Defend_G","Defend_G","Defend_G","Strike_G","Strike_G","Strike_G","Strike_G","Survivor","Neutralize","Thinking Ahead","Blind","Purity","Bandage Up","Dark Shackles","Leg Sweep+1","Caltrops","Dagger Spray+1","Storm of Steel","Cloak And Dagger","Infinite Blades","Noxious Fumes","Sucker Punch+1","Backstab+1"],"special_seed":17999,"relics":["Ring of the Snake","Pen Nib","Happy Flower","Tiny Chest","Singing Bowl","Paper Crane","Orichalcum","Strawberry","Golden Idol","Molten Egg 2","Bottled Tornado","Pear","White Beast Statue","Snake Skull","Anchor","Centennial Puzzle","Ancient Tea Set","Letter Opener","Bottled Flame","Potion Belt","Dream Catcher","Gremlin Horn","Bronze Scales"],"potions_floor_usage":[6,19,20,22,33,33],"damage_taken":[{"damage":0,"enemies":"Small Slimes","floor":1,"turns":3},{"damage":0,"enemies":"Cultist","floor":2,"turns":4},{"damage":0,"enemies":"2 Louse","floor":3,"turns":3},{"damage":14,"enemies":"Large Slime","floor":4,"turns":6},{"damage":24,"enemies":"Gremlin Nob","floor":6,"turns":5},{"damage":2,"enemies":"Looter","floor":7,"turns":3},{"damage":0,"enemies":"3 Louse","floor":12,"turns":3},{"damage":21,"enemies":"3 Sentries","floor":13,"turns":9},{"damage":1,"enemies":"Exordium Wildlife","floor":14,"turns":3},{"damage":25,"enemies":"Slime Boss","floor":16,"turns":14},{"damage":46,"enemies":"3 Byrds","floor":18,"turns":3},{"damage":12,"enemies":"2 Thieves","floor":19,"turns":4},{"damage":17,"enemies":"Snake Plant","floor":20,"turns":4},{"damage":7,"enemies":"Shelled Parasite and Fungi","floor":22,"turns":7},{"damage":4,"enemies":"Centurion and Healer","floor":24,"turns":6},{"damage":12,"enemies":"Snake Plant","floor":27,"turns":4},{"damage":2,"enemies":"Cultist and Chosen","floor":28,"turns":6},{"damage":0,"enemies":"Snecko","floor":29,"turns":5},{"damage":59,"enemies":"Automaton","floor":33,"turns":6}],"seed_played":"-5670151409989047964","potions_obtained":[{"floor":2,"key":"Explosive Potion"},{"floor":4,"key":"Fire Potion"},{"floor":5,"key":"Strength Potion"},{"floor":12,"key":"SteroidPotion"},{"floor":18,"key":"PowerPotion"},{"floor":19,"key":"Ancient Potion"},{"floor":20,"key":"Swift Potion"},{"floor":22,"key":"Strength Potion"},{"floor":24,"key":"Weak Potion"},{"floor":27,"key":"Explosive Potion"},{"floor":28,"key":"Block Potion"},{"floor":29,"key":"Dexterity Potion"}],"is_trial":false,"path_per_floor":["M","M","M","M","?","E","M","$","T","R","?","M","E","M","R","B",null,"M","M","M","$","M","R","M","?","T","M","M","M","?","?","R","B"],"character_chosen":"THE_SILENT","items_purchased":["Leg Sweep","Caltrops","Cloak And Dagger","Infinite Blades","Ancient Tea Set"],"campfire_rested":3,"item_purchase_floors":[8,8,21,21,21],"current_hp_per_floor":[70,70,70,56,56,34,36,36,43,43,43,43,26,39,63,42,83,37,25,12,12,9,33,33,33,33,25,27,31,31,31,55,0],"gold":308,"neow_bonus":"","is_prod":false,"is_daily":true,"chose_seed":false,"campfire_upgraded":1,"win_rate":0,"timestamp":1555171461,"path_taken":["M","M","M","M","?","E","M","?","T","R","?","M","E","M","R","BOSS","M","M","M","$","M","R","M","?","T","M","M","M","?","?","R","BOSS"],"build_version":"2019-01-23","purchased_purges":1,"victory":false,"max_hp_per_floor":[70,70,70,70,70,72,72,72,79,79,73,73,73,83,83,83,83,83,83,83,83,83,83,83,83,83,83,83,83,83,83,83,83],"card_choices":[{"not_picked":["Endless Agony","Outmaneuver","Distraction"],"picked":"Singing Bowl","floor":6},{"not_picked":["Poisoned Stab+1","Dagger Throw+1"],"picked":"Dagger Spray+1","floor":13},{"not_picked":["Die Die Die+1","Phantasmal Killer"],"picked":"Storm of Steel","floor":16},{"not_picked":["Dagger Throw+1","Quick Slash+1"],"picked":"Backstab+1","floor":32}],"player_experience":91874,"relics_obtained":[{"floor":1,"key":"Pen Nib"},{"floor":2,"key":"Happy Flower"},{"floor":3,"key":"Tiny Chest"},{"floor":4,"key":"Singing Bowl"},{"floor":6,"key":"Paper Crane"},{"floor":7,"key":"Orichalcum"},{"floor":9,"key":"Strawberry"},{"floor":12,"key":"Molten Egg 2"},{"floor":13,"key":"Bottled Tornado"},{"floor":14,"key":"Pear"},{"floor":18,"key":"Snake Skull"},{"floor":19,"key":"Anchor"},{"floor":20,"key":"Centennial Puzzle"},{"floor":22,"key":"Letter Opener"},{"floor":24,"key":"Bottled Flame"},{"floor":26,"key":"Potion Belt"},{"floor":27,"key":"Dream Catcher"},{"floor":28,"key":"Gremlin Horn"},{"floor":29,"key":"Bronze Scales"}],"event_choices":[{"damage_healed":0,"gold_gain":0,"player_choice":"Got Potions","damage_taken":0,"max_hp_gain":0,"max_hp_loss":0,"event_name":"Lab","floor":5,"gold_loss":0},{"damage_healed":0,"gold_gain":0,"player_choice":"Lose Max HP","damage_taken":0,"relics_obtained":["Golden Idol"],"max_hp_gain":0,"max_hp_loss":6,"event_name":"Golden Idol","floor":11,"gold_loss":0},{"damage_healed":0,"gold_gain":0,"cards_transformed":["Strike_G","Defend_G"],"player_choice":"Became Test Subject","damage_taken":0,"max_hp_gain":0,"max_hp_loss":0,"event_name":"Drug Dealer","floor":25,"gold_loss":0,"cards_obtained":["Noxious Fumes","Sucker Punch"]},{"damage_healed":0,"gold_gain":99,"player_choice":"Stole From Cult","damage_taken":0,"max_hp_gain":0,"max_hp_loss":0,"event_name":"Nest","floor":30,"gold_loss":0}],"is_beta":false,"boss_relics":[{"not_picked":["Busted Crown","Fusion Hammer"],"picked":"White Beast Statue"}],"items_purged_floors":[21],"is_endless":false,"potions_floor_spawned":[2,4,12,14,18,19,20,22,24,27,28,29],"killed_by":"Automaton","ascension_level":0}