{"gold_per_floor":[111,121,131,56,72,100,100,175,175,196,196,230,0,14,14,89,89,105,79,39,52,71,71,99,112,112,112,42,42,72,90,90,164,164,178,195,3,3,20,20,20],"floor_reached":41,"playtime":3124,"items_purged":["Strike_G","Strike_G","Defend_G"],"score":772,"play_id":"37442aa5-7af7-44e6-84ea-5c49b7eb542c","local_time":"20190731125059","is_ascension_mode":true,"campfire_choices":[{"floor":11,"key":"REST"},{"data":"Footwork","floor":15,"key":"SMITH"},{"data":"Noxious Fumes","floor":23,"key":"SMITH"},{"floor":27,"key":"REST"},{"data":"Tactician","floor":32,"key":"SMITH"},{"floor":40,"key":"REST"}],"neow_cost":"NONE","seed_source_timestamp":855140061642100,"circlet_count":0,"master_deck":["AscendersBane","Defend_G","Defend_G","Defend_G","Defend_G","Survivor","Neutralize+1","Deadly Poison","Deflect","Dagger Throw","Leg Sweep","Backflip","Masterful Stab+1","Choke+1","Footwork+1","PiercingWail","Burst","Predator+1","Dagger Spray+1","Noxious Fumes+1","Blur","Deflect","Tactician+1","Well Laid Plans","Footwork+1","Catalyst","Malaise","Terror","Prepared"],"relics":["Ring of the Serpent","Ninja Scroll","Molten Egg 2","Odd Mushroom","Bottled Flame","Empty Cage","Ancient Tea Set","Matryoshka","Pantograph"],"potions_floor_usage":[12,16,18,22,24,25,30,35,39],"damage_taken":[{"damage":6,"enemies":"Cultist","floor":1,"turns":5},{"damage":1,"enemies":"Small Slimes","floor":2,"turns":4},{"damage":2,"enemies":"Jaw Worm","floor":3,"turns":5},{"damage":1,"enemies":"Red Slaver","floor":5,"turns":5},{"damage":30,"enemies":"3 Sentries","floor":6,"turns":13},{"damage":21,"enemies":"The Mushroom Lair","floor":10,"turns":7},{"damage":9,"enemies":"Lagavulin","floor":12,"turns":5},{"damage":0,"enemies":"Looter","floor":14,"turns":1},{"damage":20,"enemies":"Hexaghost","floor":16,"turns":16},{"damage":0,"enemies":"Chosen","floor":18,"turns":3},{"damage":1,"enemies":"2 Thieves","floor":19,"turns":5},{"damage":12,"enemies":"Shelled Parasite and Fungi","floor":21,"turns":13},{"damage":2,"enemies":"Snecko","floor":22,"turns":4},{"damage":6,"enemies":"Gremlin Leader","floor":24,"turns":8},{"damage":7,"enemies":"Snake Plant","floor":25,"turns":6},{"damage":9,"enemies":"Book of Stabbing","floor":30,"turns":7},{"damage":16,"enemies":"Centurion and Healer","floor":31,"turns":10},{"damage":8,"enemies":"Champ","floor":33,"turns":18},{"damage":13,"enemies":"3 Darklings","floor":35,"turns":7},{"damage":11,"enemies":"Orb Walker","floor":36,"turns":5},{"damage":32,"enemies":"3 Darklings","floor":39,"turns":6},{"damage":56,"enemies":"Reptomancer","floor":41,"turns":2}],"seed_played":"-534147561226498112","potions_obtained":[{"floor":2,"key":"Poison Potion"},{"floor":3,"key":"PowerPotion"},{"floor":10,"key":"Fire Potion"},{"floor":14,"key":"FearPotion"},{"floor":16,"key":"FearPotion"},{"floor":22,"key":"Energy Potion"},{"floor":24,"key":"SpeedPotion"},{"floor":25,"key":"Regen Potion"},{"floor":33,"key":"AttackPotion"},{"floor":36,"key":"Regen Potion"},{"floor":39,"key":"Dexterity Potion"}],"is_trial":false,"path_per_floor":["M","M","M","$","M","E","?","?","T","?","R","E","$","M","R","B",null,"M","M","?","M","M","R","E","M","T","R","$","?","E","M","R","B",null,"M","M","$","?","M","R","E"],"character_chosen":"THE_SILENT","items_purchased":["Footwork","PiercingWail","Well Laid Plans","Terror"],"campfire_rested":3,"item_purchase_floors":[13,13,28,37],"current_hp_per_floor":[57,56,54,54,53,23,46,35,35,14,35,26,26,26,26,6,54,54,53,53,41,39,39,33,26,26,47,47,47,53,37,37,54,66,53,42,42,42,25,44,0],"gold":20,"neow_bonus":"TRANSFORM_CARD","is_prod":false,"is_daily":false,"chose_seed":false,"campfire_upgraded":3,"win_rate":0,"timestamp":1564591859,"path_taken":["M","M","M","$","M","E","?","?","T","?","R","E","$","M","R","BOSS","M","M","?","M","?","R","E","M","T","R","$","?","E","M","R","BOSS","M","M","$","?","M","R","E"],"build_version":"2019-07-17","purchased_purges":3,"victory":false,"max_hp_per_floor":[70,70,70,70,70,70,70,70,70,70,70,70,70,70,70,70,70,70,70,70,70,70,70,70,70,70,70,70,70,70,70,70,70,70,70,70,70,66,66,66,66],"card_choices":[{"not_picked":["Acrobatics","Accuracy","Expertise"],"picked":"SKIP","floor":1},{"not_picked":["Reflex","Finisher"],"picked":"Deflect","floor":2},{"not_picked":["Slice","Blade Dance"],"picked":"Dagger Throw","floor":3},{"not_picked":["Flying Knee","Slice"],"picked":"Leg Sweep","floor":5},{"not_picked":["Bane","Outmaneuver"],"picked":"Backflip","floor":6},{"not_picked":["Blade Dance","Setup"],"picked":"Masterful Stab+1","floor":10},{"not_picked":["Dagger Spray+1","Concentrate"],"picked":"Choke+1","floor":12},{"not_picked":["Outmaneuver","Dodge and Roll","Setup"],"picked":"SKIP","floor":14},{"not_picked":["Unload+1","Storm of Steel"],"picked":"Burst","floor":16},{"not_picked":["Bane+1","Slice+1"],"picked":"Predator+1","floor":18},{"not_picked":["Cloak And Dagger","Slice+1"],"picked":"Dagger Spray+1","floor":19},{"not_picked":["Flying Knee+1","Sucker Punch+1"],"picked":"Noxious Fumes","floor":21},{"not_picked":["Outmaneuver","Escape Plan"],"picked":"Blur","floor":22},{"not_picked":["Concentrate","Deadly Poison"],"picked":"Deflect","floor":24},{"not_picked":["Distraction+1","Caltrops"],"picked":"Tactician","floor":25},{"not_picked":["Slice+1","Glass Knife+1"],"picked":"Catalyst","floor":30},{"not_picked":["Underhanded Strike+1","Slice+1","Blade Dance"],"picked":"SKIP","floor":31},{"not_picked":["Night Terror","Venomology"],"picked":"Malaise","floor":33},{"not_picked":["Bane+1","Finisher+1","Crippling Poison"],"picked":"SKIP","floor":35},{"not_picked":["Dagger Throw+1","Bane+1","Crippling Poison+1"],"picked":"SKIP","floor":36},{"not_picked":["Dagger Throw+1","All Out Attack+1"],"picked":"Prepared","floor":39}],"player_experience":596061,"relics_obtained":[{"floor":6,"key":"Ninja Scroll"},{"floor":9,"key":"Molten Egg 2"},{"floor":10,"key":"Odd Mushroom"},{"floor":12,"key":"Bottled Flame"},{"floor":24,"key":"Ancient Tea Set"},{"floor":26,"key":"Matryoshka"},{"floor":30,"key":"Pantograph"}],"event_choices":[{"damage_healed":23,"gold_gain":0,"player_choice":"Banana","damage_taken":0,"max_hp_gain":0,"max_hp_loss":0,"event_name":"Big Fish","floor":7,"gold_loss":0},{"damage_healed":0,"gold_gain":75,"player_choice":"Gather Gold","damage_taken":11,"max_hp_gain":0,"max_hp_loss":0,"event_name":"World of Goop","floor":8,"gold_loss":0},{"damage_healed":0,"gold_gain":0,"player_choice":"Fought Mushrooms","damage_taken":0,"max_hp_gain":0,"max_hp_loss":0,"event_name":"Mushrooms","floor":10,"gold_loss":0},{"damage_healed":0,"gold_gain":0,"player_choice":"Upgrade","damage_taken":0,"max_hp_gain":0,"max_hp_loss":0,"event_name":"Designer","floor":20,"gold_loss":40,"cards_upgraded":["Neutralize"]},{"damage_healed":0,"gold_gain":0,"player_choice":"Copied","damage_taken":0,"max_hp_gain":0,"max_hp_loss":0,"event_name":"Duplicator","floor":29,"gold_loss":0,"cards_obtained":["Footwork"]},{"damage_healed":0,"gold_gain":0,"player_choice":"Max HP","damage_taken":0,"max_hp_gain":0,"max_hp_loss":4,"event_name":"Winding Halls","floor":38,"gold_loss":0}],"is_beta":false,"boss_relics":[{"not_picked":["HoveringKite","Coffee Dripper"],"picked":"Empty Cage"},{"not_picked":["Eternal Feather","Velvet Choker"],"picked":"Ring of the Serpent"}],"items_purged_floors":[4,13,37],"is_endless":false,"potions_floor_spawned":[2,3,10,14,16,22,24,25,33,36,39],"killed_by":"Reptomancer","ascension_level":13}