{"gold_per_floor":[115,40,50,50,66,66,66,98,149,167,33,62,62,62,62,166,166,177,92,72,88,19,54,54],"floor_reached":24,"playtime":1218,"items_purged":["Decay","Strike_G"],"score":296,"play_id":"d6114f55-a605-460e-a341-39237ad434b1","local_time":"20190716152720","is_ascension_mode":true,"campfire_choices":[{"data":"Terror","floor":6,"key":"SMITH"},{"data":"Noxious Fumes","floor":13,"key":"SMITH"},{"data":"Well Laid Plans","floor":15,"key":"SMITH"}],"neow_cost":"CURSE","seed_source_timestamp":323283680963700,"circlet_count":0,"master_deck":["Strike_G","Strike_G","Strike_G","Strike_G","Defend_G","Defend_G","Defend_G","Defend_G","Defend_G+1","Survivor","Neutralize","Skewer+1","Terror+1","Backflip","Jack Of All Trades","Adrenaline","Well Laid Plans+1","Deadly Poison","Predator","Noxious Fumes+1","Burst","Backstab","Backstab","Tools of the Trade","Deadly Poison+1","A Thousand Cuts"],"relics":["Ring of the Snake","Torii","Ancient Tea Set","Lantern","Happy Flower","Orrery","PreservedInsect","Orichalcum"],"potions_floor_usage":[12,23],"damage_taken":[{"damage":9,"enemies":"Small Slimes","floor":1,"turns":5},{"damage":1,"enemies":"Jaw Worm","floor":3,"turns":5},{"damage":0,"enemies":"Cultist","floor":5,"turns":4},{"damage":1,"enemies":"Gremlin Nob","floor":8,"turns":3},{"damage":0,"enemies":"Looter","floor":10,"turns":1},{"damage":0,"enemies":"Lagavulin","floor":12,"turns":3},{"damage":7,"enemies":"The Guardian","floor":16,"turns":7},{"damage":8,"enemies":"3 Byrds","floor":18,"turns":5},{"damage":22,"enemies":"Shell Parasite","floor":21,"turns":4},{"damage":30,"enemies":"Gremlin Leader","floor":23,"turns":4},{"damage":11,"enemies":"Cultist and Chosen","floor":24,"turns":5}],"seed_played":"-1835972839817521131","potions_obtained":[{"floor":1,"key":"LiquidBronze"},{"floor":10,"key":"Fire Potion"},{"floor":20,"key":"Strength Potion"},{"floor":21,"key":"LiquidBronze"}],"is_trial":false,"path_per_floor":["M","$","M","?","M","R","?","E","T","M","$","E","R","$","R","B",null,"M","?","?","M","$","E","M"],"character_chosen":"THE_SILENT","items_purchased":["Predator","A Thousand Cuts"],"campfire_rested":0,"item_purchase_floors":[11,22],"current_hp_per_floor":[61,61,60,46,46,46,46,45,45,45,45,45,45,45,45,38,70,62,62,62,40,40,10,0],"gold":54,"neow_bonus":"ONE_RARE_RELIC","is_prod":false,"is_daily":false,"chose_seed":false,"campfire_upgraded":3,"win_rate":0,"timestamp":1563305240,"path_taken":["M","$","M","?","M","R","?","E","T","M","$","E","R","$","R","BOSS","M","?","?","M","$","E","M"],"build_version":"2019-07-05","purchased_purges":2,"victory":false,"max_hp_per_floor":[70,70,70,70,70,70,70,70,70,70,70,70,70,70,70,70,70,70,70,70,70,70,70,70],"card_choices":[{"not_picked":["Acrobatics","Eviscerate"],"picked":"Skewer","floor":1},{"not_picked":["Poisoned Stab","Deadly Poison"],"picked":"Terror","floor":3},{"not_picked":["Expertise","Finisher"],"picked":"Backflip","floor":5},{"not_picked":["Deflect","Backflip"],"picked":"Well Laid Plans","floor":8},{"not_picked":["Caltrops","Poisoned Stab"],"picked":"Deadly Poison","floor":10},{"not_picked":["Distraction","Poisoned Stab"],"picked":"Noxious Fumes","floor":12},{"not_picked":["Tools of the Trade","Die Die Die"],"picked":"Burst","floor":16},{"not_picked":["Quick Slash","Blur"],"picked":"Backstab","floor":17},{"not_picked":["Flying Knee","Prepared"],"picked":"Backstab","floor":17},{"not_picked":["Quick Slash","Sucker Punch"],"picked":"Tools of the Trade","floor":17},{"not_picked":["Deadly Poison","Infinite Blades","Flechettes+1"],"picked":"SKIP","floor":18},{"not_picked":["Endless Agony","Terror"],"picked":"Deadly Poison+1","floor":21},{"not_picked":["Accuracy","Acrobatics","Well Laid Plans"],"picked":"SKIP","floor":23}],"player_experience":364488,"relics_obtained":[{"floor":8,"key":"Ancient Tea Set"},{"floor":9,"key":"Lantern"},{"floor":12,"key":"Happy Flower"},{"floor":23,"key":"Orichalcum"}],"event_choices":[{"damage_healed":0,"gold_gain":0,"player_choice":"Entered Light","damage_taken":14,"max_hp_gain":0,"max_hp_loss":0,"event_name":"Shining Light","floor":4,"gold_loss":0,"cards_upgraded":["Skewer","Defend_G"]},{"damage_healed":0,"gold_gain":0,"player_choice":"2 cards matched","damage_taken":0,"max_hp_gain":0,"max_hp_loss":0,"event_name":"Match and Keep!","floor":7,"gold_loss":0,"cards_obtained":["Jack Of All Trades","Adrenaline"]},{"damage_healed":0,"gold_gain":0,"player_choice":"Obtained Relic","damage_taken":0,"relics_obtained":["PreservedInsect"],"max_hp_gain":0,"max_hp_loss":0,"event_name":"Addict","floor":19,"gold_loss":85},{"damage_healed":0,"gold_gain":0,"player_choice":"Bought 1 Potion","damage_taken":0,"max_hp_gain":0,"max_hp_loss":0,"event_name":"The Woman in Blue","floor":20,"gold_loss":0}],"is_beta":false,"boss_relics":[{"not_picked":["Runic Dome","White Beast Statue"],"picked":"Orrery"}],"items_purged_floors":[2,11],"is_endless":false,"potions_floor_spawned":[1,10,21],"killed_by":"Cultist and Chosen","ascension_level":4}