{"gold_per_floor":[114,0,19,29,29,29,59,36,36,52,1,15,15,28,28,125,125,145,45,63,76,94,94,127,127,177,191,225,225,244,244,244,349,349,361,361,361,381,60,60,60,108,108,136,100,126,126,146,146,146],"floor_reached":51,"playtime":4633,"items_purged":["Strike_G","Strike_G","Defend_G+1"],"score":956,"play_id":"31462ca4-9bc1-4006-8d27-e37c3f67a0a2","local_time":"20190720130559","is_ascension_mode":true,"campfire_choices":[{"data":"Neutralize","floor":6,"key":"SMITH"},{"data":"Caltrops","floor":13,"key":"SMITH"},{"data":"Tactician","floor":15,"key":"SMITH"},{"floor":23,"key":"REST"},{"floor":25,"key":"REST"},{"floor":32,"key":"REST"},{"data":"After Image","floor":40,"key":"SMITH"},{"floor":49,"key":"REST"}],"neow_cost":"TEN_PERCENT_HP_LOSS","seed_source_timestamp":315423471828500,"circlet_count":0,"master_deck":["Strike_G+1","Strike_G+1","Strike_G+1","Defend_G+1","Defend_G+1","Defend_G+1","Defend_G+1","Survivor","Neutralize+1","Dagger Throw","Tactician+1","Eviscerate","Backflip","Underhanded Strike","PiercingWail","Caltrops+1","Acrobatics","Prepared","Tools of the Trade","Backstab","Leg Sweep","Acrobatics","Well Laid Plans","Dagger Throw","Adrenaline","Calculated Gamble+1","After Image+1","Madness","Madness","Underhanded Strike","Choke","Infinite Blades","Blur","Forethought","Tactician+1","Deflect+1"],"relics":["Ring of the Snake","Tingsha","Singing Bowl","Letter Opener","Philosopher\u0027s Stone","Bronze Scales","Dream Catcher","The Specimen","Eternal Feather","Lee\u0027s Waffle","Tough Bandages","Incense Burner","Lantern","Omamori"],"potions_floor_usage":[16,22,24,33,46,50,50,50,50,50],"damage_taken":[{"damage":2,"enemies":"Cultist","floor":1,"turns":4},{"damage":4,"enemies":"Jaw Worm","floor":3,"turns":5},{"damage":0,"enemies":"Small Slimes","floor":4,"turns":3},{"damage":26,"enemies":"Lagavulin","floor":7,"turns":9},{"damage":0,"enemies":"Blue Slaver","floor":10,"turns":4},{"damage":0,"enemies":"2 Fungi Beasts","floor":12,"turns":3},{"damage":0,"enemies":"Exordium Wildlife","floor":14,"turns":2},{"damage":24,"enemies":"Hexaghost","floor":16,"turns":10},{"damage":4,"enemies":"2 Thieves","floor":18,"turns":3},{"damage":8,"enemies":"3 Byrds","floor":20,"turns":2},{"damage":4,"enemies":"Cultist and Chosen","floor":21,"turns":5},{"damage":17,"enemies":"Shelled Parasite and Fungi","floor":22,"turns":6},{"damage":12,"enemies":"Slavers","floor":24,"turns":4},{"damage":10,"enemies":"Snake Plant","floor":27,"turns":3},{"damage":19,"enemies":"Book of Stabbing","floor":28,"turns":5},{"damage":0,"enemies":"3 Cultists","floor":30,"turns":4},{"damage":0,"enemies":"Automaton","floor":33,"turns":6},{"damage":3,"enemies":"Orb Walker","floor":35,"turns":2},{"damage":1,"enemies":"3 Shapes","floor":38,"turns":4},{"damage":51,"enemies":"2 Orb Walkers","floor":42,"turns":5},{"damage":4,"enemies":"Giant Head","floor":44,"turns":9},{"damage":1,"enemies":"Reptomancer","floor":46,"turns":6},{"damage":8,"enemies":"Writhing Mass","floor":48,"turns":5},{"damage":31,"enemies":"Time Eater","floor":50,"turns":12}],"seed_played":"4104399214793074015","potions_obtained":[{"floor":4,"key":"Strength Potion"},{"floor":7,"key":"Ancient Potion"},{"floor":14,"key":"Weak Potion"},{"floor":21,"key":"Poison Potion"},{"floor":22,"key":"Dexterity Potion"},{"floor":27,"key":"Explosive Potion"},{"floor":28,"key":"PowerPotion"},{"floor":38,"key":"EntropicBrew"},{"floor":42,"key":"SkillPotion"},{"floor":44,"key":"Energy Potion"}],"is_trial":false,"path_per_floor":["M","$","M","M","?","R","E","$","T","M","$","M","R","M","R","B",null,"M","$","M","M","M","R","E","R","T","M","E","?","M","?","R","B",null,"M","?","?","M","$","R","$","?","T","E","$","E","?","M","R","B",null],"character_chosen":"THE_SILENT","items_purchased":["Tactician","PiercingWail","Acrobatics","Lee\u0027s Waffle","Infinite Blades"],"campfire_rested":4,"item_purchase_floors":[2,8,11,39,45],"current_hp_per_floor":[61,61,57,57,63,63,37,37,37,37,37,37,37,39,39,15,53,49,49,43,39,22,42,30,50,50,40,21,21,21,21,41,41,61,60,60,51,50,76,76,76,27,27,23,23,22,22,14,58,27],"gold":146,"neow_bonus":"ONE_RARE_RELIC","is_prod":false,"is_daily":false,"chose_seed":false,"campfire_upgraded":4,"win_rate":0,"timestamp":1563642359,"path_taken":["M","$","?","M","?","R","E","$","T","M","?","M","R","M","R","BOSS","M","$","M","M","M","R","E","R","T","M","E","?","M","?","R","BOSS","M","?","?","M","$","R","$","?","T","E","$","E","?","M","R","BOSS"],"build_version":"2019-07-17","purchased_purges":3,"victory":true,"max_hp_per_floor":[63,63,63,63,63,63,63,63,63,63,63,63,63,65,65,65,65,65,65,67,67,67,67,67,67,67,67,67,67,67,67,67,67,67,69,69,69,69,76,76,76,78,78,78,78,78,78,78,78,78],"card_choices":[{"not_picked":["Deadly Poison","Cloak And Dagger"],"picked":"Dagger Throw","floor":1},{"not_picked":["Catalyst","Sucker Punch"],"picked":"Eviscerate","floor":3},{"not_picked":["Caltrops","Deadly Poison"],"picked":"Backflip","floor":4},{"not_picked":["Finisher","Prepared"],"picked":"Underhanded Strike","floor":7},{"not_picked":["Choke","Outmaneuver"],"picked":"Caltrops","floor":10},{"not_picked":["Backflip","Deadly Poison"],"picked":"Prepared","floor":12},{"not_picked":["Grand Finale","Poisoned Stab","Skewer"],"picked":"Singing Bowl","floor":14},{"not_picked":["Burst","Doppelganger"],"picked":"Tools of the Trade","floor":16},{"not_picked":["Underhanded Strike","Dagger Spray"],"picked":"Backstab","floor":18},{"not_picked":["Deflect","Dodge and Roll","Heel Hook+1"],"picked":"Singing Bowl","floor":20},{"not_picked":["Cloak And Dagger","Crippling Poison"],"picked":"Leg Sweep","floor":21},{"not_picked":["Dagger Spray","Quick Slash"],"picked":"Acrobatics","floor":22},{"not_picked":["Expertise","Dodge and Roll"],"picked":"Well Laid Plans","floor":24},{"not_picked":["Deadly Poison","PiercingWail"],"picked":"Dagger Throw","floor":27},{"not_picked":["Cloak And Dagger","Slice"],"picked":"Adrenaline","floor":28},{"not_picked":["Crippling Poison+1","Outmaneuver+1"],"picked":"Calculated Gamble+1","floor":30},{"not_picked":["Slice","Backstab"],"picked":"Backflip","floor":32},{"not_picked":["Bullet Time","Wraith Form v2"],"picked":"After Image","floor":33},{"not_picked":["Sucker Punch","PiercingWail","Slice+1"],"picked":"Singing Bowl","floor":35},{"not_picked":["Cloak And Dagger","Eviscerate+1"],"picked":"Underhanded Strike","floor":38},{"not_picked":["Heel Hook","Dagger Spray+1","Sucker Punch+1"],"picked":"Singing Bowl","floor":42},{"not_picked":["Dagger Throw","Poisoned Stab"],"picked":"Choke","floor":44},{"not_picked":["Dagger Throw+1","Quick Slash"],"picked":"Blur","floor":46},{"not_picked":["HandOfGreed","Mind Blast"],"picked":"Forethought","floor":47},{"not_picked":["Finisher","Dagger Spray+1"],"picked":"Tactician+1","floor":48},{"not_picked":["Sucker Punch","Distraction"],"picked":"Deflect+1","floor":49}],"player_experience":443384,"relics_obtained":[{"floor":7,"key":"Singing Bowl"},{"floor":9,"key":"Letter Opener"},{"floor":24,"key":"Bronze Scales"},{"floor":26,"key":"Dream Catcher"},{"floor":28,"key":"The Specimen"},{"floor":42,"key":"Tough Bandages"},{"floor":43,"key":"Incense Burner"},{"floor":44,"key":"Lantern"},{"floor":46,"key":"Omamori"}],"event_choices":[{"damage_healed":6,"gold_gain":0,"player_choice":"Full Heal","damage_taken":0,"max_hp_gain":0,"max_hp_loss":0,"event_name":"Wheel of Change","floor":5,"gold_loss":0},{"damage_healed":0,"gold_gain":0,"player_choice":"Simplicity","damage_taken":0,"max_hp_gain":0,"max_hp_loss":0,"event_name":"Back to Basics","floor":29,"gold_loss":0,"cards_upgraded":["Strike_G","Strike_G","Strike_G","Defend_G","Defend_G","Defend_G","Defend_G","Defend_G"]},{"damage_healed":0,"gold_gain":0,"player_choice":"Ignored","damage_taken":0,"max_hp_gain":0,"max_hp_loss":0,"event_name":"Ghosts","floor":31,"gold_loss":0},{"cards_removed":["Backflip"],"damage_healed":0,"gold_gain":0,"player_choice":"Removed Skill","damage_taken":0,"max_hp_gain":0,"max_hp_loss":0,"event_name":"Falling","floor":36,"gold_loss":0},{"damage_healed":0,"gold_gain":0,"player_choice":"Embrace Madness","damage_taken":9,"max_hp_gain":0,"max_hp_loss":0,"event_name":"Winding Halls","floor":37,"gold_loss":0,"cards_obtained":["Madness","Madness"]},{"damage_healed":0,"gold_gain":0,"player_choice":"Fight","damage_taken":0,"max_hp_gain":0,"max_hp_loss":0,"event_name":"Mysterious Sphere","floor":42,"gold_loss":0},{"damage_healed":0,"gold_gain":0,"player_choice":"Memory 1","damage_taken":0,"max_hp_gain":0,"max_hp_loss":0,"event_name":"SensoryStone","floor":47,"gold_loss":0}],"is_beta":false,"boss_relics":[{"not_picked":["Orrery","Empty Cage"],"picked":"Philosopher\u0027s Stone"},{"not_picked":["Coffee Dripper","Pandora\u0027s Box"],"picked":"Eternal Feather"}],"items_purged_floors":[2,19,39],"is_endless":false,"potions_floor_spawned":[4,7,14,21,22,27,28,30,38,42,44],"ascension_level":5}