{"gold_per_floor":[119,137,152,152,38,38,73,89,89,99,99,173,208,223,223,296,296,313,13,32,32,51,51,51],"floor_reached":24,"playtime":1615,"items_purged":["Strike_R"],"score":385,"play_id":"3130a434-5c92-4ce7-8e6e-a67a8452d121","local_time":"20190411010206","is_ascension_mode":true,"campfire_choices":[{"data":"Bash","floor":6,"key":"SMITH"},{"data":"Combust","floor":11,"key":"SMITH"},{"data":"Fiend Fire","floor":15,"key":"SMITH"},{"floor":23,"key":"REST"}],"neow_cost":"TEN_PERCENT_HP_LOSS","seed_source_timestamp":1128763545638843,"circlet_count":0,"master_deck":["AscendersBane","Strike_R","Strike_R","Strike_R","Strike_R","Defend_R+1","Defend_R+1","Defend_R","Defend_R","Bash+1","Reaper","Feel No Pain","Armaments","Pommel Strike","Combust+1","Heavy Blade","Fiend Fire+1","Sentinel","Feed","Shrug It Off","Shrug It Off","Twin Strike+1","Feel No Pain"],"special_seed":0,"relics":["Burning Blood","Omamori","Red Skull","Bottled Flame","Sozu","Mummified Hand"],"potions_floor_usage":[7,13,16,20],"damage_taken":[{"damage":1,"enemies":"Small Slimes","floor":1,"turns":4},{"damage":9,"enemies":"2 Louse","floor":2,"turns":3},{"damage":1,"enemies":"Cultist","floor":3,"turns":3},{"damage":10,"enemies":"3 Sentries","floor":7,"turns":5},{"damage":18,"enemies":"Exordium Wildlife","floor":8,"turns":3},{"damage":2,"enemies":"2 Fungi Beasts","floor":10,"turns":4},{"damage":29,"enemies":"Gremlin Nob","floor":13,"turns":4},{"damage":8,"enemies":"Blue Slaver","floor":14,"turns":3},{"damage":39,"enemies":"The Guardian","floor":16,"turns":12},{"damage":27,"enemies":"2 Thieves","floor":18,"turns":4},{"damage":15,"enemies":"3 Byrds","floor":20,"turns":5},{"damage":39,"enemies":"Cultist and Chosen","floor":22,"turns":6},{"damage":49,"enemies":"Gremlin Leader","floor":24,"turns":7}],"seed_played":"-4298033233009142073","potions_obtained":[{"floor":3,"key":"AttackPotion"},{"floor":7,"key":"SteroidPotion"},{"floor":10,"key":"EssenceOfSteel"},{"floor":16,"key":"Weak Potion"}],"is_trial":false,"path_per_floor":["M","M","M","?","$","R","E","M","T","M","R","?","E","M","R","B",null,"M","$","M","?","M","R","E"],"character_chosen":"IRONCLAD","items_purchased":["Combust","Mummified Hand","Shrug It Off"],"campfire_rested":1,"item_purchase_floors":[5,19,19],"current_hp_per_floor":[68,68,68,48,48,48,52,50,50,58,58,58,35,33,33,7,53,32,32,35,35,9,30,0],"gold":51,"neow_bonus":"THREE_RARE_CARDS","is_prod":false,"is_daily":false,"chose_seed":false,"campfire_upgraded":3,"win_rate":0,"timestamp":1554940926,"path_taken":["M","M","M","?","$","R","E","M","T","M","R","?","E","M","R","BOSS","M","$","M","?","M","R","E"],"build_version":"2019-01-23","purchased_purges":1,"victory":false,"max_hp_per_floor":[68,68,68,68,68,68,68,68,68,68,68,68,68,68,68,68,68,68,68,71,71,71,71,71],"card_choices":[{"not_picked":["Bludgeon","Juggernaut"],"picked":"Reaper","floor":0.0},{"not_picked":["Cleave","Havoc"],"picked":"Feel No Pain","floor":1},{"not_picked":["Sword Boomerang","True Grit"],"picked":"Armaments","floor":2},{"not_picked":["Twin Strike","Corruption"],"picked":"Pommel Strike","floor":3},{"not_picked":["Wild Strike","Reckless Charge","Iron Wave"],"picked":"SKIP","floor":7},{"not_picked":["Fire Breathing","Sever Soul","Entrench"],"picked":"SKIP","floor":8},{"not_picked":["Perfected Strike","Second Wind"],"picked":"Heavy Blade","floor":10},{"not_picked":["Sword Boomerang","Perfected Strike"],"picked":"Fiend Fire","floor":13},{"not_picked":["Bloodletting","Clash"],"picked":"Sentinel","floor":14},{"not_picked":["Barricade","Juggernaut"],"picked":"Feed","floor":16},{"not_picked":["Armaments","Anger"],"picked":"Shrug It Off","floor":18},{"not_picked":["Ghostly Armor","Sentinel"],"picked":"Twin Strike+1","floor":20},{"not_picked":["Infernal Blade","Cleave"],"picked":"Feel No Pain","floor":22}],"player_experience":773193,"relics_obtained":[{"floor":7,"key":"Omamori"},{"floor":9,"key":"Red Skull"},{"floor":13,"key":"Bottled Flame"}],"event_choices":[{"damage_healed":0,"gold_gain":0,"player_choice":"Entered Light","damage_taken":20,"max_hp_gain":0,"max_hp_loss":0,"event_name":"Shining Light","floor":4,"gold_loss":0,"cards_upgraded":["Defend_R","Defend_R"]},{"damage_healed":0,"gold_gain":74,"player_choice":"Gained Gold","damage_taken":0,"max_hp_gain":0,"max_hp_loss":0,"event_name":"Golden Wing","floor":12,"gold_loss":0},{"damage_healed":0,"gold_gain":0,"player_choice":"Ignored","damage_taken":0,"max_hp_gain":0,"max_hp_loss":0,"event_name":"Vampires","floor":21,"gold_loss":0}],"is_beta":false,"boss_relics":[{"not_picked":["Busted Crown","Astrolabe"],"picked":"Sozu"}],"items_purged_floors":[5],"is_endless":false,"potions_floor_spawned":[3,7,10,16,20,22],"killed_by":"Gremlin Leader","ascension_level":17}