{"gold_per_floor":[110,33,53,53,18,18,51,69,69,69,102,102,130,150,150,222,222,202,220,237,264,264,264,264],"floor_reached":24,"playtime":1002,"items_purged":[],"score":418,"play_id":"9e25f895-81ef-4f56-ba2f-36b0144c66a4","local_time":"20190803103631","is_ascension_mode":true,"campfire_choices":[{"data":"Sucker Punch","floor":6,"key":"SMITH"},{"data":"Acrobatics","floor":12,"key":"SMITH"},{"floor":15,"key":"REST"},{"floor":23,"key":"REST"}],"neow_cost":"NONE","seed_source_timestamp":33792027260199,"circlet_count":0,"master_deck":["AscendersBane","Strike_G","Strike_G","Strike_G","Strike_G","Strike_G","Defend_G","Defend_G","Defend_G","Defend_G","Defend_G","Survivor","Neutralize+1","Riddle With Holes","Skewer","Sucker Punch+1","Acrobatics+1","Dagger Throw","PiercingWail","Dagger Throw","Malaise","Underhanded Strike","Backflip"],"relics":["Ring of the Snake","NeowsBlessing","Tough Bandages","StoneCalendar","Gremlin Horn","Omamori","Sozu","Blood Vial","GremlinMask"],"potions_floor_usage":[13,16,19,24],"damage_taken":[{"damage":0,"enemies":"Small Slimes","floor":1,"turns":1},{"damage":0,"enemies":"2 Louse","floor":3,"turns":1},{"damage":0,"enemies":"3 Sentries","floor":7,"turns":1},{"damage":4,"enemies":"Cultist","floor":8,"turns":3},{"damage":11,"enemies":"Lagavulin","floor":11,"turns":8},{"damage":14,"enemies":"3 Sentries","floor":13,"turns":7},{"damage":5,"enemies":"Exordium Thugs","floor":14,"turns":7},{"damage":43,"enemies":"Slime Boss","floor":16,"turns":7},{"damage":10,"enemies":"2 Thieves","floor":18,"turns":4},{"damage":0,"enemies":"Chosen","floor":19,"turns":3},{"damage":13,"enemies":"Centurion and Healer","floor":20,"turns":7},{"damage":54,"enemies":"Slavers","floor":24,"turns":4}],"seed_played":"1285107359291654281","potions_obtained":[{"floor":1,"key":"LiquidBronze"},{"floor":7,"key":"SpeedPotion"},{"floor":10,"key":"Explosive Potion"},{"floor":13,"key":"Fire Potion"},{"floor":16,"key":"FearPotion"}],"is_trial":false,"path_per_floor":["M","$","M","?","?","R","E","M","T","?","E","R","E","M","R","B",null,"M","M","M","T","?","R","E"],"character_chosen":"THE_SILENT","items_purchased":["Skewer"],"campfire_rested":2,"item_purchase_floors":[2],"current_hp_per_floor":[59,59,59,59,66,66,66,62,62,62,51,51,37,32,51,8,52,42,42,29,29,29,48,0],"gold":264,"neow_bonus":"THREE_ENEMY_KILL","is_prod":false,"is_daily":false,"chose_seed":false,"campfire_upgraded":2,"win_rate":0,"timestamp":1564842991,"path_taken":["M","$","M","?","?","R","E","M","T","?","E","R","E","M","R","BOSS","M","M","?","?","?","R","E"],"build_version":"2019-07-17","purchased_purges":0,"victory":false,"max_hp_per_floor":[66,66,66,66,66,66,66,66,66,66,66,66,66,66,66,66,66,66,66,66,66,66,66,66],"card_choices":[{"not_picked":["Slice","Dagger Throw"],"picked":"Riddle With Holes","floor":1},{"not_picked":["Deflect","Skewer"],"picked":"Sucker Punch","floor":3},{"not_picked":["Eviscerate","Riddle With Holes","Flying Knee"],"picked":"SKIP","floor":7},{"not_picked":["Dash","Underhanded Strike"],"picked":"Acrobatics","floor":8},{"not_picked":["Dagger Spray","Bullet Time"],"picked":"Dagger Throw","floor":11},{"not_picked":["Poisoned Stab","Bouncing Flask"],"picked":"PiercingWail","floor":13},{"not_picked":["Sucker Punch","Cloak And Dagger"],"picked":"Dagger Throw","floor":14},{"not_picked":["Night Terror","Bullet Time"],"picked":"Malaise","floor":16},{"not_picked":["Dagger Throw+1","Skewer+1","Choke"],"picked":"SKIP","floor":18},{"not_picked":["Poisoned Stab","Masterful Stab"],"picked":"Underhanded Strike","floor":19},{"not_picked":["Cloak And Dagger","Accuracy"],"picked":"Backflip","floor":20}],"player_experience":642104,"relics_obtained":[{"floor":7,"key":"Tough Bandages"},{"floor":9,"key":"StoneCalendar"},{"floor":11,"key":"Gremlin Horn"},{"floor":13,"key":"Omamori"},{"floor":21,"key":"Blood Vial"}],"event_choices":[{"damage_healed":0,"gold_gain":0,"player_choice":"Grow","damage_taken":0,"max_hp_gain":0,"max_hp_loss":0,"event_name":"Living Wall","floor":4,"gold_loss":0,"cards_upgraded":["Neutralize"]},{"damage_healed":16,"gold_gain":0,"player_choice":"Healed","damage_taken":0,"max_hp_gain":0,"max_hp_loss":0,"event_name":"The Cleric","floor":5,"gold_loss":35},{"damage_healed":0,"gold_gain":0,"player_choice":"Got Potions","damage_taken":0,"max_hp_gain":0,"max_hp_loss":0,"event_name":"Lab","floor":10,"gold_loss":0},{"damage_healed":0,"gold_gain":0,"player_choice":"Trade","damage_taken":0,"relics_obtained":["GremlinMask"],"max_hp_gain":0,"max_hp_loss":0,"event_name":"FaceTrader","floor":22,"gold_loss":0}],"is_beta":false,"boss_relics":[{"not_picked":["WristBlade","Lizard Tail"],"picked":"Sozu"}],"items_purged_floors":[],"is_endless":false,"potions_floor_spawned":[1,7,13,16,19],"killed_by":"Slavers","ascension_level":15}