{"gold_per_floor":[114,129,144,159,174,174,189,204,254,254,219,234,249,279,279,379,379,394,409,115,130,82,82,97,112,137,137,152,182,182,197,197,297,297,312,327,27,42,57,57,72,102,102,132,147,162,72,87,87,87],"floor_reached":51,"playtime":3250,"items_purged":["Armaments","Iron Wave"],"score":1093,"play_id":"fb9c92c2-5bdb-426a-83dd-61900ac30cf3","local_time":"20190519190410","daily_mods":["SealedDeck","Vintage","Lethality"],"is_ascension_mode":false,"campfire_choices":[{"data":"Sword Boomerang","floor":6,"key":"SMITH"},{"data":"Armaments","floor":15,"key":"SMITH"},{"data":"Havoc","floor":23,"key":"SMITH"},{"data":"Uppercut","floor":32,"key":"SMITH"},{"data":"Thunderclap","floor":40,"key":"SMITH"},{"data":"Metallicize","floor":49,"key":"SMITH"}],"neow_cost":"","seed_source_timestamp":0,"circlet_count":0,"master_deck":["Pommel Strike+1","Headbutt","Uppercut+1","Armaments+1","Cleave+1","Thunderclap+1","Sword Boomerang+1","Metallicize+1","Shrug It Off+1","Reaper","Dropkick+1","Havoc+1","Corruption+1","Limit Break+1","True Grit+1"],"special_seed":18035,"relics":["Burning Blood","Pen Nib","Centennial Puzzle","Mummified Hand","Champion Belt","Mercury Hourglass","Blue Candle","Letter Opener","Regal Pillow","Kunai","Bottled Flame","Gambling Chip","Philosopher\u0027s Stone","Pocketwatch","Sundial","Bag of Preparation","Lantern","Omamori","Potion Belt","Orichalcum","Toxic Egg 2","Meat on the Bone","WarpedTongs","Molten Egg 2","Runic Pyramid","Bronze Scales","Bottled Lightning","Vajra","Charon\u0027s Ashes","Whetstone","Juzu Bracelet","Anchor","Singing Bowl","Paper Frog","Oddly Smooth Stone","FossilizedHelix","Blood Vial"],"potions_floor_usage":[16,24,50,50],"damage_taken":[{"damage":0,"enemies":"Small Slimes","floor":1,"turns":1},{"damage":0,"enemies":"Jaw Worm","floor":2,"turns":1},{"damage":0,"enemies":"2 Louse","floor":3,"turns":1},{"damage":0,"enemies":"Gremlin Gang","floor":4,"turns":1},{"damage":0,"enemies":"Exordium Thugs","floor":5,"turns":1},{"damage":0,"enemies":"3 Louse","floor":7,"turns":1},{"damage":0,"enemies":"Lots of Slimes","floor":8,"turns":1},{"damage":0,"enemies":"2 Fungi Beasts","floor":12,"turns":2},{"damage":0,"enemies":"Exordium Thugs","floor":13,"turns":2},{"damage":0,"enemies":"3 Sentries","floor":14,"turns":2},{"damage":5,"enemies":"Slime Boss","floor":16,"turns":5},{"damage":1,"enemies":"Shell Parasite","floor":18,"turns":2},{"damage":14,"enemies":"2 Thieves","floor":19,"turns":3},{"damage":0,"enemies":"Centurion and Healer","floor":21,"turns":2},{"damage":0,"enemies":"Snake Plant","floor":24,"turns":1},{"damage":0,"enemies":"Cultist and Chosen","floor":25,"turns":1},{"damage":0,"enemies":"Snecko","floor":28,"turns":1},{"damage":0,"enemies":"Book of Stabbing","floor":29,"turns":2},{"damage":0,"enemies":"Snake Plant","floor":31,"turns":2},{"damage":0,"enemies":"Collector","floor":33,"turns":4},{"damage":0,"enemies":"3 Shapes","floor":35,"turns":1},{"damage":0,"enemies":"3 Darklings","floor":36,"turns":1},{"damage":0,"enemies":"Transient","floor":38,"turns":3},{"damage":0,"enemies":"Jaw Worm Horde","floor":39,"turns":1},{"damage":3,"enemies":"4 Shapes","floor":41,"turns":1},{"damage":0,"enemies":"Reptomancer","floor":42,"turns":2},{"damage":0,"enemies":"Giant Head","floor":44,"turns":3},{"damage":0,"enemies":"Spire Growth","floor":45,"turns":2},{"damage":0,"enemies":"Jaw Worm Horde","floor":46,"turns":2},{"damage":0,"enemies":"Sphere and 2 Shapes","floor":48,"turns":2},{"damage":0,"enemies":"Time Eater","floor":50,"turns":3}],"seed_played":"-6451152529473643589","potions_obtained":[{"floor":2,"key":"Strength Potion"},{"floor":4,"key":"Dexterity Potion"},{"floor":8,"key":"EssenceOfSteel"},{"floor":13,"key":"Fire Potion"},{"floor":19,"key":"SkillPotion"},{"floor":28,"key":"Fire Potion"},{"floor":35,"key":"Fire Potion"},{"floor":36,"key":"SneckoOil"},{"floor":39,"key":"Energy Potion"},{"floor":44,"key":"Explosive Potion"}],"is_trial":false,"path_per_floor":["M","M","M","M","M","R","M","M","T","?","$","M","M","E","R","B",null,"M","M","$","M","$","R","M","M","T","?","M","E","?","M","R","B",null,"M","M","$","M","M","R","M","E","T","E","M","M","?","M","R","B",null],"character_chosen":"IRONCLAD","items_purchased":["Metallicize","Dropkick","Bag of Preparation","Havoc","True Grit+1","Vajra"],"campfire_rested":0,"item_purchase_floors":[11,20,20,22,37,37],"current_hp_per_floor":[80,80,80,80,80,80,80,80,80,80,80,80,80,80,80,80,80,80,72,72,80,80,80,80,80,80,65,81,85,85,85,85,85,85,85,85,85,85,85,85,85,85,85,87,87,87,87,87,87,87],"gold":87,"neow_bonus":"","is_prod":false,"is_daily":true,"chose_seed":false,"campfire_upgraded":6,"win_rate":0,"timestamp":1558289050,"path_taken":["M","M","M","M","M","R","M","M","T","?","$","M","M","E","R","BOSS","M","M","$","M","$","R","M","M","T","?","M","E","?","M","R","BOSS","M","M","$","M","M","R","?","E","T","E","M","M","?","M","R","BOSS"],"build_version":"2019-01-23","purchased_purges":2,"victory":true,"max_hp_per_floor":[80,80,80,80,80,80,80,80,80,80,80,80,80,80,80,80,80,80,80,80,80,80,80,80,80,80,85,85,85,85,85,85,85,85,85,85,85,85,85,85,85,85,85,87,87,87,87,87,87,87],"card_choices":[{"not_picked":["Twin Strike","Armaments"],"picked":"Shrug It Off","floor":14},{"not_picked":["Demon Form","Bludgeon"],"picked":"Reaper","floor":16},{"not_picked":["Fire Breathing+1","Thunderclap"],"picked":"Corruption+1","floor":29},{"not_picked":["Impervious+1","Offering+1"],"picked":"Limit Break+1","floor":33},{"not_picked":["Clash+1","Ghostly Armor+1","Wild Strike+1"],"picked":"SKIP","floor":42},{"not_picked":["Havoc+1","Armaments+1","Cleave+1"],"picked":"Singing Bowl","floor":44}],"player_experience":967653,"relics_obtained":[{"floor":1,"key":"Pen Nib"},{"floor":2,"key":"Centennial Puzzle"},{"floor":3,"key":"Mummified Hand"},{"floor":4,"key":"Champion Belt"},{"floor":5,"key":"Mercury Hourglass"},{"floor":7,"key":"Blue Candle"},{"floor":8,"key":"Letter Opener"},{"floor":9,"key":"Regal Pillow"},{"floor":12,"key":"Kunai"},{"floor":13,"key":"Bottled Flame"},{"floor":14,"key":"Gambling Chip"},{"floor":18,"key":"Pocketwatch"},{"floor":19,"key":"Sundial"},{"floor":21,"key":"Lantern"},{"floor":24,"key":"Omamori"},{"floor":25,"key":"Potion Belt"},{"floor":26,"key":"Orichalcum"},{"floor":28,"key":"Toxic Egg 2"},{"floor":29,"key":"Meat on the Bone"},{"floor":31,"key":"Molten Egg 2"},{"floor":35,"key":"Bronze Scales"},{"floor":36,"key":"Bottled Lightning"},{"floor":38,"key":"Charon\u0027s Ashes"},{"floor":39,"key":"Whetstone"},{"floor":41,"key":"Juzu Bracelet"},{"floor":42,"key":"Anchor"},{"floor":43,"key":"Singing Bowl"},{"floor":44,"key":"Paper Frog"},{"floor":45,"key":"Oddly Smooth Stone"},{"floor":46,"key":"FossilizedHelix"},{"floor":48,"key":"Blood Vial"}],"event_choices":[{"damage_healed":0,"gold_gain":0,"player_choice":"Grow","damage_taken":0,"max_hp_gain":0,"max_hp_loss":0,"event_name":"Living Wall","floor":10,"gold_loss":0,"cards_upgraded":["Pommel Strike"]},{"damage_healed":0,"gold_gain":0,"player_choice":"Shed Blood","damage_taken":20,"max_hp_gain":5,"max_hp_loss":0,"event_name":"Forgotten Altar","floor":27,"gold_loss":0},{"damage_healed":0,"gold_gain":0,"player_choice":"Rummage","damage_taken":0,"relics_obtained":["WarpedTongs"],"max_hp_gain":0,"max_hp_loss":0,"event_name":"Accursed Blacksmith","floor":30,"gold_loss":0,"cards_obtained":["Pain"]},{"cards_removed":["Rage"],"damage_healed":0,"gold_gain":0,"player_choice":"Upgrade and Remove","damage_taken":0,"max_hp_gain":0,"max_hp_loss":0,"event_name":"Designer","floor":47,"gold_loss":90,"cards_upgraded":["Shrug It Off"]}],"is_beta":false,"boss_relics":[{"not_picked":["Runic Dome","White Beast Statue"],"picked":"Philosopher\u0027s Stone"},{"not_picked":["Velvet Choker","Empty Cage"],"picked":"Runic Pyramid"}],"items_purged_floors":[20,37],"is_endless":false,"potions_floor_spawned":[2,4,8,13,14,19,21,28,35,36,39,44],"ascension_level":0}