{"gold_per_floor":[113,130,130,141,151,212,212,212,212,238,254,273,308,324,324,423,423,433,433,449,99,119,119,154,170,170,502,513,513,545,556,556,655,655,675,29,43,56,56,89,89,65,65,85,45,71,71,84,84,84],"floor_reached":51,"playtime":6668,"items_purged":["Strike_R"],"score":1312,"play_id":"81dc0351-6391-4cf2-a393-c7e7bf5ade4a","local_time":"20190312122214","is_ascension_mode":true,"campfire_choices":[{"data":"Bash","floor":8,"key":"SMITH"},{"data":"Anger","floor":15,"key":"SMITH"},{"data":"Body Slam","floor":23,"key":"SMITH"},{"data":"Impervious","floor":29,"key":"SMITH"},{"data":"Dual Wield","floor":32,"key":"SMITH"},{"data":"Body Slam","floor":41,"key":"SMITH"},{"data":"Brutality","floor":47,"key":"SMITH"},{"floor":49,"key":"REST"}],"neow_cost":"NONE","seed_source_timestamp":307305363175631,"circlet_count":0,"master_deck":["AscendersBane","Bash+1","Impervious+1","Pummel+1","Pommel Strike+1","Anger+1","Heavy Blade","Metallicize","Iron Wave","Pummel","Shrug It Off","Battle Trance","Shockwave","Brutality+1","Body Slam+1","True Grit+1","Corruption","Headbutt","Metallicize+1","Evolve","True Grit+1","Seeing Red","Flex","Dual Wield+1","Demon Form","Perfected Strike","Demon Form","Body Slam+1","Blood for Blood","Limit Break","Carnage","Twin Strike","Hemokinesis","Rage+1","Enlightenment","Demon Form","Shrug It Off","Uppercut","Armaments+1","Shrug It Off","Fiend Fire","Sword Boomerang+1","Armaments+1"],"relics":["Burning Blood","Tiny Chest","Calipers","Mummified Hand","Meat on the Bone","Mercury Hourglass","Runic Pyramid","CultistMask","Bag of Preparation","Ornamental Fan","Lantern","Old Coin","Bottled Lightning","Pandora\u0027s Box","Ice Cream","Whetstone","Self Forming Clay","Dream Catcher"],"potions_floor_usage":[6,10,10,16,37,46,50,50],"damage_taken":[{"damage":1,"enemies":"Cultist","floor":1,"turns":4},{"damage":4,"enemies":"Small Slimes","floor":2,"turns":4},{"damage":7,"enemies":"Jaw Worm","floor":4,"turns":3},{"damage":9,"enemies":"Red Slaver","floor":5,"turns":4},{"damage":20,"enemies":"Lagavulin","floor":6,"turns":7},{"damage":2,"enemies":"3 Sentries","floor":10,"turns":5},{"damage":3,"enemies":"2 Fungi Beasts","floor":11,"turns":4},{"damage":12,"enemies":"Lots of Slimes","floor":12,"turns":7},{"damage":32,"enemies":"Lagavulin","floor":13,"turns":7},{"damage":4,"enemies":"3 Louse","floor":14,"turns":3},{"damage":9,"enemies":"Slime Boss","floor":16,"turns":7},{"damage":10,"enemies":"Spheric Guardian","floor":18,"turns":4},{"damage":9,"enemies":"Chosen","floor":20,"turns":4},{"damage":3,"enemies":"3 Cultists","floor":22,"turns":6},{"damage":3,"enemies":"Slavers","floor":24,"turns":5},{"damage":14,"enemies":"Shelled Parasite and Fungi","floor":25,"turns":6},{"damage":15,"enemies":"Gremlin Leader","floor":27,"turns":7},{"damage":1,"enemies":"Snake Plant","floor":28,"turns":5},{"damage":4,"enemies":"Slavers","floor":30,"turns":6},{"damage":4,"enemies":"3 Cultists","floor":31,"turns":5},{"damage":38,"enemies":"Automaton","floor":33,"turns":10},{"damage":35,"enemies":"3 Darklings","floor":35,"turns":4},{"damage":3,"enemies":"Orb Walker","floor":37,"turns":4},{"damage":13,"enemies":"4 Shapes","floor":38,"turns":6},{"damage":21,"enemies":"Giant Head","floor":40,"turns":7},{"damage":0,"enemies":"Transient","floor":44,"turns":5},{"damage":1,"enemies":"Nemesis","floor":46,"turns":5},{"damage":36,"enemies":"Maw","floor":48,"turns":5},{"damage":32,"enemies":"Awakened One","floor":50,"turns":7}],"seed_played":"7008207509308692340","potions_obtained":[{"floor":4,"key":"Fire Potion"},{"floor":5,"key":"Regen Potion"},{"floor":6,"key":"SkillPotion"},{"floor":10,"key":"Dexterity Potion"},{"floor":14,"key":"PowerPotion"},{"floor":20,"key":"SmokeBomb"},{"floor":25,"key":"Weak Potion"},{"floor":28,"key":"Weak Potion"},{"floor":30,"key":"EssenceOfSteel"},{"floor":37,"key":"FearPotion"}],"is_trial":false,"path_per_floor":["M","M","?","M","M","E","?","R","T","E","M","M","E","M","R","B",null,"M","?","M","$","M","R","E","M","T","E","M","R","E","M","R","B",null,"M","$","M","M","?","E","R","$","T","M","?","E","R","M","R","B",null],"character_chosen":"IRONCLAD","items_purchased":["Corruption","Bag of Preparation","Headbutt","Ice Cream","Enlightenment","Demon Form","Shrug It Off","Uppercut","Sword Boomerang"],"campfire_rested":1,"item_purchase_floors":[21,21,21,36,36,36,36,36,42],"current_hp_per_floor":[77,79,79,78,75,61,43,43,43,61,64,58,44,58,58,55,74,70,70,67,67,70,70,73,65,65,56,61,61,63,65,65,45,71,54,54,57,50,50,47,47,47,47,53,53,58,58,40,62,48],"gold":84,"neow_bonus":"ONE_RANDOM_RARE_CARD","is_prod":false,"is_daily":false,"chose_seed":false,"campfire_upgraded":7,"win_rate":0,"timestamp":1552393334,"path_taken":["M","M","?","M","M","E","?","R","T","E","M","M","E","M","R","BOSS","M","?","M","$","M","R","E","M","T","E","M","R","E","M","R","BOSS","M","$","?","M","?","E","R","?","T","?","?","E","R","M","R","BOSS"],"build_version":"2019-01-23","purchased_purges":1,"victory":true,"max_hp_per_floor":[80,80,80,80,80,80,80,80,80,80,80,80,80,80,80,80,80,80,80,80,80,80,80,80,80,80,80,80,80,80,80,80,80,80,80,80,80,80,76,76,76,76,76,76,76,76,76,76,76,76],"card_choices":[{"not_picked":["Heavy Blade","Clash"],"picked":"Pummel","floor":1},{"not_picked":["True Grit","Intimidate"],"picked":"Pommel Strike","floor":2},{"not_picked":["Pommel Strike","Iron Wave"],"picked":"Anger","floor":4},{"not_picked":["Warcry","Burning Pact"],"picked":"Heavy Blade","floor":5},{"not_picked":["Seeing Red","Warcry"],"picked":"Metallicize","floor":6},{"not_picked":["Sentinel","Berserk"],"picked":"Iron Wave","floor":10},{"not_picked":["Blood for Blood","Burning Pact"],"picked":"Pummel","floor":11},{"not_picked":["Bloodletting","Twin Strike"],"picked":"Shrug It Off","floor":12},{"not_picked":["Iron Wave","Rupture"],"picked":"Battle Trance","floor":13},{"not_picked":["Iron Wave","Havoc"],"picked":"Shockwave","floor":14},{"not_picked":["Barricade","Fiend Fire"],"picked":"Brutality","floor":16},{"not_picked":["Twin Strike+1","Second Wind+1"],"picked":"Body Slam","floor":18},{"not_picked":["Iron Wave","Flex"],"picked":"True Grit+1","floor":20},{"not_picked":["True Grit","Flame Barrier"],"picked":"Metallicize+1","floor":22},{"not_picked":["Iron Wave","Clash+1"],"picked":"Evolve","floor":24},{"not_picked":["Exhume","Warcry"],"picked":"True Grit+1","floor":25},{"not_picked":["Cleave","Perfected Strike","Twin Strike"],"picked":"SKIP","floor":27},{"not_picked":["Fire Breathing","Wild Strike+1"],"picked":"Seeing Red","floor":28},{"not_picked":["Pommel Strike","Clash"],"picked":"Flex","floor":30},{"not_picked":["Dropkick+1","Burning Pact"],"picked":"Dual Wield","floor":31},{"not_picked":["Impervious","Barricade"],"picked":"Demon Form","floor":33},{"not_picked":["Twin Strike+1","Pommel Strike+1"],"picked":"Rage+1","floor":35},{"not_picked":["Whirlwind+1","Iron Wave"],"picked":"Armaments+1","floor":37},{"not_picked":["Clash","Evolve"],"picked":"Shrug It Off","floor":38},{"not_picked":["Bloodletting","Rampage+1"],"picked":"Fiend Fire","floor":40},{"not_picked":["Cleave+1","Uppercut+1"],"picked":"Armaments+1","floor":44},{"not_picked":["Hemokinesis","Rampage+1","Clothesline"],"picked":"SKIP","floor":46},{"not_picked":["Fire Breathing+1","Twin Strike+1","Sword Boomerang"],"picked":"SKIP","floor":48}],"player_experience":615352,"relics_obtained":[{"floor":6,"key":"Tiny Chest"},{"floor":9,"key":"Mummified Hand"},{"floor":10,"key":"Meat on the Bone"},{"floor":13,"key":"Mercury Hourglass"},{"floor":24,"key":"Ornamental Fan"},{"floor":26,"key":"Lantern"},{"floor":27,"key":"Old Coin"},{"floor":30,"key":"Bottled Lightning"},{"floor":40,"key":"Whetstone"},{"floor":43,"key":"Self Forming Clay"},{"floor":46,"key":"Dream Catcher"}],"event_choices":[{"damage_healed":0,"gold_gain":0,"player_choice":"Ignored","damage_taken":0,"max_hp_gain":0,"max_hp_loss":0,"event_name":"Liars Game","floor":3,"gold_loss":0},{"damage_healed":0,"gold_gain":0,"player_choice":"Success","damage_taken":18,"relics_obtained":["Calipers"],"max_hp_gain":0,"max_hp_loss":0,"event_name":"Scrap Ooze","floor":7,"gold_loss":0},{"damage_healed":0,"gold_gain":0,"player_choice":"Trade","damage_taken":0,"relics_obtained":["CultistMask"],"max_hp_gain":0,"max_hp_loss":0,"event_name":"FaceTrader","floor":19,"gold_loss":0},{"damage_healed":0,"gold_gain":0,"player_choice":"Max HP","damage_taken":0,"max_hp_gain":0,"max_hp_loss":4,"event_name":"Winding Halls","floor":39,"gold_loss":0},{"damage_healed":0,"gold_gain":0,"player_choice":"Upgrade","damage_taken":0,"max_hp_gain":0,"max_hp_loss":0,"event_name":"Designer","floor":45,"gold_loss":40,"cards_upgraded":["Sword Boomerang"]}],"is_beta":false,"boss_relics":[{"not_picked":["Ectoplasm","Calling Bell"],"picked":"Runic Pyramid"},{"not_picked":["White Beast Statue","Runic Dome"],"picked":"Pandora\u0027s Box"}],"items_purged_floors":[21],"is_endless":false,"potions_floor_spawned":[4,5,6,10,14,20,25,28,30,31,33,35,37,40],"ascension_level":10}