{"gold_per_floor":[110,110,110,110,110,150,163,198,224,224,264,287,305,12,12,132,132,147,147,5,5,28,68,68,112,135,178,178,193,218,9,9,137,137,153,153,167,185,203,237,237,110,110,141,167,206,220,243,243,243],"floor_reached":51,"playtime":3605,"items_purged":["Strike_G","Strike_G"],"score":1038,"play_id":"3c1de4e9-f1b1-49b3-8041-0ff4906c67df","local_time":"20190413201201","daily_mods":["Cursed Run","Elite Swarm","Lethality"],"is_ascension_mode":false,"campfire_choices":[{"data":"Malaise","floor":10,"key":"SMITH"},{"data":"Tools of the Trade","floor":15,"key":"SMITH"},{"data":"After Image","floor":24,"key":"SMITH"},{"data":"Footwork","floor":28,"key":"SMITH"},{"floor":32,"key":"REST"},{"data":"Infinite Blades","floor":41,"key":"SMITH"},{"data":"Burst","floor":49,"key":"SMITH"}],"neow_cost":"","seed_source_timestamp":0,"circlet_count":0,"master_deck":["Defend_G","Defend_G","Defend_G+1","Defend_G","Strike_G","Strike_G+1","Strike_G+1","Survivor","Neutralize+1","Footwork+1","Injury","Adrenaline","Sucker Punch","Malaise+1","Regret","Tools of the Trade+1","Backflip","Footwork","Accuracy","Parasite","A Thousand Cuts","Cloak And Dagger+1","Corpse Explosion","Well Laid Plans","Dagger Spray","After Image+1","Glass Knife","Regret","Tools of the Trade","Acrobatics+1","Dash","Footwork","Escape Plan","Dagger Spray+1","Doubt","Burst+1","Clumsy","Regret","Writhe","Dagger Throw","Pain","Cloak And Dagger+1","Blade Dance+1","Infinite Blades+1","Storm of Steel","Writhe","Adrenaline","Clumsy","Prepared+1","Clumsy"],"relics":["Cursed Key","Darkstone Periapt","Du-Vu Doll","Happy Flower","Golden Idol","Blood Vial","Pantograph","Bronze Scales","Turnip","Membership Card","Anchor","Eternal Feather","Chemical X","Bag of Marbles","Potion Belt","Orichalcum","Art of War","Whetstone","Calling Bell","Vajra","Ornamental Fan","Incense Burner","WarpedTongs","Mercury Hourglass","Bag of Preparation","Pen Nib","Sundial","Oddly Smooth Stone","War Paint"],"potions_floor_usage":[23,30,33],"damage_taken":[{"damage":1,"enemies":"Jaw Worm","floor":1,"turns":2},{"damage":2,"enemies":"Lagavulin","floor":6,"turns":6},{"damage":0,"enemies":"Small Slimes","floor":7,"turns":3},{"damage":7,"enemies":"Gremlin Nob","floor":8,"turns":4},{"damage":16,"enemies":"Lagavulin","floor":11,"turns":6},{"damage":1,"enemies":"2 Louse","floor":12,"turns":3},{"damage":8,"enemies":"2 Fungi Beasts","floor":13,"turns":2},{"damage":17,"enemies":"The Guardian","floor":16,"turns":10},{"damage":7,"enemies":"3 Byrds","floor":18,"turns":3},{"damage":1,"enemies":"Spheric Guardian","floor":22,"turns":2},{"damage":47,"enemies":"Slavers","floor":23,"turns":4},{"damage":15,"enemies":"Gremlin Leader","floor":25,"turns":7},{"damage":45,"enemies":"Slavers","floor":27,"turns":3},{"damage":6,"enemies":"Shelled Parasite and Fungi","floor":29,"turns":4},{"damage":8,"enemies":"Cultist and Chosen","floor":30,"turns":7},{"damage":12,"enemies":"Champ","floor":33,"turns":13},{"damage":0,"enemies":"Orb Walker","floor":35,"turns":1},{"damage":3,"enemies":"3 Darklings","floor":37,"turns":2},{"damage":6,"enemies":"Writhing Mass","floor":38,"turns":3},{"damage":6,"enemies":"Sphere and 2 Shapes","floor":39,"turns":2},{"damage":3,"enemies":"Giant Head","floor":40,"turns":5},{"damage":5,"enemies":"Nemesis","floor":44,"turns":3},{"damage":3,"enemies":"Reptomancer","floor":46,"turns":3},{"damage":7,"enemies":"Spire Growth","floor":47,"turns":3},{"damage":10,"enemies":"Transient","floor":48,"turns":5},{"damage":27,"enemies":"Time Eater","floor":50,"turns":7}],"seed_played":"7796518768191771707","potions_obtained":[{"floor":1,"key":"Regen Potion"},{"floor":11,"key":"Dexterity Potion"},{"floor":13,"key":"Weak Potion"},{"floor":23,"key":"Regen Potion"},{"floor":25,"key":"GamblersBrew"},{"floor":27,"key":"Weak Potion"},{"floor":33,"key":"GhostInAJar"},{"floor":35,"key":"Weak Potion"},{"floor":39,"key":"LiquidBronze"},{"floor":44,"key":"PowerPotion"}],"is_trial":true,"path_per_floor":["M","?","?","?","?","E","M","E","T","R","E","M","M","$","R","B",null,"M","?","$","?","M","E","R","E","T","E","R","M","M","$","R","B",null,"M","?","M","M","M","E","R","$","T","E","T","E","M","M","R","B",null],"character_chosen":"THE_SILENT","items_purchased":["Membership Card","Anchor","Accuracy","Chemical X","Well Laid Plans","Footwork","Escape Plan","Dagger Spray","Whetstone","Bag of Preparation"],"campfire_rested":1,"item_purchase_floors":[14,14,14,20,20,31,31,31,31,42],"current_hp_per_floor":[69,55,70,63,69,67,69,64,70,70,56,57,51,51,51,67,88,81,81,81,81,82,48,63,50,56,13,31,27,21,21,70,88,118,118,124,121,117,113,112,124,124,130,125,131,130,125,117,136,115],"gold":243,"neow_bonus":"","is_prod":false,"is_daily":false,"chose_seed":false,"campfire_upgraded":6,"win_rate":0,"timestamp":1555175521,"path_taken":["M","?","?","?","?","E","M","E","T","R","E","M","M","$","R","BOSS","M","?","?","?","M","E","R","E","T","E","R","M","?","?","R","BOSS","M","?","M","M","?","E","R","$","T","E","?","E","?","M","R","BOSS"],"build_version":"2019-01-23","purchased_purges":2,"victory":true,"max_hp_per_floor":[70,70,70,70,76,76,76,76,82,82,82,82,82,82,82,88,88,88,88,88,88,88,88,88,88,94,94,94,94,94,94,94,100,118,118,124,124,124,124,124,124,124,130,130,136,136,136,136,136,142],"card_choices":[{"not_picked":["Tactician","Accuracy"],"picked":"Footwork","floor":1},{"not_picked":["Die Die Die","Bullet Time"],"picked":"Adrenaline","floor":6},{"not_picked":["Choke","Slice"],"picked":"Sucker Punch","floor":7},{"not_picked":["Doppelganger","Venomology"],"picked":"Malaise","floor":8},{"not_picked":["Bullet Time","Die Die Die"],"picked":"Tools of the Trade","floor":11},{"not_picked":["Blade Dance","Noxious Fumes"],"picked":"Backflip","floor":12},{"not_picked":["Outmaneuver","All Out Attack"],"picked":"Footwork","floor":13},{"not_picked":["Phantasmal Killer","Adrenaline"],"picked":"A Thousand Cuts","floor":16},{"not_picked":["Outmaneuver+1","Noxious Fumes"],"picked":"Cloak And Dagger","floor":18},{"not_picked":["Cloak And Dagger","Poisoned Stab"],"picked":"Dagger Spray","floor":22},{"not_picked":["Doppelganger","Burst"],"picked":"After Image","floor":23},{"not_picked":["Grand Finale","Unload"],"picked":"Glass Knife","floor":25},{"not_picked":["Grand Finale","Envenom"],"picked":"Tools of the Trade","floor":27},{"not_picked":["Terror","Sucker Punch+1"],"picked":"Acrobatics+1","floor":29},{"not_picked":["Masterful Stab","Poisoned Stab+1"],"picked":"Dash","floor":30},{"not_picked":["Glass Knife","Wraith Form v2"],"picked":"Burst","floor":33},{"not_picked":["Bane","Dodge and Roll+1"],"picked":"Dagger Throw","floor":35},{"not_picked":["Outmaneuver+1","Tools of the Trade"],"picked":"Cloak And Dagger+1","floor":37},{"not_picked":["Dagger Throw+1","Footwork"],"picked":"Blade Dance+1","floor":38},{"not_picked":["Deflect+1","Blur"],"picked":"Infinite Blades","floor":39},{"not_picked":["Corpse Explosion","Glass Knife"],"picked":"Storm of Steel","floor":40},{"not_picked":["Wraith Form v2","Doppelganger"],"picked":"Adrenaline","floor":44},{"not_picked":["Die Die Die","Envenom","Venomology"],"picked":"SKIP","floor":46},{"not_picked":["Sucker Punch","Slice+1","Bouncing Flask+1"],"picked":"SKIP","floor":47},{"not_picked":["Cloak And Dagger","Outmaneuver+1"],"picked":"Prepared+1","floor":48}],"player_experience":94419,"relics_obtained":[{"floor":6,"key":"Blood Vial"},{"floor":8,"key":"Pantograph"},{"floor":9,"key":"Bronze Scales"},{"floor":11,"key":"Turnip"},{"floor":23,"key":"Bag of Marbles"},{"floor":25,"key":"Potion Belt"},{"floor":26,"key":"Orichalcum"},{"floor":27,"key":"Art of War"},{"floor":34,"key":"Vajra"},{"floor":34,"key":"Ornamental Fan"},{"floor":34,"key":"Incense Burner"},{"floor":40,"key":"Mercury Hourglass"},{"floor":43,"key":"Pen Nib"},{"floor":44,"key":"Sundial"},{"floor":45,"key":"Oddly Smooth Stone"},{"floor":46,"key":"War Paint"}],"event_choices":[{"damage_healed":0,"gold_gain":0,"player_choice":"Entered Light","damage_taken":14,"max_hp_gain":0,"max_hp_loss":0,"event_name":"Shining Light","floor":2,"gold_loss":0,"cards_upgraded":["Neutralize","Strike_G"]},{"damage_healed":23,"gold_gain":0,"player_choice":"Banana","damage_taken":0,"max_hp_gain":0,"max_hp_loss":0,"event_name":"Big Fish","floor":3,"gold_loss":0},{"damage_healed":0,"gold_gain":0,"player_choice":"Success","damage_taken":7,"relics_obtained":["Happy Flower"],"max_hp_gain":0,"max_hp_loss":0,"event_name":"Scrap Ooze","floor":4,"gold_loss":0},{"damage_healed":0,"gold_gain":0,"player_choice":"Take Wound","damage_taken":0,"relics_obtained":["Golden Idol"],"max_hp_gain":0,"max_hp_loss":0,"event_name":"Golden Idol","floor":5,"gold_loss":0,"cards_obtained":["Injury"]},{"damage_healed":0,"gold_gain":0,"cards_transformed":["Defend_G"],"player_choice":"Transformed","damage_taken":0,"max_hp_gain":0,"max_hp_loss":0,"event_name":"Transmorgrifier","floor":19,"gold_loss":0,"cards_obtained":["Corpse Explosion"]},{"damage_healed":0,"gold_gain":0,"player_choice":"Ignored","damage_taken":0,"max_hp_gain":0,"max_hp_loss":0,"event_name":"Ghosts","floor":21,"gold_loss":0},{"damage_healed":0,"gold_gain":0,"player_choice":"Rummage","damage_taken":0,"relics_obtained":["WarpedTongs"],"max_hp_gain":0,"max_hp_loss":0,"event_name":"Accursed Blacksmith","floor":36,"gold_loss":0,"cards_obtained":["Pain"]}],"is_beta":false,"boss_relics":[{"not_picked":["Velvet Choker","Tiny House"],"picked":"Eternal Feather"},{"not_picked":["Philosopher\u0027s Stone","Lizard Tail"],"picked":"Calling Bell"}],"items_purged_floors":[31,42],"is_endless":false,"potions_floor_spawned":[1,11,13,23,25,27,33,35,39,44,47],"ascension_level":0}