{"gold_per_floor":[119,129,129,145,220,235,248,248,248,136,136,151,151,161,161,264,264,281,131,151,167,187,187,207,226,226,226,226,226,226,244,244,344,344,360,269,280,280,280,280,294,294,294,294,305,321,26,46,46,46],"floor_reached":50,"playtime":1974,"items_purged":["Strike_R"],"score":467,"play_id":"5c2bc70f-c2ac-44d2-baac-71a02b045dea","local_time":"20190225220644","is_ascension_mode":false,"campfire_choices":[{"data":"Bash","floor":11.0,"key":"SMITH"},{"data":"Whirlwind","floor":13.0,"key":"SMITH"},{"data":"Spot Weakness","floor":15.0,"key":"SMITH"},{"data":"Limit Break","floor":23.0,"key":"SMITH"},{"floor":27.0,"key":"REST"},{"data":"RitualDagger","floor":30.0,"key":"SMITH"},{"floor":32.0,"key":"REST"},{"data":"Heavy Blade","floor":40,"key":"SMITH"},{"floor":49,"key":"REST"}],"neow_cost":"NONE","seed_source_timestamp":0,"circlet_count":0,"master_deck":["Strike_R","Strike_R","Strike_R","Strike_R","Defend_R","Defend_R","Defend_R","Bash+1","Spot Weakness+1","Cleave","Headbutt","Clothesline","Offering","Disarm","Inflame","Whirlwind+1","Inflame","Limit Break+1","Sword Boomerang","Pummel","Sentinel+1","Impervious","Flex+1","Heavy Blade+1","RitualDagger+1","True Grit+1","Impervious","Dark Shackles","True Grit+1","Headbutt+1","Secret Technique","Pummel","Dropkick+1"],"special_seed":0,"relics":["Burning Blood","MutagenicStrength"],"potions_floor_usage":[42,50,50,50],"damage_taken":[{"damage":6.0,"enemies":"Cultist","floor":1.0,"turns":4.0},{"damage":1.0,"enemies":"2 Louse","floor":2.0,"turns":3.0},{"damage":5.0,"enemies":"Small Slimes","floor":4.0,"turns":3.0},{"damage":0.0,"enemies":"Exordium Wildlife","floor":6.0,"turns":2.0},{"damage":19.0,"enemies":"Large Slime","floor":7.0,"turns":7.0},{"damage":4.0,"enemies":"Looter","floor":12.0,"turns":3.0},{"damage":0.0,"enemies":"3 Louse","floor":14.0,"turns":1.0},{"damage":31.0,"enemies":"Hexaghost","floor":16.0,"turns":6.0},{"damage":30.0,"enemies":"2 Thieves","floor":18.0,"turns":3.0},{"damage":6.0,"enemies":"Chosen","floor":20.0,"turns":4.0},{"damage":18.0,"enemies":"Snake Plant","floor":21.0,"turns":3.0},{"damage":23.0,"enemies":"Cultist and Chosen","floor":22.0,"turns":5.0},{"damage":6.0,"enemies":"Snecko","floor":24.0,"turns":2.0},{"damage":33.0,"enemies":"Centurion and Healer","floor":25.0,"turns":6.0},{"damage":6.0,"enemies":"Snake Plant","floor":31.0,"turns":1.0},{"damage":45.0,"enemies":"Champ","floor":33.0,"turns":7.0},{"damage":6,"enemies":"Orb Walker","floor":35,"turns":2},{"damage":48,"enemies":"3 Darklings","floor":37,"turns":5},{"damage":26,"enemies":"Transient","floor":41,"turns":5},{"damage":30,"enemies":"Spire Growth","floor":42,"turns":3},{"damage":29,"enemies":"3 Darklings","floor":45,"turns":7},{"damage":5,"enemies":"4 Shapes","floor":46,"turns":5},{"damage":30,"enemies":"Sphere and 2 Shapes","floor":48,"turns":6},{"damage":65,"enemies":"Donu and Deca","floor":50,"turns":3}],"seed_played":"-8865057098257637075","potions_obtained":[{"floor":2.0,"key":"FearPotion"},{"floor":7.0,"key":"SkillPotion"},{"floor":21.0,"key":"Ancient Potion"},{"floor":24.0,"key":"Strength Potion"},{"floor":25.0,"key":"SmokeBomb"},{"floor":35,"key":"Ancient Potion"},{"floor":41,"key":"Fire Potion"}],"is_trial":false,"path_per_floor":["M","M","?","M","?","M","M","?","T","$","R","M","R","M","R","B",null,"M","$","M","M","M","R","M","M","T","R","?","?","R","M","R","B",null,"M","$","M","?","?","R","M","M","T","?","M","M","$","M","R","B"],"character_chosen":"IRONCLAD","items_purchased":["Disarm","Inflame","Pummel","Dark Shackles","Secret Technique","Pummel","PowerPotion"],"campfire_rested":3,"item_purchase_floors":[10,10,19,36,47,47,47],"current_hp_per_floor":[88,88,93,93,84,90,77,77,77,77,77,79,79,85,85,60,93,69,69,69,57,40,40,40,13,13,40,34,34,34,34,61,22,93,93,93,51,51,51,51,31,7,7,81,58,59,59,35,59,0],"gold":46,"neow_bonus":"TEN_PERCENT_HP_BONUS","is_prod":false,"is_daily":false,"chose_seed":false,"campfire_upgraded":6,"win_rate":0,"timestamp":1551132404,"path_taken":["M","?","?","M","?","?","M","?","T","$","R","M","R","M","R","BOSS","M","$","M","M","M","R","M","M","T","R","?","?","R","M","R","BOSS","M","$","M","?","?","R","M","M","T","?","M","M","$","M","R","BOSS"],"build_version":"2019-01-23","purchased_purges":1,"victory":false,"max_hp_per_floor":[88,88,93,93,93,93,93,93,93,93,93,93,93,93,93,93,93,93,93,93,93,93,93,93,93,93,93,93,93,93,93,93,93,93,93,93,93,93,93,93,93,93,93,81,81,81,81,81,81,81],"card_choices":[{"not_picked":["Armaments","Wild Strike"],"picked":"Spot Weakness","floor":1.0},{"not_picked":["Body Slam","Shrug It Off"],"picked":"Cleave","floor":2.0},{"not_picked":["Anger","Cleave"],"picked":"Headbutt","floor":4.0},{"not_picked":["Clash","Combust"],"picked":"Clothesline","floor":6.0},{"not_picked":["Perfected Strike","Shrug It Off"],"picked":"Offering","floor":7.0},{"not_picked":["Battle Trance","Bloodletting"],"picked":"Whirlwind","floor":12.0},{"not_picked":["Twin Strike","Metallicize"],"picked":"Inflame","floor":14.0},{"not_picked":["Offering","Feed"],"picked":"Limit Break","floor":16.0},{"not_picked":["Clothesline+1","Cleave+1"],"picked":"Sword Boomerang","floor":18.0},{"not_picked":["Warcry","Perfected Strike"],"picked":"Sentinel+1","floor":20.0},{"not_picked":["Perfected Strike","Bloodletting"],"picked":"Impervious","floor":21.0},{"not_picked":["Twin Strike+1","Fire Breathing+1"],"picked":"Flex+1","floor":22.0},{"not_picked":["Pommel Strike","Cleave","Combust"],"picked":"SKIP","floor":24.0},{"not_picked":["Warcry","Flex"],"picked":"Heavy Blade","floor":25.0},{"not_picked":["Twin Strike","Power Through"],"picked":"True Grit+1","floor":31.0},{"not_picked":["Limit Break","Exhume"],"picked":"Impervious","floor":33.0},{"not_picked":["Flex","Rampage","Clothesline+1"],"picked":"SKIP","floor":35},{"not_picked":["Sword Boomerang","Sever Soul+1","Clash+1"],"picked":"SKIP","floor":37},{"not_picked":["Corruption","Warcry+1"],"picked":"True Grit+1","floor":41},{"not_picked":["Infernal Blade","Entrench"],"picked":"Headbutt+1","floor":45},{"not_picked":["Flex","Evolve","Intimidate"],"picked":"SKIP","floor":46},{"not_picked":["Body Slam","Power Through"],"picked":"Dropkick+1","floor":48}],"player_experience":498191,"relics_obtained":[],"event_choices":[{"damage_healed":0.0,"max_hp_gain":5.0,"max_hp_loss":0.0,"gold_gain":0.0,"event_name":"Big Fish","player_choice":"Donut","floor":3.0,"gold_loss":0.0,"damage_taken":0.0},{"damage_healed":0.0,"max_hp_gain":0.0,"max_hp_loss":0.0,"gold_gain":75.0,"event_name":"FaceTrader","player_choice":"Touch","floor":5.0,"gold_loss":0.0,"damage_taken":9.0},{"damage_healed":0.0,"max_hp_gain":0.0,"max_hp_loss":0.0,"gold_gain":0.0,"event_name":"Scrap Ooze","player_choice":"Fled","floor":8.0,"gold_loss":0.0,"damage_taken":0.0},{"damage_healed":0.0,"max_hp_gain":0.0,"max_hp_loss":0.0,"gold_gain":0.0,"event_name":"Nest","player_choice":"Joined the Cult","floor":28.0,"gold_loss":0.0,"damage_taken":6.0,"cards_obtained":["RitualDagger"]},{"damage_healed":0.0,"max_hp_gain":0.0,"max_hp_loss":0.0,"gold_gain":0.0,"event_name":"Drug Dealer","player_choice":"Inject Mutagens","floor":29.0,"gold_loss":0.0,"damage_taken":0.0,"relics_obtained":["MutagenicStrength"]},{"damage_healed":0,"gold_gain":0,"player_choice":"Ignored","damage_taken":0,"max_hp_gain":0,"max_hp_loss":0,"event_name":"Mysterious Sphere","floor":38,"gold_loss":0},{"cards_removed":["Defend_R"],"damage_healed":0,"gold_gain":0,"player_choice":"Removed Skill","damage_taken":0,"max_hp_gain":0,"max_hp_loss":0,"event_name":"Falling","floor":39,"gold_loss":0},{"damage_healed":81,"gold_gain":0,"player_choice":"Heal","damage_taken":0,"max_hp_gain":0,"max_hp_loss":12,"event_name":"The Moai Head","floor":44,"gold_loss":0}],"is_beta":false,"boss_relics":[{"not_picked":[]},{"not_picked":[]}],"items_purged_floors":[19],"is_endless":false,"potions_floor_spawned":[2,7,21,24,25,35,41,48],"killed_by":"Donu and Deca","ascension_level":0}