{"gold_per_floor":[110,110,160,170,184,184,215,215,215,241,3,37,37,37,37,110,110,128,138,71,71,8,39,39,57,57,69,69,69,69,94,94,94],"floor_reached":33,"playtime":1613,"items_purged":[],"score":648,"play_id":"6823cf83-8d32-485a-8e0d-76a79c246857","local_time":"20190427093948","is_ascension_mode":true,"campfire_choices":[{"data":"Chill","floor":6.0,"key":"SMITH"},{"data":"Hyperbeam","floor":8.0,"key":"SMITH"},{"floor":15.0,"key":"REST"},{"data":"Fission","floor":24.0,"key":"SMITH"},{"floor":30.0,"key":"REST"},{"data":"Rebound","floor":32.0,"key":"SMITH"}],"neow_cost":"NONE","seed_source_timestamp":392389963530244,"circlet_count":0,"master_deck":["AscendersBane","Strike_B+1","Strike_B+1","Strike_B+1","Strike_B+1","Defend_B+1","Defend_B+1","Defend_B+1","Defend_B+1","Zap","Dualcast","Cold Snap","Gash","Chill+1","Hyperbeam+1","Self Repair","Fission+1","Ball Lightning","Decay","Compile Driver+1","Rebound+1","Echo Form"],"special_seed":0,"relics":["Cracked Core","NeowsBlessing","Thread and Needle","Gremlin Horn","The Courier","Membership Card","Mercury Hourglass","Snecko Eye","DataDisk","PreservedInsect","Ice Cream","Meat on the Bone","Matryoshka"],"potions_floor_usage":[33,33],"damage_taken":[{"damage":0.0,"enemies":"Jaw Worm","floor":1.0,"turns":1.0},{"damage":0.0,"enemies":"Cultist","floor":4.0,"turns":1.0},{"damage":0.0,"enemies":"2 Louse","floor":5.0,"turns":1.0},{"damage":15.0,"enemies":"3 Sentries","floor":7.0,"turns":9.0},{"damage":34.0,"enemies":"Lagavulin","floor":10.0,"turns":9.0},{"damage":16.0,"enemies":"Gremlin Nob","floor":12.0,"turns":4.0},{"damage":31.0,"enemies":"Slime Boss","floor":16.0,"turns":9.0},{"damage":37.0,"enemies":"Chosen","floor":18.0,"turns":7.0},{"damage":7.0,"enemies":"Spheric Guardian","floor":19.0,"turns":5.0},{"damage":8.0,"enemies":"Gremlin Leader","floor":23.0,"turns":3.0},{"damage":0.0,"enemies":"3 Cultists","floor":25.0,"turns":3.0},{"damage":14.0,"enemies":"Snake Plant","floor":27.0,"turns":4.0},{"damage":0.0,"enemies":"Slavers","floor":31.0,"turns":1.0},{"damage":56,"enemies":"Collector","floor":33,"turns":8}],"seed_played":"1658816562530931710","potions_obtained":[{"floor":4.0,"key":"Regen Potion"},{"floor":12.0,"key":"SkillPotion"},{"floor":18.0,"key":"Block Potion"},{"floor":19.0,"key":"AttackPotion"},{"floor":25.0,"key":"SpeedPotion"},{"floor":31.0,"key":"GamblersBrew"}],"is_trial":false,"path_per_floor":["M","?","?","M","M","R","E","R","T","E","$","E","?","?","R","B",null,"M","M","$","?","$","E","R","M","T","M","?","?","R","E","R","B"],"character_chosen":"DEFECT","items_purchased":["Membership Card","EssenceOfSteel","Explosive Potion","DataDisk","PreservedInsect"],"campfire_rested":2,"item_purchase_floors":[11,11,11,20,22],"current_hp_per_floor":[64,64,64,64,64,64,49,49,49,30,30,14,3,26,47,23,59,29,29,29,29,29,28,28,28,28,26,26,26,47,47,47,0],"gold":94,"neow_bonus":"THREE_ENEMY_KILL","is_prod":false,"is_daily":false,"chose_seed":false,"campfire_upgraded":4,"win_rate":0,"timestamp":1556354388,"path_taken":["M","?","?","?","M","R","E","R","T","E","$","E","?","?","R","BOSS","M","M","$","?","$","E","R","M","T","M","?","?","R","E","R","BOSS"],"build_version":"2019-01-23","purchased_purges":0,"victory":false,"max_hp_per_floor":[71,71,71,71,71,71,71,71,71,71,71,71,71,71,71,71,71,71,71,71,71,71,71,71,71,71,71,71,71,71,71,71,71],"card_choices":[{"not_picked":["Rebound","Streamline"],"picked":"Cold Snap","floor":1.0},{"not_picked":["Turbo","Double Energy"],"picked":"Gash","floor":4.0},{"not_picked":["Heatsinks","Capacitor"],"picked":"Chill","floor":5.0},{"not_picked":["Rebound","Hologram"],"picked":"Hyperbeam","floor":7.0},{"not_picked":["Go for the Eyes","Reinforced Body","Hologram"],"picked":"SKIP","floor":10.0},{"not_picked":["BootSequence","Leap"],"picked":"Self Repair","floor":12.0},{"not_picked":["Seek","Machine Learning"],"picked":"Fission","floor":16.0},{"not_picked":["Gash","Rebound"],"picked":"Ball Lightning","floor":18.0},{"not_picked":["Go for the Eyes","Multi-Cast","Stack"],"picked":"SKIP","floor":19.0},{"not_picked":["Auto Shields","Redo+1"],"picked":"Compile Driver+1","floor":23.0},{"not_picked":["Ball Lightning+1","Stack"],"picked":"Rebound","floor":25.0},{"not_picked":["Streamline","Rip and Tear","Turbo"],"picked":"SKIP","floor":27.0},{"not_picked":["Rebound+1","Conserve Battery"],"picked":"Echo Form","floor":31.0}],"player_experience":888606,"relics_obtained":[{"floor":7.0,"key":"Thread and Needle"},{"floor":9.0,"key":"Gremlin Horn"},{"floor":10.0,"key":"The Courier"},{"floor":12.0,"key":"Mercury Hourglass"},{"floor":23.0,"key":"Ice Cream"},{"floor":26.0,"key":"Meat on the Bone"},{"floor":31.0,"key":"Matryoshka"}],"event_choices":[{"damage_healed":0.0,"max_hp_gain":0.0,"max_hp_loss":0.0,"gold_gain":0.0,"event_name":"The Cleric","player_choice":"Leave","floor":2.0,"gold_loss":0.0,"damage_taken":0.0},{"damage_healed":0.0,"max_hp_gain":0.0,"max_hp_loss":0.0,"gold_gain":50.0,"event_name":"Golden Shrine","player_choice":"Pray","floor":3.0,"gold_loss":0.0,"damage_taken":0.0},{"damage_healed":0.0,"max_hp_gain":0.0,"max_hp_loss":0.0,"gold_gain":0.0,"event_name":"Scrap Ooze","player_choice":"Fled","floor":13.0,"gold_loss":0.0,"damage_taken":11.0},{"damage_healed":23.0,"max_hp_gain":0.0,"max_hp_loss":0.0,"gold_gain":0.0,"event_name":"Big Fish","player_choice":"Banana","floor":14.0,"gold_loss":0.0,"damage_taken":0.0},{"damage_healed":0.0,"max_hp_gain":0.0,"max_hp_loss":0.0,"gold_gain":0.0,"event_name":"Forgotten Altar","player_choice":"Smashed Altar","floor":21.0,"gold_loss":0.0,"damage_taken":0.0,"cards_obtained":["Decay"]},{"damage_healed":0.0,"max_hp_gain":0.0,"max_hp_loss":0.0,"gold_gain":0.0,"event_name":"Back to Basics","player_choice":"Simplicity","floor":29.0,"gold_loss":0.0,"damage_taken":0.0,"cards_upgraded":["Strike_B","Strike_B","Strike_B","Strike_B","Defend_B","Defend_B","Defend_B","Defend_B"]}],"is_beta":false,"boss_relics":[{"not_picked":["Coffee Dripper","Calling Bell"],"picked":"Snecko Eye"}],"items_purged_floors":[],"is_endless":false,"potions_floor_spawned":[4,12,18,19,25,31],"killed_by":"Collector","ascension_level":20}