{"gold_per_floor":[112,112,0,0,16,51,51,79,79,79,79,95,139,160,160,281,281,296,421,444,444,467,510,510,545,596,596,620,620,639,683,683,811,811,826,845,869,884,248,279,279,303,303,322,29,43,57,390,390,390],"floor_reached":51,"playtime":3860,"items_purged":["Strike_G","Dagger Spray"],"score":851,"play_id":"dc375ab6-4eae-4ec8-84ec-83eab93dc2ce","local_time":"20190501235123","is_ascension_mode":true,"campfire_choices":[{"data":"Neutralize","floor":7,"key":"SMITH"},{"floor":11,"key":"REST"},{"floor":15,"key":"REST"},{"data":"Noxious Fumes","floor":24,"key":"SMITH"},{"data":"Crippling Poison","floor":27,"key":"SMITH"},{"data":"Catalyst","floor":29,"key":"SMITH"},{"data":"Night Terror","floor":32,"key":"SMITH"},{"data":"Bouncing Flask","floor":41,"key":"SMITH"},{"data":"Well Laid Plans","floor":49,"key":"SMITH"}],"neow_cost":"TEN_PERCENT_HP_LOSS","seed_source_timestamp":0,"circlet_count":0,"master_deck":["Defend_G","Defend_G","Defend_G","Defend_G","Defend_G","Survivor","Neutralize+1","Well Laid Plans+1","Catalyst+1","Dodge and Roll","Night Terror+1","Dagger Throw","Poisoned Stab","Die Die Die","Noxious Fumes+1","Deadly Poison","Crippling Poison+1","Leg Sweep+1","Terror","Bouncing Flask+1","Bite","Bite","Bite","Bite","Bite","Deadly Poison","Catalyst+1","Endless Agony","Deflect+1","After Image","Cloak And Dagger+1","Dodge and Roll+1","PiercingWail","Bouncing Flask+1","Acrobatics+1"],"special_seed":0,"relics":["Ring of the Snake","Calipers","Peace Pipe","Pen Nib","Ninja Scroll","Orrery","FossilizedHelix","Bottled Flame","Vajra","Boot","Regal Pillow","Red Mask","Busted Crown","Snake Skull","Lee\u0027s Waffle","Bronze Scales","Ancient Tea Set","Kunai","Gambling Chip"],"potions_floor_usage":[8,13,13,19,23],"damage_taken":[{"damage":0,"enemies":"Small Slimes","floor":1,"turns":4},{"damage":0,"enemies":"2 Louse","floor":5,"turns":2},{"damage":18,"enemies":"3 Sentries","floor":6,"turns":12},{"damage":28,"enemies":"Lagavulin","floor":8,"turns":8},{"damage":0,"enemies":"Jaw Worm","floor":12,"turns":5},{"damage":1,"enemies":"3 Sentries","floor":13,"turns":7},{"damage":9,"enemies":"Exordium Thugs","floor":14,"turns":5},{"damage":11,"enemies":"Slime Boss","floor":16,"turns":10},{"damage":2,"enemies":"Chosen","floor":18,"turns":4},{"damage":18,"enemies":"Colosseum Slavers","floor":19,"turns":5},{"damage":7,"enemies":"Colosseum Nobs","floor":19,"turns":4},{"damage":12,"enemies":"Spheric Guardian","floor":20,"turns":7},{"damage":8,"enemies":"Centurion and Healer","floor":22,"turns":9},{"damage":0,"enemies":"Slavers","floor":23,"turns":3},{"damage":26,"enemies":"Book of Stabbing","floor":25,"turns":4},{"damage":10,"enemies":"Snake Plant","floor":28,"turns":3},{"damage":0,"enemies":"Chosen and Byrds","floor":30,"turns":4},{"damage":0,"enemies":"Masked Bandits","floor":31,"turns":3},{"damage":6,"enemies":"Collector","floor":33,"turns":7},{"damage":0,"enemies":"3 Darklings","floor":35,"turns":2},{"damage":0,"enemies":"Orb Walker","floor":36,"turns":2},{"damage":0,"enemies":"4 Shapes","floor":37,"turns":3},{"damage":1,"enemies":"3 Darklings","floor":38,"turns":4},{"damage":9,"enemies":"Nemesis","floor":40,"turns":5},{"damage":0,"enemies":"Sphere and 2 Shapes","floor":42,"turns":3},{"damage":14,"enemies":"Spire Growth","floor":44,"turns":3},{"damage":0,"enemies":"3 Darklings","floor":46,"turns":3},{"damage":0,"enemies":"4 Shapes","floor":47,"turns":4},{"damage":2,"enemies":"Awakened One","floor":50,"turns":10}],"seed_played":"-3556305470430219375","potions_obtained":[{"floor":5,"key":"Fire Potion"},{"floor":8,"key":"SteroidPotion"},{"floor":12,"key":"Energy Potion"},{"floor":16,"key":"Strength Potion"},{"floor":22,"key":"Strength Potion"},{"floor":28,"key":"SkillPotion"},{"floor":30,"key":"LiquidBronze"},{"floor":38,"key":"Dexterity Potion"},{"floor":40,"key":"Energy Potion"},{"floor":42,"key":"Swift Potion"}],"is_trial":false,"path_per_floor":["M","?","$","?","M","E","R","E","T","?","R","M","E","M","R","B",null,"M","?","M","?","M","E","R","E","T","R","M","R","M","?","R","B",null,"M","M","M","M","$","E","R","M","T","M","$","M","M","?","R","B",null],"character_chosen":"THE_SILENT","items_purchased":["Well Laid Plans","Snake Skull","PiercingWail","Lee\u0027s Waffle","Bronze Scales","Gambling Chip"],"campfire_rested":2,"item_purchase_floors":[3,39,39,39,39,45],"current_hp_per_floor":[63,63,63,50,50,32,32,4,4,4,21,21,20,11,28,17,58,56,31,19,19,35,40,40,20,20,20,16,16,26,28,28,30,40,40,40,40,40,47,40,40,44,44,34,34,36,42,42,42,47],"gold":390,"neow_bonus":"ONE_RARE_RELIC","is_prod":false,"is_daily":false,"chose_seed":false,"campfire_upgraded":7,"win_rate":0,"timestamp":1556751083,"path_taken":["M","?","$","?","M","E","R","E","T","?","R","M","E","M","R","BOSS","M","?","M","?","M","E","R","E","T","R","?","R","M","?","R","BOSS","M","M","M","M","$","E","R","M","T","M","$","M","M","?","R","BOSS"],"build_version":"2019-01-23","purchased_purges":2,"victory":true,"max_hp_per_floor":[63,63,63,63,63,63,63,63,63,58,58,58,58,58,58,58,58,58,58,58,40,40,40,40,40,40,40,40,40,40,40,40,40,40,40,40,40,40,47,47,47,47,47,47,47,47,47,47,47,47],"card_choices":[{"not_picked":["Sucker Punch","Concentrate","Dodge and Roll"],"picked":"SKIP","floor":1},{"not_picked":["Escape Plan","Dodge and Roll"],"picked":"Catalyst","floor":5},{"not_picked":["Calculated Gamble","Deflect"],"picked":"Dagger Spray","floor":6},{"not_picked":["Distraction","Endless Agony"],"picked":"Dodge and Roll","floor":8},{"not_picked":["Endless Agony","Dodge and Roll"],"picked":"Night Terror","floor":12},{"not_picked":["Terror","Outmaneuver"],"picked":"Dagger Throw","floor":13},{"not_picked":["Caltrops","Setup"],"picked":"Poisoned Stab","floor":14},{"not_picked":["Tools of the Trade","Wraith Form v2"],"picked":"Die Die Die","floor":16},{"not_picked":["Flying Knee","Underhanded Strike"],"picked":"Noxious Fumes","floor":17},{"not_picked":["Blade Dance","Dagger Throw"],"picked":"Deadly Poison","floor":17},{"not_picked":["Acrobatics","Sucker Punch"],"picked":"Crippling Poison","floor":17},{"not_picked":["Prepared","Blade Dance"],"picked":"Leg Sweep+1","floor":18},{"not_picked":["Setup","Endless Agony"],"picked":"Terror","floor":19},{"not_picked":["Dagger Throw","Prepared+1"],"picked":"Bouncing Flask+1","floor":20},{"not_picked":["Prepared","Blur+1"],"picked":"Deadly Poison","floor":22},{"not_picked":["Adrenaline","Masterful Stab"],"picked":"Catalyst+1","floor":23},{"not_picked":["Doppelganger","Choke"],"picked":"Endless Agony","floor":25},{"not_picked":["Slice","Well Laid Plans","Bane+1"],"picked":"SKIP","floor":28},{"not_picked":["Blade Dance","Heel Hook"],"picked":"Deflect+1","floor":30},{"not_picked":["Phantasmal Killer","A Thousand Cuts"],"picked":"After Image","floor":33},{"not_picked":[],"picked":"Cloak And Dagger+1","floor":35},{"not_picked":[],"picked":"Dodge and Roll+1","floor":36},{"not_picked":["Choke+1"],"picked":"SKIP","floor":37},{"not_picked":["Setup+1"],"picked":"SKIP","floor":38},{"not_picked":[],"picked":"Bouncing Flask","floor":40},{"not_picked":["Sucker Punch"],"picked":"SKIP","floor":42},{"not_picked":["Noxious Fumes"],"picked":"SKIP","floor":44},{"not_picked":[],"picked":"Acrobatics+1","floor":46},{"not_picked":["Expertise+1"],"picked":"SKIP","floor":47}],"player_experience":921076,"relics_obtained":[{"floor":6,"key":"Peace Pipe"},{"floor":8,"key":"Pen Nib"},{"floor":13,"key":"Ninja Scroll"},{"floor":19,"key":"FossilizedHelix"},{"floor":19,"key":"Bottled Flame"},{"floor":23,"key":"Vajra"},{"floor":25,"key":"Boot"},{"floor":26,"key":"Regal Pillow"},{"floor":31,"key":"Red Mask"},{"floor":40,"key":"Ancient Tea Set"},{"floor":43,"key":"Kunai"}],"event_choices":[{"damage_healed":0,"gold_gain":0,"player_choice":"Leave","damage_taken":0,"max_hp_gain":0,"max_hp_loss":0,"event_name":"The Cleric","floor":2,"gold_loss":0},{"damage_healed":0,"gold_gain":0,"player_choice":"Entered Light","damage_taken":13,"max_hp_gain":0,"max_hp_loss":0,"event_name":"Shining Light","floor":4,"gold_loss":0,"cards_upgraded":["Strike_G","Strike_G"]},{"damage_healed":0,"gold_gain":0,"player_choice":"Lose Max HP","damage_taken":0,"relics_obtained":["Golden Idol"],"max_hp_gain":0,"max_hp_loss":5,"event_name":"Golden Idol","floor":10,"gold_loss":0},{"damage_healed":0,"gold_gain":0,"player_choice":"Fight","damage_taken":0,"max_hp_gain":0,"max_hp_loss":0,"event_name":"Colosseum","floor":19,"gold_loss":0},{"damage_healed":0,"gold_gain":0,"player_choice":"Fought Nobs","damage_taken":0,"max_hp_gain":0,"max_hp_loss":0,"event_name":"Colosseum","floor":19,"gold_loss":0},{"damage_healed":0,"gold_gain":0,"player_choice":"Became a vampire","damage_taken":0,"max_hp_gain":0,"max_hp_loss":18,"event_name":"Vampires","floor":21,"gold_loss":0,"cards_obtained":["Bite","Bite","Bite","Bite","Bite"]},{"damage_healed":0,"gold_gain":0,"player_choice":"Fought Bandits","damage_taken":0,"max_hp_gain":0,"max_hp_loss":0,"event_name":"Masked Bandits","floor":31,"gold_loss":0},{"damage_healed":0,"gold_gain":333,"player_choice":"Gave Idol","damage_taken":0,"max_hp_gain":0,"max_hp_loss":0,"event_name":"The Moai Head","floor":48,"relics_lost":["Golden Idol"],"gold_loss":0}],"is_beta":false,"boss_relics":[{"not_picked":["Lizard Tail","Calling Bell"],"picked":"Orrery"},{"not_picked":["Runic Pyramid","WristBlade"],"picked":"Busted Crown"}],"items_purged_floors":[3,39],"is_endless":false,"potions_floor_spawned":[5,8,12,16,19,22,28,30,38,40,42,46,47],"ascension_level":1}