{"gold_per_floor":[115,135,15,190,208,237,237,237,237,251,251,267,301,320,320,415,415,434,25,25,35,35,35,365,378,378,391,391,424,424,443,443,543,543,559,91,191,203,203,203,103,116,116,134,145,145],"floor_reached":46,"playtime":4644,"items_purged":["Strike_R","Strike_R"],"score":572,"play_id":"f07fbbe1-88c5-4732-8f39-934ccc8f6e91","local_time":"20190819184504","is_ascension_mode":false,"campfire_choices":[{"data":"Armaments","floor":7,"key":"SMITH"},{"data":"Shrug It Off","floor":11,"key":"SMITH"},{"floor":15,"key":"REST"},{"data":"Headbutt","floor":23,"key":"SMITH"},{"floor":28,"key":"REST"},{"data":"Demon Form","floor":30,"key":"SMITH"},{"data":"Flex","floor":32,"key":"SMITH"},{"floor":40,"key":"REST"}],"neow_cost":"TEN_PERCENT_HP_LOSS","seed_source_timestamp":136428891716399,"circlet_count":0,"master_deck":["Strike_R","Strike_R","Defend_R","Defend_R","Defend_R","Defend_R","Bash","Armaments+1","Headbutt+1","Flex+1","Flame Barrier","Cleave+1","Shrug It Off+1","Headbutt+1","Iron Wave+1","Feed+1","Metallicize","Flash of Steel+1","Twin Strike+1","Anger+1","Shame","Demon Form+1","Iron Wave+1","Inflame+1","Cleave+1","Iron Wave+1","Barricade","Spot Weakness","Mind Blast+1","Chrysalis","Thunderclap+1","Flex+1","Limit Break","Madness","Madness","Pommel Strike+1","Entrench","Blood for Blood+1","Iron Wave+1","Headbutt+1"],"relics":["Burning Blood","Gambling Chip","Molten Egg 2","Centennial Puzzle","Vajra","Sozu","Ginger","Orichalcum","Old Coin","Matryoshka","Sundial","Empty Cage","Toolbox","Prayer Wheel","Paper Frog","Shovel"],"potions_floor_usage":[6,35,44],"damage_taken":[{"damage":6,"enemies":"Cultist","floor":1,"turns":3},{"damage":2,"enemies":"Jaw Worm","floor":2,"turns":4},{"damage":2,"enemies":"2 Louse","floor":5,"turns":4},{"damage":14,"enemies":"Gremlin Nob","floor":6,"turns":4},{"damage":0,"enemies":"Exordium Wildlife","floor":10,"turns":3},{"damage":0,"enemies":"Exordium Thugs","floor":12,"turns":4},{"damage":25,"enemies":"Lagavulin","floor":13,"turns":12},{"damage":2,"enemies":"Blue Slaver","floor":14,"turns":3},{"damage":42,"enemies":"Slime Boss","floor":16,"turns":16},{"damage":16,"enemies":"Chosen","floor":18,"turns":5},{"damage":0,"enemies":"2 Thieves","floor":21,"turns":3},{"damage":21,"enemies":"Gremlin Leader","floor":24,"turns":7},{"damage":4,"enemies":"3 Cultists","floor":25,"turns":4},{"damage":13,"enemies":"Snake Plant","floor":27,"turns":4},{"damage":11,"enemies":"Book of Stabbing","floor":29,"turns":5},{"damage":3,"enemies":"Sentry and Sphere","floor":31,"turns":3},{"damage":40,"enemies":"Collector","floor":33,"turns":5},{"damage":36,"enemies":"3 Darklings","floor":35,"turns":5},{"damage":0,"enemies":"Mind Bloom Boss Battle","floor":37,"turns":6},{"damage":9,"enemies":"Orb Walker","floor":38,"turns":2},{"damage":30,"enemies":"3 Darklings","floor":42,"turns":4},{"damage":28,"enemies":"Jaw Worm Horde","floor":44,"turns":6},{"damage":44,"enemies":"4 Shapes","floor":45,"turns":5},{"damage":25,"enemies":"Writhing Mass","floor":46,"turns":2}],"seed_played":"-1002226383207365981","potions_obtained":[{"floor":1,"key":"BloodPotion"},{"floor":2,"key":"Fire Potion"},{"floor":16,"key":"SteroidPotion"}],"is_trial":false,"path_per_floor":["M","M","$","?","M","E","R","?","T","M","R","M","E","M","R","B",null,"M","$","?","M","?","R","E","M","T","M","R","E","R","M","R","B",null,"M","$","?","M","?","R","$","M","T","M","M","M"],"character_chosen":"IRONCLAD","items_purchased":["Flex","Ginger","Flash of Steel+1","Twin Strike+1","Toolbox","Mind Blast+1","Chrysalis"],"campfire_rested":3,"item_purchase_floors":[3,19,19,19,36,36,36],"current_hp_per_floor":[72,72,72,72,72,64,64,64,64,70,70,72,53,57,72,36,72,62,62,62,72,72,72,57,63,63,56,80,75,75,78,78,48,84,75,75,85,82,71,88,88,68,68,50,12,0],"gold":145,"neow_bonus":"ONE_RARE_RELIC","is_prod":false,"is_daily":false,"chose_seed":false,"campfire_upgraded":5,"win_rate":0.0,"timestamp":1566236704,"path_taken":["M","M","$","?","M","E","R","?","T","?","R","M","E","M","R","BOSS","M","$","?","M","?","R","E","M","T","M","R","E","R","M","R","BOSS","M","$","?","M","?","R","?","M","T","?","M","M"],"build_version":"2019-07-17","purchased_purges":2,"victory":false,"max_hp_per_floor":[72,72,72,72,72,72,72,72,72,72,72,72,72,72,72,72,72,72,72,72,76,76,76,76,80,80,80,80,80,80,80,80,84,84,84,84,88,88,88,88,88,92,92,96,96,96],"card_choices":[{"not_picked":["Infernal Blade","Clash"],"picked":"Armaments","floor":1},{"not_picked":["True Grit","Rampage"],"picked":"Headbutt","floor":2},{"not_picked":["Anger","Searing Blow"],"picked":"Flame Barrier","floor":5},{"not_picked":["Pummel","Shrug It Off"],"picked":"Cleave","floor":6},{"not_picked":["Sword Boomerang+1","Bloodletting"],"picked":"Shrug It Off","floor":10},{"not_picked":["Rage","Combust"],"picked":"Armaments","floor":12},{"not_picked":["Body Slam+1","Shrug It Off"],"picked":"Headbutt+1","floor":13},{"not_picked":["Impervious","Intimidate"],"picked":"Iron Wave+1","floor":14},{"not_picked":["Impervious","Reaper+1"],"picked":"Feed+1","floor":16},{"not_picked":["Cleave+1","Sword Boomerang+1"],"picked":"Metallicize","floor":18},{"not_picked":["Shrug It Off+1","Flame Barrier"],"picked":"Anger+1","floor":21},{"not_picked":["Headbutt+1","Body Slam+1"],"picked":"Demon Form","floor":24},{"not_picked":["Burning Pact","Sword Boomerang+1"],"picked":"Iron Wave+1","floor":25},{"not_picked":["Intimidate","Rupture"],"picked":"Inflame+1","floor":27},{"not_picked":["Perfected Strike+1","Anger+1"],"picked":"Cleave+1","floor":29},{"not_picked":["Clash+1","Ghostly Armor"],"picked":"Iron Wave+1","floor":31},{"not_picked":["Limit Break","Offering"],"picked":"Barricade","floor":33},{"not_picked":["Clothesline+1","Rampage+1"],"picked":"Spot Weakness","floor":35},{"not_picked":["Pommel Strike+1","Clash+1"],"picked":"Thunderclap+1","floor":37},{"not_picked":["Body Slam+1","Perfected Strike+1"],"picked":"Flex+1","floor":38},{"not_picked":["Sever Soul+1","Armaments+1"],"picked":"Limit Break","floor":38},{"not_picked":["Fire Breathing","Combust"],"picked":"Pommel Strike+1","floor":42},{"not_picked":["Second Wind","Burning Pact+1","Warcry+1"],"picked":"SKIP","floor":42},{"not_picked":["Thunderclap+1","Heavy Blade+1"],"picked":"Entrench","floor":44},{"not_picked":["Bludgeon+1","Rupture"],"picked":"Blood for Blood+1","floor":44},{"not_picked":["Inflame+1","Clash+1"],"picked":"Iron Wave+1","floor":45},{"not_picked":["True Grit","Heavy Blade+1"],"picked":"Headbutt+1","floor":45}],"player_experience":22212,"relics_obtained":[{"floor":6,"key":"Molten Egg 2"},{"floor":9,"key":"Centennial Puzzle"},{"floor":13,"key":"Vajra"},{"floor":24,"key":"Old Coin"},{"floor":26,"key":"Matryoshka"},{"floor":29,"key":"Sundial"},{"floor":37,"key":"Prayer Wheel"},{"floor":43,"key":"Paper Frog"},{"floor":43,"key":"Shovel"}],"event_choices":[{"damage_healed":0,"gold_gain":175,"player_choice":"AGREE","damage_taken":0,"max_hp_gain":0,"max_hp_loss":0,"event_name":"Liars Game","floor":4,"gold_loss":0,"cards_obtained":["Doubt"]},{"cards_removed":["Doubt"],"damage_healed":0,"gold_gain":0,"player_choice":"Removed Curses","damage_taken":0,"max_hp_gain":0,"max_hp_loss":0,"event_name":"Fountain of Cleansing","floor":8,"gold_loss":0},{"damage_healed":0,"gold_gain":0,"cards_transformed":["Armaments","Strike_R"],"player_choice":"Became Test Subject","damage_taken":0,"max_hp_gain":0,"max_hp_loss":0,"event_name":"Drug Dealer","floor":20,"gold_loss":0,"cards_obtained":["Feel No Pain","Corruption"]},{"damage_healed":0,"gold_gain":0,"player_choice":"Stole Relic","damage_taken":0,"relics_obtained":["Orichalcum"],"max_hp_gain":0,"max_hp_loss":0,"event_name":"Addict","floor":22,"gold_loss":0,"cards_obtained":["Shame"]},{"damage_healed":0,"gold_gain":0,"player_choice":"Fight","damage_taken":0,"max_hp_gain":0,"max_hp_loss":0,"event_name":"MindBloom","floor":37,"gold_loss":0},{"damage_healed":0,"gold_gain":0,"player_choice":"Embrace Madness","damage_taken":11,"max_hp_gain":0,"max_hp_loss":0,"event_name":"Winding Halls","floor":39,"gold_loss":0,"cards_obtained":["Madness","Madness"]}],"is_beta":false,"boss_relics":[{"not_picked":["Coffee Dripper","White Beast Statue"],"picked":"Sozu"},{"not_picked":["Runic Cube","Eternal Feather"],"picked":"Empty Cage"}],"items_purged_floors":[3,41],"is_endless":false,"potions_floor_spawned":[1,2,16,18,25,31,33,38],"killed_by":"Writhing Mass","ascension_level":0}