{"gold_per_floor":[114,114,114,134,23,23,53,53,53,72,87,87,37,50,50,149,149,169,33,133,183,200,200,219,274,274,294,294,312,341,341,341,341],"floor_reached":33,"playtime":1761,"items_purged":["Strike_R","Strike_R"],"score":285,"play_id":"42a8d9b4-4402-4201-85d0-278cdec76c08","local_time":"20190225214542","is_ascension_mode":false,"campfire_choices":[{"floor":6,"key":"REST"},{"data":"Infernal Blade","floor":8,"key":"SMITH"},{"data":"Flame Barrier","floor":12,"key":"SMITH"},{"data":"Exhume","floor":15,"key":"SMITH"},{"floor":23,"key":"REST"},{"floor":28,"key":"REST"},{"floor":32,"key":"REST"}],"neow_cost":"TEN_PERCENT_HP_LOSS","seed_source_timestamp":627322312961600,"circlet_count":0,"master_deck":["Strike_R","Strike_R","Defend_R","Defend_R","Defend_R","Defend_R","Bash","Double Tap+1","Pommel Strike","Iron Wave","Infernal Blade+1","Flame Barrier+1","Dual Wield","Power Through","Wild Strike","Exhume+1","Immolate","Shockwave","Corruption","Shrug It Off","Feel No Pain","Shrug It Off+1","Reckless Charge","Fiend Fire"],"relics":["Burning Blood","Dream Catcher","Regal Pillow","Dodecahedron","Cursed Key","Shovel","Singing Bowl","Tiny Chest","Incense Burner","Thread and Needle"],"potions_floor_usage":[20,20,25,27,33],"damage_taken":[{"damage":0,"enemies":"Small Slimes","floor":1,"turns":3},{"damage":5,"enemies":"2 Louse","floor":4,"turns":3},{"damage":18,"enemies":"Lagavulin","floor":7,"turns":3},{"damage":0,"enemies":"Jaw Worm","floor":10,"turns":3},{"damage":0,"enemies":"3 Louse","floor":11,"turns":5},{"damage":6,"enemies":"Gremlin Gang","floor":14,"turns":4},{"damage":45,"enemies":"Slime Boss","floor":16,"turns":16},{"damage":0,"enemies":"Chosen","floor":18,"turns":3},{"damage":0,"enemies":"Colosseum Slavers","floor":20,"turns":3},{"damage":33,"enemies":"Colosseum Nobs","floor":20,"turns":4},{"damage":0,"enemies":"Spheric Guardian","floor":22,"turns":3},{"damage":19,"enemies":"Centurion and Healer","floor":24,"turns":8},{"damage":27,"enemies":"Slavers","floor":25,"turns":6},{"damage":27,"enemies":"Snake Plant","floor":27,"turns":5},{"damage":18,"enemies":"Cultist and Chosen","floor":29,"turns":6},{"damage":10,"enemies":"Book of Stabbing","floor":30,"turns":5},{"damage":86,"enemies":"Champ","floor":33,"turns":16}],"seed_played":"-7165184028047891593","potions_obtained":[{"floor":11,"key":"Strength Potion"},{"floor":16,"key":"LiquidBronze"},{"floor":22,"key":"PowerPotion"},{"floor":25,"key":"BloodPotion"},{"floor":29,"key":"AttackPotion"}],"is_trial":false,"path_per_floor":["M","?","?","M","$","R","E","R","T","M","M","R","?","M","R","B",null,"M","$","?","?","M","R","M","E","T","M","R","M","E","?","R","B"],"character_chosen":"IRONCLAD","items_purchased":["Infernal Blade","Corruption"],"campfire_rested":4,"item_purchase_floors":[5,19],"current_hp_per_floor":[72,72,47,48,48,69,57,57,57,63,69,69,69,69,69,30,72,72,72,47,47,55,78,65,46,46,35,74,62,58,58,82,0],"gold":341,"neow_bonus":"THREE_RARE_CARDS","is_prod":false,"is_daily":false,"chose_seed":false,"campfire_upgraded":3,"win_rate":0,"timestamp":1551127542,"path_taken":["M","?","?","M","$","R","E","R","T","M","M","R","?","?","R","BOSS","M","$","?","?","M","R","M","E","T","?","R","M","E","?","R","BOSS"],"build_version":"2019-01-23","purchased_purges":2,"victory":false,"max_hp_per_floor":[72,72,72,72,72,72,72,72,72,72,72,72,72,72,72,72,72,72,72,74,74,76,78,78,80,80,82,82,82,82,82,82,82],"card_choices":[{"not_picked":["Reaper","Limit Break"],"picked":"Double Tap","floor":0},{"not_picked":["Flex","True Grit"],"picked":"Pommel Strike","floor":1},{"not_picked":["Sword Boomerang","Havoc"],"picked":"Iron Wave","floor":4},{"not_picked":["Flex","Havoc"],"picked":"Flame Barrier","floor":6},{"not_picked":["Rampage","Thunderclap"],"picked":"Dual Wield","floor":7},{"not_picked":["True Grit","Whirlwind"],"picked":"Power Through","floor":10},{"not_picked":["Combust","Entrench"],"picked":"Wild Strike","floor":11},{"not_picked":["Rage","Havoc"],"picked":"Exhume","floor":14},{"not_picked":["Dark Embrace","Bludgeon"],"picked":"Immolate","floor":16},{"not_picked":["True Grit","Rampage"],"picked":"Shockwave","floor":18},{"not_picked":["Dual Wield","Wild Strike+1","Thunderclap+1"],"picked":"Singing Bowl","floor":20},{"not_picked":["Armaments","Wild Strike","Whirlwind"],"picked":"Singing Bowl","floor":22},{"not_picked":["Havoc","Sword Boomerang","Headbutt"],"picked":"Singing Bowl","floor":23},{"not_picked":["Ghostly Armor","Cleave"],"picked":"Shrug It Off","floor":24},{"not_picked":["Havoc+1","Entrench","Flex"],"picked":"Singing Bowl","floor":25},{"not_picked":["Dropkick","Anger+1","Armaments"],"picked":"Singing Bowl","floor":27},{"not_picked":["Double Tap","Dropkick"],"picked":"Feel No Pain","floor":28},{"not_picked":["Seeing Red","Dropkick"],"picked":"Shrug It Off+1","floor":29},{"not_picked":["Twin Strike+1","Clothesline"],"picked":"Reckless Charge","floor":30},{"not_picked":["True Grit","Iron Wave"],"picked":"Fiend Fire","floor":32}],"player_experience":248097,"relics_obtained":[{"floor":7,"key":"Regal Pillow"},{"floor":9,"key":"Dodecahedron"},{"floor":20,"key":"Shovel"},{"floor":20,"key":"Singing Bowl"},{"floor":25,"key":"Tiny Chest"},{"floor":26,"key":"Incense Burner"},{"floor":30,"key":"Thread and Needle"}],"event_choices":[{"damage_healed":0,"gold_gain":0,"player_choice":"Grow","damage_taken":0,"max_hp_gain":0,"max_hp_loss":0,"event_name":"Living Wall","floor":2,"gold_loss":0,"cards_upgraded":["Double Tap"]},{"damage_healed":0,"gold_gain":0,"player_choice":"Success","damage_taken":25,"relics_obtained":["Dream Catcher"],"max_hp_gain":0,"max_hp_loss":0,"event_name":"Scrap Ooze","floor":3,"gold_loss":0},{"cards_removed":["Strike_R"],"damage_healed":0,"gold_gain":0,"player_choice":"Card Removal","damage_taken":0,"max_hp_gain":0,"max_hp_loss":0,"event_name":"The Cleric","floor":13,"gold_loss":50},{"damage_healed":0,"gold_gain":0,"player_choice":"Fight","damage_taken":0,"max_hp_gain":0,"max_hp_loss":0,"event_name":"Colosseum","floor":20,"gold_loss":0},{"damage_healed":0,"gold_gain":0,"player_choice":"Fought Nobs","damage_taken":0,"max_hp_gain":0,"max_hp_loss":0,"event_name":"Colosseum","floor":20,"gold_loss":0},{"damage_healed":0,"gold_gain":100,"player_choice":"Bet on Murderer","damage_taken":0,"max_hp_gain":0,"max_hp_loss":0,"event_name":"The Joust","floor":21,"gold_loss":50},{"cards_removed":["Doubt"],"damage_healed":0,"gold_gain":0,"player_choice":"Elegance","damage_taken":0,"max_hp_gain":0,"max_hp_loss":0,"event_name":"Back to Basics","floor":31,"gold_loss":0}],"is_beta":false,"boss_relics":[{"not_picked":["Coffee Dripper","Snecko Eye"],"picked":"Cursed Key"}],"items_purged_floors":[5,19],"is_endless":false,"potions_floor_spawned":[11,16,20,22,25,29],"killed_by":"Champ","ascension_level":0}