{"gold_per_floor":[115,115,40,51,51,85,85,112,194,226,1,15,15,15,15,88,88,102,642,87,98,114,114,114,147,201,201,234,250,260,294,294,368,368,380,380,1379,1034,1046,1079,1079,1111,1161,1161,1175,512,512,544,544,544,544,544,33,58,58],"floor_reached":56,"playtime":2010,"items_purged":["Strike_R","Normality","Normality","Strike_R"],"score":2331,"play_id":"856086d4-58bf-4307-819f-f4346d36a6a2","local_time":"20190704223735","is_ascension_mode":true,"campfire_choices":[{"data":"Bash","floor":7,"key":"SMITH"},{"data":"Bludgeon","floor":13,"key":"SMITH"},{"floor":15,"key":"REST"},{"floor":23,"key":"REST"},{"data":"Uppercut","floor":27,"key":"SMITH"},{"data":"Inflame","floor":32,"key":"SMITH"},{"floor":41,"key":"RECALL"},{"data":"Demon Form","floor":44,"key":"SMITH"},{"data":"Shockwave","floor":49,"key":"SMITH"},{"data":"Evolve","floor":52,"key":"SMITH"}],"neow_cost":"NONE","seed_source_timestamp":883185025146,"circlet_count":0,"master_deck":["AscendersBane","Defend_R","Defend_R","Defend_R","Defend_R","Bash+1","Twin Strike","Carnage","Disarm","Bludgeon+1","Combust","Disarm+1","Barricade","Clothesline","Burning Pact+1","Uppercut+1","Armaments+1","Havoc","Ghostly Armor","True Grit+1","Shrug It Off","Evolve+1","Demon Form+1","Shrug It Off","Power Through+1","Entrench+1","Reaper","Shockwave+1"],"relics":["Burning Blood","Happy Flower","Torii","Potion Belt","Bird Faced Urn","Mummified Hand","Bronze Scales","PreservedInsect","Snecko Eye","Bag of Marbles","Prayer Wheel","War Paint","Centennial Puzzle","Dream Catcher","Kunai","Philosopher\u0027s Stone","Toy Ornithopter","Juzu Bracelet","Omamori","Sundial","Frozen Eye","Art of War","Incense Burner","Du-Vu Doll"],"potions_floor_usage":[40,50,55,55,55,55],"damage_taken":[{"damage":3,"enemies":"2 Louse","floor":1,"turns":4},{"damage":5,"enemies":"Small Slimes","floor":4,"turns":3},{"damage":14,"enemies":"3 Sentries","floor":6,"turns":9},{"damage":26,"enemies":"Gremlin Nob","floor":8,"turns":4},{"damage":26,"enemies":"Lagavulin","floor":10,"turns":6},{"damage":7,"enemies":"Jaw Worm","floor":12,"turns":2},{"damage":4,"enemies":"Slime Boss","floor":16,"turns":5},{"damage":9,"enemies":"Chosen","floor":18,"turns":3},{"damage":1,"enemies":"Shell Parasite","floor":21,"turns":2},{"damage":0,"enemies":"Snecko","floor":22,"turns":2},{"damage":5,"enemies":"Gremlin Leader","floor":25,"turns":4},{"damage":0,"enemies":"Book of Stabbing","floor":28,"turns":2},{"damage":0,"enemies":"Chosen and Byrds","floor":29,"turns":3},{"damage":0,"enemies":"Snake Plant","floor":30,"turns":2},{"damage":6,"enemies":"Slavers","floor":31,"turns":5},{"damage":6,"enemies":"Collector","floor":33,"turns":7},{"damage":5,"enemies":"3 Darklings","floor":35,"turns":5},{"damage":18,"enemies":"Orb Walker","floor":39,"turns":3},{"damage":10,"enemies":"Nemesis","floor":40,"turns":7},{"damage":2,"enemies":"Giant Head","floor":42,"turns":6},{"damage":2,"enemies":"Jaw Worm Horde","floor":45,"turns":3},{"damage":12,"enemies":"Reptomancer","floor":48,"turns":5},{"damage":62,"enemies":"Donu and Deca","floor":50,"turns":11},{"damage":4,"enemies":"Shield and Spear","floor":54,"turns":4},{"damage":71,"enemies":"The Heart","floor":55,"turns":7}],"seed_played":"738526060444233047","potions_obtained":[{"floor":10,"key":"Block Potion"},{"floor":12,"key":"Explosive Potion"},{"floor":16,"key":"SteroidPotion"},{"floor":22,"key":"Regen Potion"},{"floor":35,"key":"PowerPotion"}],"is_trial":false,"path_per_floor":["M","?","?","M","T","E","R","E","T","E","$","M","R","$","R","B",null,"M","?","$","M","M","R","?","E","T","R","E","M","M","E","R","B",null,"M","?","?","$","M","E","R","E","T","R","M","$","?","E","R","B",null,"R","$","E","B",null],"character_chosen":"IRONCLAD","items_purchased":["PreservedInsect","Combust","Inflame","Bag of Marbles","Prayer Wheel","Strength Potion","Toy Ornithopter","Sundial","Frozen Eye","GamblersBrew","Incense Burner","BloodPotion"],"campfire_rested":2,"item_purchase_floors":[11,11,20,20,20,38,38,46,46,46,53,53],"current_hp_per_floor":[71,76,76,77,77,69,69,49,49,29,29,28,28,28,52,56,74,75,19,19,30,40,64,64,71,71,71,79,80,80,80,80,80,80,80,80,80,80,72,78,78,80,80,80,80,80,80,80,80,80,80,80,80,80,74],"gold":58,"neow_bonus":"RANDOM_COMMON_RELIC","is_prod":false,"is_daily":false,"chose_seed":false,"campfire_upgraded":7,"win_rate":0,"timestamp":1562294255,"path_taken":["M","?","?","M","?","E","R","E","T","E","$","M","R","?","R","BOSS","M","?","$","M","?","R","?","E","T","R","E","M","M","E","R","BOSS","M","?","?","?","M","E","R","E","T","R","M","$","?","E","R","BOSS","R","$","E","BOSS"],"build_version":"2019-07-03","purchased_purges":4,"victory":true,"max_hp_per_floor":[75,80,80,80,80,80,80,80,80,80,80,80,80,80,80,80,80,80,80,80,80,80,80,80,80,80,80,80,80,80,80,80,80,80,80,80,80,80,80,80,80,80,80,80,80,80,80,80,80,80,80,80,80,80,80],"card_choices":[{"not_picked":["Clash","Heavy Blade"],"picked":"Twin Strike","floor":1},{"not_picked":["Pommel Strike","Bloodletting"],"picked":"Carnage","floor":4},{"not_picked":["Ghostly Armor","Fire Breathing","Warcry"],"picked":"SKIP","floor":6},{"not_picked":["Anger","Perfected Strike"],"picked":"Disarm","floor":8},{"not_picked":["Infernal Blade","Clash"],"picked":"Bludgeon","floor":10},{"not_picked":["Armaments","Wild Strike"],"picked":"Disarm","floor":12},{"not_picked":["Fiend Fire","Limit Break"],"picked":"Barricade","floor":16},{"not_picked":["Whirlwind","Fire Breathing"],"picked":"Clothesline","floor":18},{"not_picked":["Headbutt","Clothesline"],"picked":"Burning Pact","floor":21},{"not_picked":["Sword Boomerang","Reckless Charge","Warcry"],"picked":"SKIP","floor":21},{"not_picked":["Iron Wave","Warcry"],"picked":"Uppercut","floor":22},{"not_picked":["Cleave","Havoc"],"picked":"Armaments+1","floor":22},{"not_picked":["Fiend Fire","Entrench"],"picked":"True Grit+1","floor":25},{"not_picked":["Dropkick","Rampage","Second Wind"],"picked":"SKIP","floor":28},{"not_picked":["Sword Boomerang+1","Clash","Disarm"],"picked":"SKIP","floor":29},{"not_picked":["Sentinel","Cleave","Pummel"],"picked":"SKIP","floor":29},{"not_picked":["Cleave","Rage"],"picked":"Shrug It Off","floor":30},{"not_picked":["Clash","Carnage+1","Rampage"],"picked":"SKIP","floor":30},{"not_picked":["Flex","Intimidate"],"picked":"Evolve","floor":31},{"not_picked":["Limit Break","Barricade"],"picked":"Demon Form","floor":33},{"not_picked":["Heavy Blade","Intimidate+1"],"picked":"Shrug It Off","floor":35},{"not_picked":["Headbutt","Uppercut","Armaments"],"picked":"SKIP","floor":35},{"not_picked":["Cleave","Flex+1"],"picked":"Power Through+1","floor":39},{"not_picked":["Clothesline","Thunderclap+1"],"picked":"Entrench+1","floor":39},{"not_picked":["Pommel Strike","Dual Wield+1"],"picked":"Reaper","floor":40},{"not_picked":["Shrug It Off","Rage","Headbutt"],"picked":"SKIP","floor":42},{"not_picked":["Pummel+1","Anger"],"picked":"Shockwave","floor":45},{"not_picked":["Perfected Strike","Blood for Blood","Metallicize"],"picked":"SKIP","floor":45},{"not_picked":["Intimidate+1","Clothesline+1","Twin Strike"],"picked":"SKIP","floor":48},{"not_picked":["Havoc+1","Clothesline","Cleave"],"picked":"SKIP","floor":54}],"player_experience":2593993,"relics_obtained":[{"floor":5,"key":"Torii"},{"floor":6,"key":"Potion Belt"},{"floor":8,"key":"Bird Faced Urn"},{"floor":9,"key":"Mummified Hand"},{"floor":10,"key":"Bronze Scales"},{"floor":25,"key":"War Paint"},{"floor":26,"key":"Centennial Puzzle"},{"floor":28,"key":"Dream Catcher"},{"floor":31,"key":"Kunai"},{"floor":40,"key":"Juzu Bracelet"},{"floor":42,"key":"Omamori"},{"floor":48,"key":"Art of War"},{"floor":54,"key":"Du-Vu Doll"}],"event_choices":[{"damage_healed":0,"gold_gain":0,"player_choice":"Donut","damage_taken":0,"max_hp_gain":5,"max_hp_loss":0,"event_name":"Big Fish","floor":2,"gold_loss":0},{"cards_removed":["Strike_R"],"damage_healed":0,"gold_gain":0,"player_choice":"Card Removal","damage_taken":0,"max_hp_gain":0,"max_hp_loss":0,"event_name":"The Cleric","floor":3,"gold_loss":75},{"damage_healed":0,"gold_gain":540,"player_choice":"GOLD GOLD GOLD GOLD GOLD GOLD ","damage_taken":56,"max_hp_gain":0,"max_hp_loss":0,"event_name":"Knowing Skull","floor":19,"potions_obtained":[],"gold_loss":0,"cards_obtained":[]},{"damage_healed":0,"gold_gain":0,"cards_transformed":["Strike_R","Strike_R"],"player_choice":"Became Test Subject","damage_taken":0,"max_hp_gain":0,"max_hp_loss":0,"event_name":"Drug Dealer","floor":24,"gold_loss":0,"cards_obtained":["Havoc","Ghostly Armor"]},{"cards_removed":["Inflame"],"damage_healed":0,"gold_gain":0,"player_choice":"Removed Power","damage_taken":0,"max_hp_gain":0,"max_hp_loss":0,"event_name":"Falling","floor":36,"gold_loss":0},{"damage_healed":0,"gold_gain":999,"player_choice":"Gold","damage_taken":0,"max_hp_gain":0,"max_hp_loss":0,"event_name":"MindBloom","floor":37,"gold_loss":0,"cards_obtained":["Normality","Normality"]},{"damage_healed":0,"gold_gain":0,"player_choice":"Ignored","damage_taken":0,"max_hp_gain":0,"max_hp_loss":0,"event_name":"Tomb of Lord Red Mask","floor":47,"gold_loss":0}],"is_beta":true,"boss_relics":[{"not_picked":["Astrolabe","Runic Pyramid"],"picked":"Snecko Eye"},{"not_picked":["Orrery","Coffee Dripper"],"picked":"Philosopher\u0027s Stone"}],"items_purged_floors":[20,38,46,53],"is_endless":false,"potions_floor_spawned":[10,12,16,22,25,28,29,30,33,35,39,48],"ascension_level":15}