{"gold_per_floor":[115,46,57,67,67,98,98,110,137,137,148,163,228,244,244,244],"floor_reached":16,"playtime":781,"items_purged":[],"score":104,"play_id":"fd4389b1-dc4d-41bc-b495-469ac6424658","local_time":"20190117234830","is_ascension_mode":false,"campfire_choices":[{"data":"Inflame","floor":7,"key":"SMITH"},{"data":"True Grit","floor":10,"key":"SMITH"},{"data":"Infernal Blade","floor":15,"key":"SMITH"}],"neow_cost":"NONE","seed_source_timestamp":98968290970600,"circlet_count":0,"master_deck":["Strike_R","Strike_R","Strike_R","Strike_R","Defend_R","Defend_R","Defend_R","Defend_R","Bash","Infernal Blade+1","Whirlwind","True Grit+1","Inflame+1","Heavy Blade","Ghostly Armor","Offering","Twin Strike","Thunderclap","Reaper"],"relics":["Burning Blood","Pen Nib","Centennial Puzzle","Bag of Preparation","Boot"],"potions_floor_usage":[13,16],"damage_taken":[{"damage":6,"enemies":"2 Louse","floor":1,"turns":5},{"damage":1,"enemies":"Cultist","floor":3,"turns":3},{"damage":2,"enemies":"Small Slimes","floor":4,"turns":3},{"damage":22,"enemies":"Gremlin Nob","floor":6,"turns":4},{"damage":1,"enemies":"2 Fungi Beasts","floor":8,"turns":2},{"damage":8,"enemies":"Gremlin Gang","floor":11,"turns":6},{"damage":0,"enemies":"3 Louse","floor":12,"turns":2},{"damage":16,"enemies":"Lagavulin Event","floor":13,"turns":5},{"damage":4,"enemies":"Red Slaver","floor":14,"turns":2},{"damage":70,"enemies":"The Guardian","floor":16,"turns":9}],"seed_played":"-1388816776906307949","potions_obtained":[{"floor":1,"key":"EssenceOfSteel"},{"floor":4,"key":"GamblersBrew"},{"floor":6,"key":"Weak Potion"},{"floor":11,"key":"Energy Potion"}],"is_trial":false,"path_per_floor":["M","$","M","M","?","E","R","M","T","R","M","M","?","M","R","B"],"character_chosen":"IRONCLAD","items_purchased":["Whirlwind"],"campfire_rested":0,"item_purchase_floors":[2],"current_hp_per_floor":[80,80,80,80,80,64,64,69,69,69,67,73,63,65,65,0],"gold":244,"neow_bonus":"RANDOM_COMMON_RELIC","is_prod":false,"is_daily":false,"chose_seed":false,"campfire_upgraded":3,"win_rate":0,"timestamp":1547765310,"path_taken":["M","$","M","M","?","E","R","M","T","R","?","M","?","M","R","BOSS"],"build_version":"2019-01-10","purchased_purges":0,"victory":false,"max_hp_per_floor":[80,80,80,80,80,80,80,80,80,80,80,80,80,80,80,80],"card_choices":[{"not_picked":["Iron Wave","Warcry"],"picked":"Infernal Blade","floor":1},{"not_picked":["Clash","Second Wind"],"picked":"True Grit","floor":3},{"not_picked":["Perfected Strike","Clothesline"],"picked":"Inflame","floor":4},{"not_picked":["Wild Strike","Perfected Strike"],"picked":"Heavy Blade","floor":6},{"not_picked":["Warcry","Hemokinesis"],"picked":"Ghostly Armor","floor":8},{"not_picked":["Anger","Wild Strike"],"picked":"Offering","floor":11},{"not_picked":["Fire Breathing","Rupture"],"picked":"Twin Strike","floor":12},{"not_picked":["Heavy Blade","Clash"],"picked":"Thunderclap","floor":13},{"not_picked":["Thunderclap","Clash"],"picked":"Reaper","floor":14}],"player_experience":192503,"relics_obtained":[{"floor":6,"key":"Centennial Puzzle"},{"floor":9,"key":"Bag of Preparation"},{"floor":13,"key":"Boot"}],"event_choices":[{"cards_removed":["Strike_R"],"damage_healed":0,"gold_gain":0,"player_choice":"Offered Basic","damage_taken":0,"max_hp_gain":0,"max_hp_loss":0,"event_name":"Bonfire Elementals","floor":5,"gold_loss":0},{"damage_healed":0,"gold_gain":30,"player_choice":"Searched \u00272\u0027 times","damage_taken":0,"max_hp_gain":0,"max_hp_loss":0,"event_name":"Dead Adventurer","floor":13,"gold_loss":0}],"is_beta":false,"boss_relics":[],"items_purged_floors":[],"is_endless":false,"potions_floor_spawned":[1,4,6,11],"killed_by":"The Guardian","ascension_level":0}