{"gold_per_floor":[217,229,229,229,239,79,112,112,112,112,145,145,13,33,33,104,104,124,136,136,136,156,156,181,181,181,181,193,41,66,76,76,148,148,167,167,31,48,61,96,96,112,159,186,86,103,103,122,122,122,122,122,31,64,64],"floor_reached":56,"playtime":3037,"items_purged":["Strike_B","Strike_B"],"score":2190,"play_id":"e0f95520-a8ba-45a5-8992-5b774e99da1c","local_time":"20190814210831","is_ascension_mode":true,"campfire_choices":[{"data":"Hologram","floor":8.0,"key":"SMITH"},{"data":"Beam Cell","floor":10.0,"key":"SMITH"},{"data":"Dualcast","floor":12.0,"key":"SMITH"},{"floor":15.0,"key":"REST"},{"floor":23.0,"key":"REST"},{"floor":25.0,"key":"REST"},{"floor":27.0,"key":"REST"},{"floor":32.0,"key":"REST"},{"floor":41.0,"key":"RECALL"},{"floor":47.0,"key":"REST"},{"floor":49.0,"key":"REST"},{"floor":52.0,"key":"REST"}],"neow_cost":"NONE","seed_source_timestamp":2318464303216,"circlet_count":0,"master_deck":["AscendersBane","Strike_B","Strike_B","Defend_B","Defend_B","Defend_B","Defend_B","Zap+1","Dualcast+1","Hologram+1","Cold Snap","Beam Cell+1","BootSequence","Ball Lightning","All For One","Glacier+1","Hologram+1","Reboot+1","Go for the Eyes+1","Recycle+1","Glacier+1","Gash","Steam Power+1","Echo Form","Gash+1","Electrodynamics+1","Hologram+1","Coolheaded+1","Finesse+1","Capacitor","Genetic Algorithm+1","Gash+1","Defragment","Jack Of All Trades+1","Static Discharge"],"special_seed":0,"relics":["Cracked Core","Pear","Blue Candle","Toxic Egg 2","Fusion Hammer","Happy Flower","Molten Egg 2","Bottled Lightning","Runic Pyramid","Dodecahedron","Vajra","Symbiotic Virus"],"potions_floor_usage":[55,55],"damage_taken":[{"damage":1.0,"enemies":"Cultist","floor":1.0,"turns":3.0},{"damage":12.0,"enemies":"Jaw Worm","floor":2.0,"turns":3.0},{"damage":6.0,"enemies":"Small Slimes","floor":5.0,"turns":3.0},{"damage":2.0,"enemies":"Gremlin Nob","floor":7.0,"turns":3.0},{"damage":10.0,"enemies":"Lagavulin","floor":11.0,"turns":5.0},{"damage":3.0,"enemies":"Exordium Wildlife","floor":14.0,"turns":5.0},{"damage":0.0,"enemies":"Slime Boss","floor":16.0,"turns":6.0},{"damage":9.0,"enemies":"Shell Parasite","floor":18.0,"turns":6.0},{"damage":3.0,"enemies":"Chosen","floor":19.0,"turns":4.0},{"damage":0.0,"enemies":"3 Cultists","floor":22.0,"turns":5.0},{"damage":51.0,"enemies":"Gremlin Leader","floor":24.0,"turns":11.0},{"damage":3.0,"enemies":"Snecko","floor":28.0,"turns":4.0},{"damage":8.0,"enemies":"Slavers","floor":30.0,"turns":7.0},{"damage":11.0,"enemies":"Sentry and Sphere","floor":31.0,"turns":4.0},{"damage":65.0,"enemies":"Automaton","floor":33.0,"turns":12.0},{"damage":0.0,"enemies":"3 Darklings","floor":35.0,"turns":3.0},{"damage":0.0,"enemies":"3 Shapes","floor":38.0,"turns":2.0},{"damage":0.0,"enemies":"Jaw Worm Horde","floor":39.0,"turns":3.0},{"damage":0.0,"enemies":"Nemesis","floor":40.0,"turns":7.0},{"damage":0.0,"enemies":"Maw","floor":42.0,"turns":6.0},{"damage":0.0,"enemies":"Reptomancer","floor":44.0,"turns":7.0},{"damage":3.0,"enemies":"4 Shapes","floor":46.0,"turns":6.0},{"damage":0.0,"enemies":"Sphere and 2 Shapes","floor":48.0,"turns":5.0},{"damage":46.0,"enemies":"Time Eater","floor":50.0,"turns":15.0},{"damage":0.0,"enemies":"Shield and Spear","floor":54.0,"turns":6.0},{"damage":68,"enemies":"The Heart","floor":55,"turns":13}],"seed_played":"3750564150829019060","potions_obtained":[{"floor":5.0,"key":"PowerPotion"},{"floor":7.0,"key":"Poison Potion"},{"floor":11.0,"key":"LiquidBronze"},{"floor":24.0,"key":"FearPotion"},{"floor":30.0,"key":"FearPotion"},{"floor":31.0,"key":"Ancient Potion"},{"floor":35.0,"key":"PowerPotion"}],"is_trial":false,"path_per_floor":["M","M","?","?","M","$","E","R","T","R","E","R","$","M","R","B",null,"M","M","?","?","M","R","E","R","T","R","M","$","E","M","R","B",null,"M","?","$","M","M","E","R","M","T","E","$","M","R","M","R","B",null,"R","$","E","B",null],"character_chosen":"DEFECT","items_purchased":["BootSequence","Ball Lightning","Glacier+1","AttackPotion","Echo Form","Coolheaded+1","Finesse+1","Jack Of All Trades+1"],"campfire_rested":8,"item_purchase_floors":[6,6,13,13,29,37,37,53],"current_hp_per_floor":[63,51,51,51,45,45,53,53,53,53,43,43,43,40,64,64,77,68,65,65,65,65,81,30,54,54,78,75,75,67,56,80,15,65,65,65,65,65,65,65,65,65,65,65,65,62,81,81,81,35,70,81,81,81,13],"gold":64,"neow_bonus":"HUNDRED_GOLD","is_prod":false,"is_daily":false,"chose_seed":false,"campfire_upgraded":3,"win_rate":0,"timestamp":1565831311,"path_taken":["M","?","?","?","M","?","E","R","T","R","E","R","$","M","R","BOSS","M","M","?","?","M","R","E","R","T","R","?","$","E","M","R","BOSS","M","?","$","?","?","E","R","M","T","E","$","M","R","M","R","BOSS","R","$","E","BOSS"],"build_version":"2019-07-17","purchased_purges":2,"victory":true,"max_hp_per_floor":[71,71,71,71,71,71,81,81,81,81,81,81,81,81,81,81,81,81,81,81,81,81,81,81,81,81,81,81,81,81,81,81,81,81,81,81,81,81,81,81,81,81,81,81,81,81,81,81,81,81,81,81,81,81,81],"card_choices":[{"not_picked":["Redo","Beam Cell"],"picked":"Hologram","floor":1.0},{"not_picked":["Streamline","Leap"],"picked":"Cold Snap","floor":2.0},{"not_picked":["Aggregate","Stack"],"picked":"Beam Cell","floor":5.0},{"not_picked":["Gash","Double Energy"],"picked":"All For One","floor":7.0},{"not_picked":["Chaos","Cold Snap","Streamline"],"picked":"SKIP","floor":11.0},{"not_picked":["Storm","Skim+1"],"picked":"Hologram+1","floor":14.0},{"not_picked":["Rainbow+1","Amplify+1"],"picked":"Reboot+1","floor":16.0},{"not_picked":["Static Discharge","Barrage"],"picked":"Go for the Eyes+1","floor":18.0},{"not_picked":["Conserve Battery+1","Compile Driver"],"picked":"Recycle+1","floor":19.0},{"not_picked":["Steam+1","Rebound"],"picked":"Gash","floor":22.0},{"not_picked":["Beam Cell","Cold Snap","Go for the Eyes"],"picked":"SKIP","floor":24.0},{"not_picked":["Leap+1","Redo+1"],"picked":"Steam Power+1","floor":28.0},{"not_picked":["Chaos+1","Lockon+1","Redo+1"],"picked":"SKIP","floor":30.0},{"not_picked":["Capacitor","Cold Snap+1"],"picked":"Gash+1","floor":31.0},{"not_picked":["Multi-Cast+1","Buffer"],"picked":"Electrodynamics","floor":33.0},{"not_picked":["Consume+1","Turbo+1"],"picked":"Hologram+1","floor":35.0},{"not_picked":["Force Field+1","Tempest+1"],"picked":"Capacitor","floor":38.0},{"not_picked":["Defragment","Steam+1"],"picked":"Genetic Algorithm+1","floor":39.0},{"not_picked":["Turbo+1","Electrodynamics","Conserve Battery+1"],"picked":"SKIP","floor":40.0},{"not_picked":["Capacitor","Chaos+1","Rebound+1"],"picked":"SKIP","floor":42.0},{"not_picked":["Electrodynamics","Turbo+1","Stack+1"],"picked":"SKIP","floor":44.0},{"not_picked":["Turbo+1","Rip and Tear+1"],"picked":"Gash+1","floor":46.0},{"not_picked":["Undo+1","Redo+1"],"picked":"Defragment","floor":48.0},{"not_picked":["Rebound+1","Creative AI"],"picked":"Static Discharge","floor":54.0}],"player_experience":2684169,"relics_obtained":[{"floor":7.0,"key":"Pear"},{"floor":9.0,"key":"Blue Candle"},{"floor":11.0,"key":"Toxic Egg 2"},{"floor":24.0,"key":"Happy Flower"},{"floor":26.0,"key":"Molten Egg 2"},{"floor":30.0,"key":"Bottled Lightning"},{"floor":40.0,"key":"Dodecahedron"},{"floor":44.0,"key":"Vajra"},{"floor":54.0,"key":"Symbiotic Virus"}],"event_choices":[{"damage_healed":0.0,"max_hp_gain":0.0,"max_hp_loss":0.0,"gold_gain":0.0,"event_name":"Liars Game","player_choice":"Ignored","floor":3.0,"gold_loss":0.0,"damage_taken":0.0},{"damage_healed":0.0,"max_hp_gain":0.0,"max_hp_loss":0.0,"gold_gain":0.0,"event_name":"Living Wall","player_choice":"Grow","floor":4.0,"gold_loss":0.0,"damage_taken":0.0,"cards_upgraded":["Zap"]},{"damage_healed":0.0,"max_hp_gain":0.0,"max_hp_loss":0.0,"gold_gain":0.0,"event_name":"Ghosts","player_choice":"Ignored","floor":20.0,"gold_loss":0.0,"damage_taken":0.0},{"damage_healed":0.0,"max_hp_gain":0.0,"max_hp_loss":0.0,"gold_gain":0.0,"event_name":"Duplicator","player_choice":"Copied","floor":21.0,"gold_loss":0.0,"damage_taken":0.0,"cards_obtained":["Glacier"]},{"damage_healed":0.0,"max_hp_gain":0.0,"max_hp_loss":0.0,"gold_gain":0.0,"event_name":"Upgrade Shrine","player_choice":"Upgraded","floor":36.0,"gold_loss":0.0,"damage_taken":0.0,"cards_upgraded":["Electrodynamics"]}],"is_beta":false,"boss_relics":[{"not_picked":["Astrolabe","Ectoplasm"],"picked":"Fusion Hammer"},{"not_picked":["Black Star","Tiny House"],"picked":"Runic Pyramid"}],"items_purged_floors":[6,45],"is_endless":false,"potions_floor_spawned":[5,7,11,14,24,30,31,35,39,40,48],"ascension_level":15}