{"gold_per_floor":[113,113,113,126,146,146,157,174,222,240,253,14,47,65,65,169,169,179,179,179,42,42,73,92,92,92,92,122,142,2,17,17,17],"floor_reached":33,"playtime":2742,"items_purged":["Pain"],"score":314,"play_id":"d4581d8a-e293-42da-be5b-92b1cfc58bac","local_time":"20190819013143","is_ascension_mode":false,"campfire_choices":[{"data":"Pommel Strike","floor":6,"key":"SMITH"},{"data":"Perfected Strike","floor":15,"key":"SMITH"},{"floor":25,"key":"REST"},{"data":"Metallicize","floor":27,"key":"SMITH"},{"floor":32,"key":"REST"}],"neow_cost":"NONE","seed_source_timestamp":76340807390700,"circlet_count":0,"master_deck":["Strike_R","Strike_R","Strike_R","Strike_R","Strike_R","Defend_R","Defend_R","Defend_R","Defend_R","Pommel Strike+1","Anger","Armaments","Flame Barrier","Cleave","Perfected Strike","True Grit","Deep Breath","Iron Wave","Whirlwind","Perfected Strike+1","Double Tap","Metallicize+1","Blood for Blood","Inflame","Discovery","Iron Wave","Iron Wave+1","Twin Strike+1","Shrug It Off","Infernal Blade","Perfected Strike","Mind Blast","Pommel Strike","Power Through","Carnage"],"relics":["Burning Blood","Letter Opener","WarpedTongs","Boot","Oddly Smooth Stone","Runic Cube","Dream Catcher","Matryoshka","FossilizedHelix"],"potions_floor_usage":[23,23,33,33],"damage_taken":[{"damage":0,"enemies":"2 Louse","floor":1,"turns":3},{"damage":9,"enemies":"Jaw Worm","floor":4,"turns":3},{"damage":6,"enemies":"Cultist","floor":5,"turns":3},{"damage":5,"enemies":"Blue Slaver","floor":7,"turns":3},{"damage":5,"enemies":"3 Louse","floor":8,"turns":2},{"damage":8,"enemies":"Looter","floor":10,"turns":4},{"damage":1,"enemies":"Blue Slaver","floor":11,"turns":5},{"damage":12,"enemies":"Gremlin Nob","floor":13,"turns":4},{"damage":0,"enemies":"Exordium Wildlife","floor":14,"turns":3},{"damage":39,"enemies":"The Guardian","floor":16,"turns":10},{"damage":20,"enemies":"2 Thieves","floor":18,"turns":4},{"damage":22,"enemies":"Slavers","floor":23,"turns":6},{"damage":4,"enemies":"Chosen","floor":24,"turns":4},{"damage":47,"enemies":"Gremlin Leader","floor":28,"turns":7},{"damage":22,"enemies":"Sentry and Sphere","floor":29,"turns":6},{"damage":14,"enemies":"Centurion and Healer","floor":31,"turns":7},{"damage":49,"enemies":"Automaton","floor":33,"turns":6}],"seed_played":"7624613031626320635","potions_obtained":[{"floor":8,"key":"Swift Potion"},{"floor":10,"key":"Ancient Potion"},{"floor":13,"key":"SpeedPotion"},{"floor":14,"key":"Explosive Potion"},{"floor":29,"key":"GamblersBrew"},{"floor":31,"key":"Strength Potion"}],"is_trial":false,"path_per_floor":["M","?","?","M","M","R","M","M","T","M","M","$","E","M","R","B",null,"M","?","?","$","?","E","M","R","T","R","E","M","$","M","R","B"],"character_chosen":"IRONCLAD","items_purchased":["Deep Breath","Iron Wave","Warcry","Discovery","Iron Wave","Mind Blast","Pommel Strike"],"campfire_rested":2,"item_purchase_floors":[12,12,12,21,21,30,30],"current_hp_per_floor":[80,73,73,70,70,70,71,72,72,70,75,75,69,75,75,42,80,66,66,66,66,66,50,52,76,76,76,35,19,19,11,35,0],"gold":17,"neow_bonus":"TRANSFORM_CARD","is_prod":false,"is_daily":false,"chose_seed":false,"campfire_upgraded":3,"win_rate":0.0,"timestamp":1566174703,"path_taken":["M","?","?","M","?","R","M","M","T","M","M","$","E","M","R","BOSS","M","?","?","$","?","E","M","R","T","R","E","M","?","M","R","BOSS"],"build_version":"2019-07-17","purchased_purges":1,"victory":false,"max_hp_per_floor":[80,80,80,80,80,80,80,80,80,80,80,80,80,80,80,80,80,80,80,80,80,80,80,80,80,80,80,80,80,80,80,80,80],"card_choices":[{"not_picked":["Sword Boomerang","Iron Wave"],"picked":"Anger","floor":1},{"not_picked":["Cleave","Whirlwind"],"picked":"Armaments","floor":4},{"not_picked":["Body Slam","Twin Strike"],"picked":"Intimidate","floor":5},{"not_picked":["Heavy Blade","Clothesline"],"picked":"Flame Barrier","floor":7},{"not_picked":["Pommel Strike","Anger"],"picked":"Cleave","floor":8},{"not_picked":["Thunderclap","Twin Strike"],"picked":"Perfected Strike","floor":10},{"not_picked":["Offering","Cleave"],"picked":"True Grit","floor":11},{"not_picked":["Warcry","Flame Barrier"],"picked":"Whirlwind","floor":13},{"not_picked":["Searing Blow","Body Slam"],"picked":"Perfected Strike","floor":14},{"not_picked":["Demon Form","Feed"],"picked":"Double Tap","floor":16},{"not_picked":["Armaments+1","Anger"],"picked":"Metallicize","floor":18},{"not_picked":["Battle Trance","Anger"],"picked":"Iron Wave+1","floor":23},{"not_picked":["Sword Boomerang","Heavy Blade+1"],"picked":"Twin Strike+1","floor":24},{"not_picked":["Clothesline","True Grit"],"picked":"Shrug It Off","floor":25},{"not_picked":["Rampage","Warcry"],"picked":"Infernal Blade","floor":28},{"not_picked":["Clothesline+1","Spot Weakness+1"],"picked":"Perfected Strike","floor":29},{"not_picked":["Clothesline","Shockwave"],"picked":"Power Through","floor":31},{"not_picked":["Disarm","Reaper"],"picked":"Carnage","floor":32}],"player_experience":15536,"relics_obtained":[{"floor":9,"key":"Boot"},{"floor":13,"key":"Oddly Smooth Stone"},{"floor":23,"key":"Dream Catcher"},{"floor":26,"key":"Matryoshka"},{"floor":28,"key":"FossilizedHelix"}],"event_choices":[{"damage_healed":0,"gold_gain":0,"player_choice":"Success","damage_taken":7,"relics_obtained":["Letter Opener"],"max_hp_gain":0,"max_hp_loss":0,"event_name":"Scrap Ooze","floor":2,"gold_loss":0},{"damage_healed":0,"gold_gain":0,"player_choice":"Rummage","damage_taken":0,"relics_obtained":["WarpedTongs"],"max_hp_gain":0,"max_hp_loss":0,"event_name":"Accursed Blacksmith","floor":3,"gold_loss":0,"cards_obtained":["Pain"]},{"damage_healed":0,"gold_gain":0,"cards_transformed":["Intimidate","Warcry"],"player_choice":"Became Test Subject","damage_taken":0,"max_hp_gain":0,"max_hp_loss":0,"event_name":"Drug Dealer","floor":19,"gold_loss":0,"cards_obtained":["Blood for Blood","Inflame"]},{"damage_healed":0,"gold_gain":0,"player_choice":"Ignored","damage_taken":0,"max_hp_gain":0,"max_hp_loss":0,"event_name":"Vampires","floor":20,"gold_loss":0},{"damage_healed":0,"gold_gain":0,"player_choice":"Ignored","damage_taken":0,"max_hp_gain":0,"max_hp_loss":0,"event_name":"Ghosts","floor":22,"gold_loss":0}],"is_beta":false,"boss_relics":[{"not_picked":["Cursed Key","Calling Bell"],"picked":"Runic Cube"}],"items_purged_floors":[12],"is_endless":false,"potions_floor_spawned":[8,10,13,14,29,31],"killed_by":"Automaton","ascension_level":0}