{"gold_per_floor":[116,67,81,44,44,44,54,72,142,160,260,260,273,10,10,10],"floor_reached":16,"playtime":1495,"items_purged":[],"score":92,"play_id":"c3b85bef-08a4-4989-89ec-bf46471802cb","local_time":"20181225230035","is_ascension_mode":false,"campfire_choices":[{"data":"Dual Wield","floor":6,"key":"SMITH"},{"data":"Body Slam","floor":12,"key":"SMITH"},{"data":"Bash","floor":15,"key":"SMITH"}],"neow_cost":"NONE","seed_source_timestamp":390987969835100,"circlet_count":0,"master_deck":["Strike_R","Strike_R","Strike_R","Strike_R","Strike_R","Defend_R","Defend_R","Defend_R","Defend_R","Bash+1","Headbutt","Body Slam+1","Dual Wield+1","Iron Wave","Perfected Strike","Pommel Strike","Body Slam","Warcry","True Grit"],"relics":["Burning Blood","Meat on the Bone","Toolbox"],"potions_floor_usage":[],"damage_taken":[{"damage":6,"enemies":"Jaw Worm","floor":1,"turns":5},{"damage":1,"enemies":"Cultist","floor":3,"turns":3},{"damage":6,"enemies":"2 Louse","floor":7,"turns":4},{"damage":11,"enemies":"Blue Slaver","floor":8,"turns":4},{"damage":16,"enemies":"3 Louse","floor":10,"turns":3},{"damage":11,"enemies":"Red Slaver","floor":13,"turns":5},{"damage":70,"enemies":"Hexaghost","floor":16,"turns":10}],"seed_played":"1903653546133926065","potions_obtained":[{"floor":1,"key":"Block Potion"},{"floor":10,"key":"Dexterity Potion"}],"is_trial":false,"path_per_floor":["M","$","M","$","?","R","M","M","T","M","?","R","M","$","R","B"],"character_chosen":"IRONCLAD","items_purchased":["Energy Potion","Dual Wield","Warcry","Toolbox","True Grit"],"campfire_rested":0,"item_purchase_floors":[2,4,14,14,14],"current_hp_per_floor":[88,88,88,88,88,88,88,83,83,73,73,73,68,68,68,0],"gold":10,"neow_bonus":"TEN_PERCENT_HP_BONUS","is_prod":false,"is_daily":false,"chose_seed":false,"campfire_upgraded":3,"win_rate":0.0,"timestamp":1545775235,"path_taken":["M","$","M","$","?","R","M","M","T","M","?","R","?","$","R","BOSS"],"build_version":"2018-12-20","purchased_purges":0,"victory":false,"max_hp_per_floor":[88,88,88,88,88,88,88,88,88,88,88,88,88,88,88,88],"card_choices":[{"not_picked":["Reckless Charge","Feel No Pain"],"picked":"Headbutt","floor":1},{"not_picked":["Reckless Charge","Searing Blow"],"picked":"Body Slam","floor":3},{"not_picked":["Corruption","Intimidate"],"picked":"Iron Wave","floor":7},{"not_picked":["Shockwave","Clothesline"],"picked":"Perfected Strike","floor":8},{"not_picked":["Rampage","Headbutt"],"picked":"Pommel Strike","floor":10},{"not_picked":["Blood for Blood","Twin Strike"],"picked":"Body Slam","floor":13}],"player_experience":2860,"relics_obtained":[{"floor":9,"key":"Meat on the Bone"}],"event_choices":[{"damage_healed":0,"gold_gain":0,"player_choice":"Leave","damage_taken":0,"max_hp_gain":0,"max_hp_loss":0,"event_name":"The Cleric","floor":5,"gold_loss":0},{"damage_healed":0,"gold_gain":100,"player_choice":"Pray","damage_taken":0,"max_hp_gain":0,"max_hp_loss":0,"event_name":"Golden Shrine","floor":11,"gold_loss":0}],"is_beta":false,"boss_relics":[],"items_purged_floors":[],"is_endless":false,"potions_floor_spawned":[1,10],"killed_by":"Hexaghost","ascension_level":0}