{"gold_per_floor":[110,110,126,126,137,171,184,184,230,246,261,272,272,272,272,375,375,389,406,331,345,378,408,408,97,121,137,137,156,182,195,195,297,297,311,330,347,19,241,241,272,272,272,286,286,296,296,15,15,15],"floor_reached":51,"playtime":4211,"items_purged":["Strike_B"],"score":763,"play_id":"bf3c15d6-f723-4a67-a184-e873ae85e019","local_time":"20190824002329","is_ascension_mode":true,"campfire_choices":[{"data":"Zap","floor":8.0,"key":"SMITH"},{"floor":13.0,"key":"REST"},{"data":"Go for the Eyes","floor":15.0,"key":"SMITH"},{"floor":24.0,"key":"REST"},{"floor":28.0,"key":"REST"},{"floor":32.0,"key":"REST"},{"data":"Fission","floor":40,"key":"SMITH"},{"data":"Defragment","floor":42,"key":"SMITH"},{"floor":45,"key":"DIG"},{"data":"Reprogram","floor":47,"key":"SMITH"},{"data":"Enlightenment","floor":49,"key":"SMITH"}],"neow_cost":"NONE","seed_source_timestamp":730219293466500,"circlet_count":0,"master_deck":["Defend_B","Defend_B","Defend_B","Defend_B","Zap+1","Dualcast","Streamline","Self Repair","Rebound","Doom and Gloom","Skim","Stack","Reinforced Body","Go for the Eyes+1","Echo Form","Coolheaded","Hologram+1","Chill","Gash+1","Reprogram+1","Compile Driver+1","Discovery","BootSequence","Double Energy","Self Repair","White Noise+1","Glacier+1","Steam Power+1","Fission+1","Double Energy+1","Force Field+1","Streamline+1","Defragment+1","Undo+1","Gash+1","Gash+1","Enlightenment+1"],"special_seed":0,"relics":["Philosopher\u0027s Stone","Ornamental Fan","Bronze Scales","Inserter","Red Mask","Dream Catcher","Blood Vial","Pen Nib","Shovel","White Beast Statue","Symbiotic Virus","FossilizedHelix","Du-Vu Doll","Toy Ornithopter"],"potions_floor_usage":[37,44,50,50,50],"damage_taken":[{"damage":0.0,"enemies":"2 Louse","floor":1.0,"turns":3.0},{"damage":0.0,"enemies":"Jaw Worm","floor":3.0,"turns":3.0},{"damage":7.0,"enemies":"Cultist","floor":5.0,"turns":3.0},{"damage":30.0,"enemies":"Gremlin Nob","floor":6.0,"turns":4.0},{"damage":13.0,"enemies":"Blue Slaver","floor":7.0,"turns":3.0},{"damage":15.0,"enemies":"Red Slaver","floor":10.0,"turns":2.0},{"damage":7.0,"enemies":"Exordium Wildlife","floor":11.0,"turns":3.0},{"damage":19.0,"enemies":"Lots of Slimes","floor":12.0,"turns":2.0},{"damage":31.0,"enemies":"The Guardian","floor":16.0,"turns":9.0},{"damage":24.0,"enemies":"Shell Parasite","floor":18.0,"turns":6.0},{"damage":8.0,"enemies":"Spheric Guardian","floor":19.0,"turns":3.0},{"damage":31.0,"enemies":"Chosen and Byrds","floor":21.0,"turns":5.0},{"damage":19.0,"enemies":"Masked Bandits","floor":22.0,"turns":4.0},{"damage":19.0,"enemies":"Book of Stabbing","floor":23.0,"turns":5.0},{"damage":32.0,"enemies":"3 Cultists","floor":27.0,"turns":5.0},{"damage":16.0,"enemies":"Sentry and Sphere","floor":29.0,"turns":5.0},{"damage":2.0,"enemies":"Gremlin Leader","floor":30.0,"turns":6.0},{"damage":25.0,"enemies":"Snecko","floor":31.0,"turns":6.0},{"damage":19,"enemies":"Champ","floor":33,"turns":11},{"damage":8,"enemies":"3 Shapes","floor":35,"turns":5},{"damage":12,"enemies":"Orb Walker","floor":36,"turns":6},{"damage":35,"enemies":"3 Darklings","floor":37,"turns":7},{"damage":44,"enemies":"Nemesis","floor":41,"turns":9},{"damage":14,"enemies":"Spire Growth","floor":44,"turns":8},{"damage":0,"enemies":"Jaw Worm Horde","floor":46,"turns":5},{"damage":28,"enemies":"Time Eater","floor":50,"turns":13}],"seed_played":"-1977746711398031910","potions_obtained":[{"floor":3.0,"key":"LiquidBronze"},{"floor":6.0,"key":"Fruit Juice"},{"floor":7.0,"key":"PowerPotion"},{"floor":16.0,"key":"FocusPotion"},{"floor":18.0,"key":"Strength Potion"},{"floor":23.0,"key":"AttackPotion"},{"floor":27.0,"key":"Explosive Potion"},{"floor":29.0,"key":"PowerPotion"},{"floor":31.0,"key":"FearPotion"},{"floor":35,"key":"LiquidBronze"},{"floor":36,"key":"Explosive Potion"},{"floor":37,"key":"Dexterity Potion"},{"floor":44,"key":"Poison Potion"},{"floor":46,"key":"Block Potion"}],"is_trial":false,"path_per_floor":["M","?","M","?","M","E","M","R","T","M","M","M","R","?","R","B",null,"M","M","?","M","?","E","R","$","T","M","R","M","E","M","R","B",null,"M","M","M","$","?","R","E","R","T","M","R","M","R","$","R","B",null],"character_chosen":"DEFECT","items_purchased":["Blood Vial","Discovery","Symbiotic Virus","Defragment","Toy Ornithopter","Enlightenment"],"campfire_rested":4,"item_purchase_floors":[25,25,38,38,48,48],"current_hp_per_floor":[75,68,68,68,68,50,44,44,44,29,29,10,34,34,34,10,80,63,55,55,38,26,14,38,38,38,8,32,25,39,16,40,44,80,72,76,57,57,57,57,36,36,36,31,31,40,40,40,40,43],"gold":15,"neow_bonus":"BOSS_RELIC","is_prod":false,"is_daily":false,"chose_seed":false,"campfire_upgraded":6,"win_rate":0,"timestamp":1566599009,"path_taken":["M","?","M","?","M","E","M","R","T","M","?","M","R","?","R","BOSS","M","M","?","M","?","E","R","?","T","M","R","M","E","M","R","BOSS","M","M","?","$","?","R","E","R","T","M","R","M","R","$","R","BOSS"],"build_version":"2019-07-17","purchased_purges":1,"victory":true,"max_hp_per_floor":[75,75,75,75,75,80,80,80,80,80,80,80,80,80,80,80,80,80,80,80,80,80,80,80,80,80,80,80,80,80,80,80,80,80,80,80,80,80,80,80,80,80,80,80,80,80,80,80,80,80],"card_choices":[{"not_picked":["Hologram","Turbo"],"picked":"Streamline","floor":1.0},{"not_picked":["Scrape","Auto Shields"],"picked":"Self Repair","floor":3.0},{"not_picked":["Compile Driver","Scrape"],"picked":"Rebound","floor":5.0},{"not_picked":["Static Discharge","Fusion"],"picked":"Doom and Gloom","floor":6.0},{"not_picked":["Rebound","Amplify"],"picked":"Skim","floor":7.0},{"not_picked":["Leap","White Noise"],"picked":"Stack","floor":10.0},{"not_picked":["Heatsinks","Loop"],"picked":"Reinforced Body","floor":11.0},{"not_picked":["Aggregate","Leap"],"picked":"Go for the Eyes","floor":12.0},{"not_picked":["Buffer","Biased Cognition"],"picked":"Echo Form","floor":16.0},{"not_picked":["Redo","Cold Snap"],"picked":"Coolheaded","floor":18.0},{"not_picked":["Recycle","Reinforced Body"],"picked":"Hologram+1","floor":19.0},{"not_picked":["Scrape+1","Leap"],"picked":"Chill","floor":21.0},{"not_picked":["Streamline","Aggregate"],"picked":"Gash+1","floor":22.0},{"not_picked":["Self Repair","Electrodynamics"],"picked":"Reprogram","floor":23.0},{"not_picked":["Rebound","Fusion"],"picked":"Compile Driver+1","floor":24.0},{"not_picked":["Chaos","Recycle"],"picked":"BootSequence","floor":27.0},{"not_picked":["Self Repair","Coolheaded"],"picked":"Double Energy","floor":28.0},{"not_picked":["Lockon","Chill"],"picked":"Self Repair","floor":29.0},{"not_picked":["Scrape","Rip and Tear"],"picked":"White Noise+1","floor":30.0},{"not_picked":["Recycle","Redo"],"picked":"Glacier+1","floor":31.0},{"not_picked":["Reprogram","Lockon+1"],"picked":"Steam Power+1","floor":32.0},{"not_picked":["Amplify","Echo Form"],"picked":"Fission","floor":33},{"not_picked":["Doom and Gloom+1","BootSequence+1"],"picked":"Double Energy+1","floor":35},{"not_picked":["Recycle+1","Skim+1"],"picked":"Force Field+1","floor":36},{"not_picked":["Sweeping Beam+1","Go for the Eyes"],"picked":"Streamline+1","floor":37},{"not_picked":["Steam+1","Streamline"],"picked":"Undo+1","floor":41},{"not_picked":["Compile Driver","Leap"],"picked":"Gash+1","floor":44},{"not_picked":["Biased Cognition","Stack+1"],"picked":"Gash+1","floor":46}],"player_experience":171316,"relics_obtained":[{"floor":6.0,"key":"Ornamental Fan"},{"floor":9.0,"key":"Bronze Scales"},{"floor":22.0,"key":"Red Mask"},{"floor":23.0,"key":"Dream Catcher"},{"floor":26.0,"key":"Pen Nib"},{"floor":30.0,"key":"Shovel"},{"floor":41,"key":"FossilizedHelix"},{"floor":45,"key":"Du-Vu Doll"}],"event_choices":[{"cards_removed":["Strike_B"],"damage_healed":0.0,"max_hp_gain":0.0,"max_hp_loss":0.0,"gold_gain":0.0,"event_name":"Golden Wing","player_choice":"Card Removal","floor":2.0,"gold_loss":0.0,"damage_taken":7.0},{"cards_removed":["Strike_B"],"damage_healed":0.0,"max_hp_gain":0.0,"max_hp_loss":0.0,"gold_gain":0.0,"event_name":"Bonfire Elementals","player_choice":"Offered Basic","floor":4.0,"gold_loss":0.0,"damage_taken":0.0},{"damage_healed":0.0,"max_hp_gain":0.0,"max_hp_loss":0.0,"gold_gain":0.0,"event_name":"The Woman in Blue","player_choice":"Bought 0 Potions","floor":14.0,"gold_loss":0.0,"damage_taken":0.0},{"cards_removed":["Strike_B"],"damage_healed":0.0,"max_hp_gain":0.0,"max_hp_loss":0.0,"gold_gain":0.0,"event_name":"Beggar","player_choice":"Gave Gold","floor":20.0,"gold_loss":75.0,"damage_taken":0.0},{"damage_healed":0.0,"max_hp_gain":0.0,"max_hp_loss":0.0,"gold_gain":0.0,"event_name":"Masked Bandits","player_choice":"Fought Bandits","floor":22.0,"gold_loss":0.0,"damage_taken":0.0},{"damage_healed":0,"gold_gain":222,"player_choice":"Wore Mask","damage_taken":0,"max_hp_gain":0,"max_hp_loss":0,"event_name":"Tomb of Lord Red Mask","floor":39,"gold_loss":0}],"is_beta":false,"boss_relics":[{"not_picked":["Calling Bell","Eternal Feather"],"picked":"Inserter"},{"not_picked":["Runic Dome","Fusion Hammer"],"picked":"White Beast Statue"}],"items_purged_floors":[25],"is_endless":false,"potions_floor_spawned":[3,6,7,16,18,23,27,29,31,35,36,37,41,44,46],"ascension_level":2}