{"gold_per_floor":[117,136,151,161,172,172,192,202,229,203,203,213,213,163,163,263,263,277,290,44,61,61,61,160,171,218,218,133,33,45,58,58,58],"floor_reached":33,"playtime":2036,"items_purged":["Defend_G","Defend_G"],"score":243,"play_id":"d2f2d579-e61b-48de-a193-17321fb1df41","local_time":"20181226230046","is_ascension_mode":false,"campfire_choices":[{"data":"Cloak And Dagger","floor":6,"key":"SMITH"},{"floor":11,"key":"REST"},{"data":"Cloak And Dagger","floor":13,"key":"SMITH"},{"data":"Survivor","floor":15,"key":"SMITH"},{"floor":23,"key":"REST"},{"floor":27,"key":"REST"},{"floor":32,"key":"REST"}],"neow_cost":"NONE","seed_source_timestamp":36060864738800,"circlet_count":0,"master_deck":["Defend_G","Defend_G","Defend_G","Strike_G","Strike_G","Strike_G","Survivor+1","Neutralize","Bane","Cloak And Dagger+1","Deadly Poison","Cloak And Dagger+1","Backflip","Distraction","Bouncing Flask","Dodge and Roll+1","Envenom+1","Slice+1","Footwork","Dark Shackles","Infinite Blades","Bane+1","Dagger Spray","Bouncing Flask+1","Poisoned Stab"],"relics":["Ring of the Snake","Juzu Bracelet","Astrolabe","Bag of Marbles","Gremlin Horn"],"potions_floor_usage":[16,16,16,31,31,33],"damage_taken":[{"damage":0,"enemies":"Jaw Worm","floor":1,"turns":4},{"damage":5,"enemies":"2 Louse","floor":2,"turns":3},{"damage":0,"enemies":"Small Slimes","floor":3,"turns":4},{"damage":17,"enemies":"Exordium Wildlife","floor":4,"turns":6},{"damage":4,"enemies":"Exordium Thugs","floor":5,"turns":7},{"damage":1,"enemies":"Blue Slaver","floor":7,"turns":5},{"damage":0,"enemies":"3 Louse","floor":8,"turns":4},{"damage":2,"enemies":"2 Fungi Beasts","floor":12,"turns":5},{"damage":49,"enemies":"Slime Boss","floor":16,"turns":17},{"damage":20,"enemies":"Spheric Guardian","floor":18,"turns":8},{"damage":0,"enemies":"Chosen","floor":19,"turns":5},{"damage":49,"enemies":"3 Cultists","floor":21,"turns":10},{"damage":4,"enemies":"Shelled Parasite and Fungi","floor":25,"turns":9},{"damage":9,"enemies":"Snake Plant","floor":30,"turns":3},{"damage":12,"enemies":"Chosen and Byrds","floor":31,"turns":7},{"damage":51,"enemies":"Collector","floor":33,"turns":6}],"seed_played":"-1381191043105120685","potions_obtained":[{"floor":3,"key":"Swift Potion"},{"floor":5,"key":"Weak Potion"},{"floor":8,"key":"SpeedPotion"},{"floor":12,"key":"EssenceOfSteel"},{"floor":19,"key":"Dexterity Potion"},{"floor":21,"key":"SpeedPotion"},{"floor":30,"key":"Dexterity Potion"}],"is_trial":false,"path_per_floor":["M","M","M","M","M","R","M","M","T","?","R","M","R","?","R","B",null,"M","M","$","M","?","R","?","M","T","R","?","$","M","M","R","B"],"character_chosen":"THE_SILENT","items_purchased":["Dark Shackles","Infinite Blades"],"campfire_rested":4,"item_purchase_floors":[20,20],"current_hp_per_floor":[70,65,65,48,44,44,43,43,43,43,64,62,62,62,62,13,70,50,50,50,1,1,22,22,18,18,39,39,39,30,18,39,0],"gold":58,"neow_bonus":"ONE_RANDOM_RARE_CARD","is_prod":false,"is_daily":false,"chose_seed":false,"campfire_upgraded":3,"win_rate":0.0,"timestamp":1545861646,"path_taken":["M","M","M","M","M","R","M","M","T","?","R","M","R","?","R","BOSS","M","M","$","M","?","R","?","M","T","R","?","$","M","M","R","BOSS"],"build_version":"2018-12-20","purchased_purges":2,"victory":false,"max_hp_per_floor":[70,70,70,70,70,70,70,70,70,70,70,70,70,70,70,70,70,70,70,70,70,70,70,70,70,70,70,70,70,70,70,70,70],"card_choices":[{"not_picked":["Sucker Punch","Choke"],"picked":"Bane","floor":1},{"not_picked":["Heel Hook","All Out Attack"],"picked":"Cloak And Dagger","floor":2},{"not_picked":["Backflip","Bane"],"picked":"Deadly Poison","floor":3},{"not_picked":["Distraction","Blade Dance"],"picked":"Cloak And Dagger","floor":4},{"not_picked":["Underhanded Strike","Dagger Spray"],"picked":"Backflip","floor":5},{"not_picked":["Riddle With Holes","Acrobatics","Choke"],"picked":"SKIP","floor":7},{"not_picked":["Bouncing Flask","Choke"],"picked":"Distraction","floor":8},{"not_picked":["Endless Agony","Crippling Poison"],"picked":"Bouncing Flask","floor":12},{"not_picked":["Doppelganger","Corpse Explosion"],"picked":"Wraith Form v2","floor":16},{"not_picked":["Distraction","Eviscerate","Underhanded Strike"],"picked":"SKIP","floor":18},{"not_picked":["Dagger Throw","Flechettes+1"],"picked":"Footwork","floor":19},{"not_picked":["Flying Knee","Expertise"],"picked":"Bane+1","floor":21},{"not_picked":["Sucker Punch","Acrobatics"],"picked":"Dagger Spray","floor":25},{"not_picked":["Backflip","Slice+1"],"picked":"Bouncing Flask+1","floor":30},{"not_picked":["Heel Hook","Acrobatics"],"picked":"Poisoned Stab","floor":31}],"player_experience":51482,"relics_obtained":[{"floor":9,"key":"Juzu Bracelet"},{"floor":26,"key":"Bag of Marbles"}],"event_choices":[{"damage_healed":0,"gold_gain":0,"player_choice":"Left Gold","damage_taken":0,"max_hp_gain":0,"max_hp_loss":0,"event_name":"World of Goop","floor":10,"gold_loss":26},{"cards_removed":["Phantasmal Killer"],"damage_healed":0,"gold_gain":0,"player_choice":"Card Removal","damage_taken":0,"max_hp_gain":0,"max_hp_loss":0,"event_name":"The Cleric","floor":14,"gold_loss":50},{"damage_healed":0,"gold_gain":0,"player_choice":"Ignored","damage_taken":0,"max_hp_gain":0,"max_hp_loss":0,"event_name":"Ghosts","floor":22,"gold_loss":0},{"damage_healed":0,"gold_gain":99,"player_choice":"Stole From Cult","damage_taken":0,"max_hp_gain":0,"max_hp_loss":0,"event_name":"Nest","floor":24,"gold_loss":0},{"damage_healed":0,"gold_gain":0,"player_choice":"Obtained Relic","damage_taken":0,"relics_obtained":["Gremlin Horn"],"max_hp_gain":0,"max_hp_loss":0,"event_name":"Addict","floor":28,"gold_loss":85}],"is_beta":false,"boss_relics":[{"not_picked":["Orrery","Runic Dome"],"picked":"Astrolabe"}],"items_purged_floors":[20,29],"is_endless":false,"potions_floor_spawned":[3,5,8,12,19,21,30],"killed_by":"Collector","ascension_level":0}