{"gold_per_floor":[110,90,104,120,172,197,197,225,225,225,255,255,269,294,294,369,369,385,655,665,205,205,205,218,253,253,253,288,338,338,358,358,431,431,444,457,182,1181,1196,1196,1222,1222,1246,1263,1263,1263,1294,1294,1294,1294,1294,1294,946,976,976],"floor_reached":56,"playtime":3241,"items_purged":["Strike_B+1","Rip and Tear"],"score":2108,"play_id":"3eaa9d60-276e-4de8-b45a-822b7ad34367","local_time":"20190713001818","is_ascension_mode":true,"campfire_choices":[{"data":"Zap","floor":7,"key":"SMITH"},{"floor":10,"key":"REST"},{"floor":15,"key":"REST"},{"floor":23,"key":"REST"},{"data":"Reprogram","floor":30,"key":"SMITH"},{"data":"Capacitor","floor":32,"key":"SMITH"},{"floor":40,"key":"RECALL"},{"data":"Parasite","floor":42,"key":"PURGE"},{"data":"Creative AI","floor":49,"key":"SMITH"},{"data":"hubris:PowerSurge","floor":52,"key":"SMITH"}],"neow_cost":"PERCENT_DAMAGE","seed_source_timestamp":192636047538750,"circlet_count":0,"master_deck":["AscendersBane","Zap+1","Cold Snap","hubris:PowerSurge","Hologram","Ball Lightning","Capacitor+1","Defragment+1","Auto Shields","Electrodynamics","Conserve Battery+1","Coolheaded","hubris:PowerSurge+1","Chill","Coolheaded","Reprogram+1","Creative AI+1","hubris:Prefetch","BootSequence","Reprogram","Hologram","Steam","Capacitor","Sweeping Beam+1","Apotheosis","Defragment+1","Defragment","Undo"],"relics":["Cracked Core","Peace Pipe","Omamori","Happy Flower","Pocketwatch","Gremlin Horn","Whetstone","Cables","hubris:RunicObelisk","Membership Card","War Paint","Juzu Bracelet","hubris:FunFungus","hubris:BundleOfHerbs","Pen Nib","Pandora\u0027s Box","DollysMirror","Tiny Chest","PreservedInsect","Centennial Puzzle","hubris:HerbalPaste","Bottled Flame","Bronze Scales","Bag of Preparation"],"potions_floor_usage":[6,6,11,16,33,41,55,55],"damage_taken":[{"damage":4,"enemies":"2 Louse","floor":1,"turns":2},{"damage":0,"enemies":"Cultist","floor":3,"turns":3},{"damage":0,"enemies":"Small Slimes","floor":4,"turns":2},{"damage":6,"enemies":"Gremlin Nob","floor":6,"turns":3},{"damage":22,"enemies":"3 Sentries","floor":8,"turns":10},{"damage":7,"enemies":"Gremlin Nob","floor":11,"turns":3},{"damage":7,"enemies":"Exordium Thugs","floor":13,"turns":3},{"damage":19,"enemies":"Lagavulin","floor":14,"turns":5},{"damage":0,"enemies":"The Guardian","floor":16,"turns":10},{"damage":0,"enemies":"3 Byrds","floor":18,"turns":3},{"damage":0,"enemies":"Spheric Guardian","floor":20,"turns":3},{"damage":0,"enemies":"Snecko","floor":24,"turns":3},{"damage":0,"enemies":"Book of Stabbing","floor":25,"turns":5},{"damage":9,"enemies":"Gremlin Leader","floor":28,"turns":4},{"damage":4,"enemies":"Chosen and Byrds","floor":31,"turns":5},{"damage":18,"enemies":"Champ","floor":33,"turns":12},{"damage":0,"enemies":"3 Darklings","floor":35,"turns":4},{"damage":0,"enemies":"Orb Walker","floor":36,"turns":4},{"damage":0,"enemies":"Writhing Mass","floor":39,"turns":6},{"damage":8,"enemies":"Reptomancer","floor":41,"turns":6},{"damage":0,"enemies":"Sphere and 2 Shapes","floor":44,"turns":5},{"damage":1,"enemies":"Giant Head","floor":47,"turns":6},{"damage":20,"enemies":"Donu and Deca","floor":50,"turns":8},{"damage":41,"enemies":"Shield and Spear","floor":54,"turns":6},{"damage":122,"enemies":"The Heart","floor":55,"turns":9}],"seed_played":"-1062669840959929682","potions_obtained":[{"floor":1,"key":"Block Potion"},{"floor":2,"key":"Explosive Potion"},{"floor":4,"key":"AttackPotion"},{"floor":8,"key":"SkillPotion"},{"floor":14,"key":"Regen Potion"},{"floor":25,"key":"FocusPotion"},{"floor":28,"key":"Ancient Potion"},{"floor":39,"key":"Energy Potion"},{"floor":41,"key":"GamblersBrew"}],"is_trial":false,"path_per_floor":["M","?","M","M","T","E","R","E","T","R","E","?","M","E","R","B",null,"M","?","M","$","?","R","M","E","T","?","E","?","R","M","R","B",null,"M","M","$","?","M","R","E","R","T","M","?","?","E","T","R","B",null,"R","$","E","B",null],"character_chosen":"DEFECT","items_purchased":["Membership Card","hubris:PowerSurge","Chill","War Paint","Juzu Bracelet","Apotheosis","DollysMirror","Tiny Chest","Defragment","hubris:HerbalPaste","Bottled Flame","Bronze Scales"],"campfire_rested":3,"item_purchase_floors":[21,21,21,21,21,37,37,37,37,53,53,53],"current_hp_per_floor":[42,42,42,42,42,36,36,14,14,35,28,28,21,2,23,38,63,63,35,35,35,35,56,56,56,56,56,50,50,50,52,52,55,67,71,71,71,71,71,71,69,68,68,68,68,68,67,67,67,56,65,65,65,33,43],"gold":976,"neow_bonus":"ONE_RARE_RELIC","is_prod":false,"is_daily":false,"chose_seed":false,"campfire_upgraded":5,"win_rate":0,"timestamp":1562991498,"path_taken":["M","?","M","?","?","E","R","E","T","R","E","?","?","E","R","BOSS","M","?","M","$","?","R","M","E","T","?","E","?","R","M","R","BOSS","M","M","$","?","M","R","E","R","T","M","?","?","E","?","R","BOSS","R","$","E","BOSS"],"build_version":"2019-07-05","purchased_purges":2,"victory":true,"max_hp_per_floor":[71,71,71,71,71,71,71,71,71,71,71,71,71,71,71,71,71,71,71,71,71,71,71,71,71,71,71,71,71,71,71,71,71,71,71,71,71,71,71,71,71,68,68,68,68,68,68,68,68,68,68,68,68,68,68],"card_choices":[{"not_picked":["Recycle","Undo"],"picked":"Cold Snap","floor":1},{"not_picked":["Aggregate","Cold Snap"],"picked":"hubris:PowerSurge","floor":3},{"not_picked":["Beam Cell","Melter"],"picked":"Hologram","floor":4},{"not_picked":["Turbo","Sunder"],"picked":"Ball Lightning","floor":6},{"not_picked":["Force Field","Compile Driver"],"picked":"Capacitor","floor":8},{"not_picked":["Capacitor","Conserve Battery"],"picked":"Defragment","floor":11},{"not_picked":["Redo","Steam Power"],"picked":"Auto Shields","floor":13},{"not_picked":["Storm","Double Energy","Rebound"],"picked":"SKIP","floor":14},{"not_picked":["Meteor Strike","Core Surge"],"picked":"Electrodynamics","floor":16},{"not_picked":["Blizzard","Go for the Eyes"],"picked":"Conserve Battery+1","floor":18},{"not_picked":["Compile Driver","Redo"],"picked":"Coolheaded","floor":20},{"not_picked":["Compile Driver","Barrage"],"picked":"Coolheaded","floor":24},{"not_picked":["Hello World","Rebound","Redo"],"picked":"SKIP","floor":25},{"not_picked":["Multi-Cast","Ball Lightning"],"picked":"Reprogram","floor":28},{"not_picked":["BootSequence","Stack","Cold Snap"],"picked":"SKIP","floor":31},{"not_picked":["Multi-Cast","Hyperbeam"],"picked":"Creative AI","floor":33},{"not_picked":["Barrage","Rebound","Compile Driver"],"picked":"SKIP","floor":35},{"not_picked":["FTL","Turbo"],"picked":"Sweeping Beam+1","floor":36},{"not_picked":["Turbo","Hologram","Rebound+1"],"picked":"SKIP","floor":39},{"not_picked":["Stack","Fission","hubris:PowerSurge"],"picked":"SKIP","floor":41},{"not_picked":["Rip and Tear","Blizzard","Redo"],"picked":"SKIP","floor":44},{"not_picked":["Rebound+1","Redo"],"picked":"Undo","floor":47},{"not_picked":["Compile Driver","Steam","Multi-Cast"],"picked":"SKIP","floor":54}],"player_experience":2565871,"relics_obtained":[{"floor":5,"key":"Omamori"},{"floor":6,"key":"Happy Flower"},{"floor":8,"key":"Pocketwatch"},{"floor":9,"key":"Gremlin Horn"},{"floor":11,"key":"Whetstone"},{"floor":14,"key":"Cables"},{"floor":25,"key":"hubris:FunFungus"},{"floor":26,"key":"hubris:BundleOfHerbs"},{"floor":28,"key":"Pen Nib"},{"floor":41,"key":"PreservedInsect"},{"floor":47,"key":"Centennial Puzzle"},{"floor":54,"key":"Bag of Preparation"}],"event_choices":[{"damage_healed":0,"gold_gain":0,"player_choice":"Bought 1 Potion","damage_taken":0,"max_hp_gain":0,"max_hp_loss":0,"event_name":"The Woman in Blue","floor":2,"gold_loss":0},{"damage_healed":0,"gold_gain":0,"player_choice":"Upgraded","damage_taken":0,"max_hp_gain":0,"max_hp_loss":0,"event_name":"Upgrade Shrine","floor":12,"gold_loss":0,"cards_upgraded":["Defragment"]},{"damage_healed":0,"gold_gain":270,"player_choice":"GOLD GOLD GOLD ","damage_taken":28,"max_hp_gain":0,"max_hp_loss":0,"event_name":"Knowing Skull","floor":19,"potions_obtained":[],"gold_loss":0,"cards_obtained":[]},{"damage_healed":0,"gold_gain":0,"player_choice":"Ignored","damage_taken":0,"max_hp_gain":0,"max_hp_loss":0,"event_name":"Vampires","floor":22,"gold_loss":0},{"damage_healed":0,"gold_gain":0,"player_choice":"Ignored","damage_taken":0,"max_hp_gain":0,"max_hp_loss":0,"event_name":"Ghosts","floor":27,"gold_loss":0},{"damage_healed":0,"gold_gain":50,"player_choice":"Pray","damage_taken":0,"max_hp_gain":0,"max_hp_loss":0,"event_name":"Golden Shrine","floor":29,"gold_loss":0},{"damage_healed":0,"gold_gain":999,"player_choice":"Gold","damage_taken":0,"max_hp_gain":0,"max_hp_loss":0,"event_name":"MindBloom","floor":38,"gold_loss":0,"cards_obtained":["Normality","Normality"]},{"cards_removed":["Dualcast"],"damage_healed":0,"gold_gain":0,"player_choice":"Removed Skill","damage_taken":0,"max_hp_gain":0,"max_hp_loss":0,"event_name":"Falling","floor":45,"gold_loss":0},{"damage_healed":0,"gold_gain":0,"player_choice":"Ignored","damage_taken":0,"max_hp_gain":0,"max_hp_loss":0,"event_name":"Tomb of Lord Red Mask","floor":46,"gold_loss":0}],"is_beta":false,"boss_relics":[{"not_picked":["hubris:Stopwatch","Philosopher\u0027s Stone"],"picked":"hubris:RunicObelisk"},{"not_picked":["Busted Crown","Nuclear Battery"],"picked":"Pandora\u0027s Box"}],"items_purged_floors":[21,53],"is_endless":false,"potions_floor_spawned":[1,3,4,8,14,25,28,31,39,41],"ascension_level":15}