{"gold_per_floor":[213,26,26,40,40,74,98,98,151,151,170,211,176,227,227,346,346,361,380,380,390,400,400,417,448,448,448,462,462,472,191,191,292,292,303,47,47,47,57,68,82,82,160,160,160,160,160,174,174,174],"floor_reached":51,"playtime":4949,"items_purged":["Strike_G","Clumsy","Writhe"],"score":652,"play_id":"97cf5a16-1278-4d41-b5d4-259437b552e0","local_time":"20190825222519","is_ascension_mode":false,"campfire_choices":[{"floor":8,"key":"REST"},{"data":"Leg Sweep","floor":10,"key":"SMITH"},{"floor":15,"key":"REST"},{"floor":23,"key":"REST"},{"floor":29,"key":"REST"},{"data":"Blur","floor":32,"key":"SMITH"},{"data":"Envenom","floor":42,"key":"SMITH"},{"data":"Noxious Fumes","floor":45,"key":"SMITH"},{"floor":49,"key":"REST"}],"neow_cost":"NONE","seed_source_timestamp":379601722065500,"circlet_count":0,"master_deck":["Strike_G","Strike_G","Strike_G+1","Defend_G","Defend_G","Defend_G","Defend_G","Defend_G","Survivor","Neutralize","Calculated Gamble+1","Noxious Fumes+1","Predator+1","Poisoned Stab","Leg Sweep+1","Poisoned Stab","Envenom+1","Predator+1","Blur+1","Blur+1","Catalyst+1","Flechettes","Poisoned Stab+1","Backstab+1","Escape Plan+1","Well Laid Plans+1","Dash+1","Burst+1","Dramatic Entrance+1","Catalyst+1","Writhe","Parasite","Bullet Time+1"],"relics":["Ring of the Serpent","Whetstone","Centennial Puzzle","Mummified Hand","Potion Belt","Cursed Key","Nloth\u0027s Gift","Bronze Scales","Molten Egg 2","Toxic Egg 2","Bottled Tornado","Dodecahedron"],"potions_floor_usage":[28,28,33,50,50,50,50,50,50,50],"damage_taken":[{"damage":2,"enemies":"Jaw Worm","floor":1,"turns":5},{"damage":0,"enemies":"Small Slimes","floor":4,"turns":4},{"damage":20,"enemies":"Lagavulin","floor":6,"turns":7},{"damage":0,"enemies":"2 Louse","floor":7,"turns":2},{"damage":2,"enemies":"Large Slime","floor":11,"turns":5},{"damage":31,"enemies":"Gremlin Nob","floor":12,"turns":5},{"damage":36,"enemies":"Hexaghost","floor":16,"turns":11},{"damage":0,"enemies":"Chosen","floor":18,"turns":4},{"damage":5,"enemies":"2 Thieves","floor":19,"turns":3},{"damage":9,"enemies":"Centurion and Healer","floor":21,"turns":7},{"damage":20,"enemies":"Sentry and Sphere","floor":22,"turns":7},{"damage":0,"enemies":"Snecko","floor":24,"turns":5},{"damage":22,"enemies":"Gremlin Leader","floor":25,"turns":6},{"damage":0,"enemies":"Snake Plant","floor":28,"turns":4},{"damage":17,"enemies":"3 Cultists","floor":30,"turns":5},{"damage":18,"enemies":"Automaton","floor":33,"turns":7},{"damage":6,"enemies":"3 Shapes","floor":35,"turns":5},{"damage":0,"enemies":"Orb Walker","floor":39,"turns":4},{"damage":10,"enemies":"Writhing Mass","floor":40,"turns":4},{"damage":0,"enemies":"Maw","floor":41,"turns":4},{"damage":20,"enemies":"4 Shapes","floor":48,"turns":4},{"damage":33,"enemies":"Donu and Deca","floor":50,"turns":6}],"seed_played":"-8169862071603198022","potions_obtained":[{"floor":7,"key":"GhostInAJar"},{"floor":11,"key":"Regen Potion"},{"floor":16,"key":"FearPotion"},{"floor":18,"key":"Dexterity Potion"},{"floor":25,"key":"SkillPotion"},{"floor":30,"key":"SteroidPotion"},{"floor":33,"key":"EntropicBrew"}],"is_trial":false,"path_per_floor":["M","$","?","M","?","E","M","R","T","R","M","E","?","T","R","B",null,"M","M","?","M","M","R","M","E","T","?","M","R","M","$","R","B",null,"M","$","?","?","M","M","M","R","T","?","R","?","T","M","R","B",null],"character_chosen":"THE_SILENT","items_purchased":["Noxious Fumes","Predator","Escape Plan+1","Well Laid Plans","Dash+1","Dramatic Entrance+1","PowerPotion"],"campfire_rested":5,"item_purchase_floors":[2,2,31,31,31,36,36],"current_hp_per_floor":[68,68,51,51,51,31,31,52,52,52,50,19,36,36,57,21,70,70,65,65,56,36,57,57,35,35,35,49,70,53,53,53,35,70,64,64,64,64,64,54,54,54,54,54,54,54,54,34,53,20],"gold":174,"neow_bonus":"HUNDRED_GOLD","is_prod":false,"is_daily":false,"chose_seed":false,"campfire_upgraded":4,"win_rate":0.0,"timestamp":1566768319,"path_taken":["M","$","?","M","?","E","M","R","T","R","M","E","?","?","R","BOSS","M","M","?","?","M","R","M","E","T","?","M","R","M","$","R","BOSS","M","$","?","?","?","M","M","R","T","?","R","?","?","M","R","BOSS"],"build_version":"2019-07-17","purchased_purges":3,"victory":true,"max_hp_per_floor":[70,70,70,70,70,70,70,70,70,70,70,70,70,70,70,70,70,70,70,70,70,70,70,70,70,70,70,70,70,70,70,70,70,70,70,70,66,66,66,66,66,66,66,66,66,66,66,66,66,66],"card_choices":[{"not_picked":["Sucker Punch","Prepared"],"picked":"Calculated Gamble","floor":1},{"not_picked":["Deflect","Prepared"],"picked":"Poisoned Stab","floor":4},{"not_picked":["Dagger Throw","Terror"],"picked":"Leg Sweep","floor":6},{"not_picked":["Quick Slash","Blade Dance","Flying Knee"],"picked":"SKIP","floor":7},{"not_picked":["Acrobatics","Caltrops","Heel Hook"],"picked":"SKIP","floor":11},{"not_picked":["Expertise","Riddle With Holes"],"picked":"Poisoned Stab","floor":12},{"not_picked":["Adrenaline","A Thousand Cuts"],"picked":"Envenom","floor":16},{"not_picked":["Sucker Punch","Endless Agony"],"picked":"Predator+1","floor":18},{"not_picked":["Underhanded Strike","Flying Knee"],"picked":"Blur","floor":19},{"not_picked":["Slice","Outmaneuver"],"picked":"Blur+1","floor":21},{"not_picked":["Poisoned Stab","A Thousand Cuts"],"picked":"Catalyst+1","floor":22},{"not_picked":["Sucker Punch","Dagger Spray+1"],"picked":"Flechettes","floor":24},{"not_picked":["Wraith Form v2","A Thousand Cuts","Underhanded Strike+1"],"picked":"SKIP","floor":25},{"not_picked":["Masterful Stab+1","Underhanded Strike+1"],"picked":"Poisoned Stab+1","floor":28},{"not_picked":["Acrobatics+1","Prepared+1"],"picked":"Backstab+1","floor":30},{"not_picked":["Bullet Time+1","Phantasmal Killer+1"],"picked":"Burst+1","floor":33},{"not_picked":["Slice+1","Well Laid Plans","Prepared+1"],"picked":"SKIP","floor":35},{"not_picked":["Slice+1","After Image","Terror+1"],"picked":"SKIP","floor":39},{"not_picked":["PiercingWail+1","Dagger Spray+1"],"picked":"Catalyst+1","floor":40},{"not_picked":["Caltrops+1","Leg Sweep+1","Slice+1"],"picked":"SKIP","floor":41},{"not_picked":["Quick Slash+1","Underhanded Strike+1"],"picked":"Bullet Time+1","floor":48}],"player_experience":27849,"relics_obtained":[{"floor":6,"key":"Whetstone"},{"floor":9,"key":"Centennial Puzzle"},{"floor":12,"key":"Mummified Hand"},{"floor":14,"key":"Potion Belt"},{"floor":25,"key":"Bronze Scales"},{"floor":26,"key":"Molten Egg 2"},{"floor":43,"key":"Bottled Tornado"},{"floor":47,"key":"Dodecahedron"}],"event_choices":[{"damage_healed":0,"gold_gain":0,"player_choice":"Take Damage","damage_taken":17,"relics_obtained":["Golden Idol"],"max_hp_gain":0,"max_hp_loss":0,"event_name":"Golden Idol","floor":3,"gold_loss":0},{"damage_healed":0,"gold_gain":0,"player_choice":"Grow","damage_taken":0,"max_hp_gain":0,"max_hp_loss":0,"event_name":"Living Wall","floor":5,"gold_loss":0,"cards_upgraded":["Calculated Gamble"]},{"damage_healed":17,"gold_gain":0,"player_choice":"Healed","damage_taken":0,"max_hp_gain":0,"max_hp_loss":0,"event_name":"The Cleric","floor":13,"gold_loss":35},{"damage_healed":0,"gold_gain":0,"player_choice":"Traded Relic","damage_taken":0,"relics_obtained":["Nloth\u0027s Gift"],"max_hp_gain":0,"max_hp_loss":0,"event_name":"N\u0027loth","floor":20,"relics_lost":["Golden Idol"],"gold_loss":0},{"damage_healed":0,"gold_gain":0,"player_choice":"Opened","damage_taken":0,"relics_obtained":["Toxic Egg 2"],"max_hp_gain":0,"max_hp_loss":0,"event_name":"The Mausoleum","floor":27,"gold_loss":0,"cards_obtained":["Writhe"]},{"damage_healed":0,"gold_gain":0,"player_choice":"Max HP","damage_taken":0,"max_hp_gain":0,"max_hp_loss":4,"event_name":"Winding Halls","floor":37,"gold_loss":0},{"damage_healed":0,"gold_gain":0,"player_choice":"Forge","damage_taken":0,"max_hp_gain":0,"max_hp_loss":0,"event_name":"Accursed Blacksmith","floor":38,"gold_loss":0,"cards_upgraded":["Well Laid Plans"]},{"damage_healed":0,"gold_gain":0,"player_choice":"Ignored","damage_taken":0,"max_hp_gain":0,"max_hp_loss":0,"event_name":"Mysterious Sphere","floor":44,"gold_loss":0},{"cards_removed":["Strike_G"],"damage_healed":0,"gold_gain":0,"player_choice":"Removed Attack","damage_taken":0,"max_hp_gain":0,"max_hp_loss":0,"event_name":"Falling","floor":46,"gold_loss":0}],"is_beta":false,"boss_relics":[{"not_picked":["Eternal Feather","Astrolabe"],"picked":"Cursed Key"},{"not_picked":["Runic Dome","Snecko Eye"],"picked":"Ring of the Serpent"}],"items_purged_floors":[2,31,36],"is_endless":false,"potions_floor_spawned":[7,11,16,18,25,30,33,39,40],"ascension_level":0}