{"gold_per_floor":[39,39,76,135,60,60,115,115,115,156,31,70,99,174,174,304,304,321,333,376,401],"floor_reached":21,"playtime":1673,"items_purged":["Strike_R","Strike_R"],"score":266,"play_id":"60d48888-62b0-424b-a411-9102787ff07b","local_time":"20190823234058","is_ascension_mode":false,"campfire_choices":[{"data":"HandOfGreed","floor":6,"key":"SMITH"},{"data":"Magnetism","floor":8,"key":"SMITH"},{"data":"Cleave","floor":15,"key":"SMITH"}],"neow_cost":"NO_GOLD","seed_source_timestamp":502786048375100,"circlet_count":0,"master_deck":["Strike_R","Strike_R","Strike_R","Defend_R","Defend_R","Defend_R","Defend_R","Bash","HandOfGreed+1","Magnetism+1","Shrug It Off","Armaments","Thunderclap","Twin Strike","Shrug It Off","Anger","Infernal Blade","Cleave+1","Feed","Pommel Strike","Sentinel"],"relics":["Burning Blood","Paper Frog","Pocketwatch","Dodecahedron","Kunai","Runic Pyramid"],"potions_floor_usage":[13,16,19,20,21],"damage_taken":[{"damage":6,"enemies":"Cultist","floor":1,"turns":4},{"damage":6,"enemies":"Jaw Worm","floor":3,"turns":2},{"damage":0,"enemies":"2 Louse","floor":4,"turns":4},{"damage":2,"enemies":"Lagavulin","floor":7,"turns":5},{"damage":2,"enemies":"2 Fungi Beasts","floor":10,"turns":3},{"damage":0,"enemies":"Exordium Wildlife","floor":12,"turns":2},{"damage":0,"enemies":"Gremlin Nob","floor":13,"turns":3},{"damage":0,"enemies":"Slime Boss","floor":16,"turns":5},{"damage":0,"enemies":"Shell Parasite","floor":18,"turns":6},{"damage":34,"enemies":"Spheric Guardian","floor":19,"turns":6},{"damage":43,"enemies":"Chosen and Byrds","floor":20,"turns":7},{"damage":34,"enemies":"3 Cultists","floor":21,"turns":5}],"seed_played":"-6092736386944925268","potions_obtained":[{"floor":1,"key":"FearPotion"},{"floor":10,"key":"LiquidBronze"},{"floor":12,"key":"Fire Potion"},{"floor":16,"key":"EssenceOfSteel"},{"floor":20,"key":"SpeedPotion"}],"is_trial":false,"path_per_floor":["M","T","M","M","$","R","E","R","T","M","$","M","E","?","R","B",null,"M","M","M","M"],"character_chosen":"IRONCLAD","items_purchased":["Anger"],"campfire_rested":0,"item_purchase_floors":[11],"current_hp_per_floor":[80,80,80,80,80,80,80,80,80,80,80,80,80,69,69,75,80,83,58,24,0],"gold":401,"neow_bonus":"RANDOM_COLORLESS_2","is_prod":false,"is_daily":false,"chose_seed":false,"campfire_upgraded":3,"win_rate":0,"timestamp":1566600058,"path_taken":["M","?","?","M","?","R","E","R","T","M","$","M","E","?","R","BOSS","M","M","M","M"],"build_version":"2019-07-17","purchased_purges":2,"victory":false,"max_hp_per_floor":[80,80,80,80,80,80,80,80,80,80,80,80,80,80,80,80,80,83,86,89,89],"card_choices":[{"not_picked":["True Grit","Perfected Strike"],"picked":"Shrug It Off","floor":1},{"not_picked":["Perfected Strike","Wild Strike"],"picked":"Armaments","floor":3},{"not_picked":["Feel No Pain","Headbutt"],"picked":"Thunderclap","floor":4},{"not_picked":["Disarm","Clash"],"picked":"Twin Strike","floor":7},{"not_picked":["Feel No Pain","Havoc"],"picked":"Shrug It Off","floor":10},{"not_picked":["Fiend Fire","Carnage"],"picked":"Infernal Blade","floor":12},{"not_picked":["Dark Embrace","Dropkick"],"picked":"Cleave","floor":13},{"not_picked":["Impervious","Immolate"],"picked":"Feed","floor":16},{"not_picked":["Clash","Hemokinesis"],"picked":"Pommel Strike","floor":18},{"not_picked":["Headbutt","Heavy Blade","Sword Boomerang"],"picked":"SKIP","floor":19},{"not_picked":["Clothesline","Hemokinesis+1"],"picked":"Sentinel","floor":20}],"player_experience":53275,"relics_obtained":[{"floor":2,"key":"Paper Frog"},{"floor":7,"key":"Pocketwatch"},{"floor":9,"key":"Dodecahedron"},{"floor":13,"key":"Kunai"}],"event_choices":[{"damage_healed":0,"gold_gain":75,"player_choice":"Gather Gold","damage_taken":11,"max_hp_gain":0,"max_hp_loss":0,"event_name":"World of Goop","floor":14,"gold_loss":0}],"is_beta":false,"boss_relics":[{"not_picked":["Runic Dome","Tiny House"],"picked":"Runic Pyramid"}],"items_purged_floors":[5,11],"is_endless":false,"potions_floor_spawned":[1,10,12,16,20],"killed_by":"3 Cultists","ascension_level":0}