{"gold_per_floor":[109,109,109,122,47,47,67,102,102,114,264,15,31,57,57,131,131,143,143,143,143,193,193,221,221,221,235,253,253,263,291,291,364,364,378,378,378,302,302,333,333,364,437,437,469,469,494,511,511,511,511,511,113,146,146],"floor_reached":55,"playtime":2162,"items_purged":["Strike_R","Doubt"],"score":1454,"play_id":"3cb00953-2a09-4708-a917-e6e8e34aa781","local_time":"20190708000847","is_ascension_mode":true,"campfire_choices":[{"data":"Bash","floor":6.0,"key":"SMITH"},{"data":"Twin Strike","floor":15.0,"key":"SMITH"},{"data":"True Grit","floor":23.0,"key":"SMITH"},{"floor":25.0,"key":"REST"},{"data":"Limit Break","floor":29.0,"key":"SMITH"},{"data":"Spot Weakness","floor":32.0,"key":"SMITH"},{"floor":44.0,"key":"REST"},{"floor":46.0,"key":"RECALL"},{"data":"Battle Trance","floor":49,"key":"SMITH"},{"data":"Offering","floor":52,"key":"SMITH"}],"neow_cost":"NONE","seed_source_timestamp":265154234927704,"circlet_count":0,"master_deck":["AscendersBane","Strike_R+1","Strike_R+1","Strike_R+1","Defend_R+1","Defend_R+1","Defend_R+1","Defend_R+1","Bash+1","Twin Strike+1","Clothesline+1","Hemokinesis+1","True Grit+1","Limit Break+1","Immolate+1","Impervious","Headbutt+1","Flex+1","Spot Weakness+1","Reaper+1","Limit Break+1","Battle Trance+1","Burning Pact","Offering+1"],"special_seed":0,"relics":["Burning Blood","Molten Egg 2","Singing Bowl","Oddly Smooth Stone","Anchor","Dream Catcher","Velvet Choker","Mummified Hand","WingedGreaves","Juzu Bracelet","Black Star","Letter Opener","Bottled Flame","Unceasing Top","Dodecahedron","Mercury Hourglass","Gremlin Horn","Bird Faced Urn","Mango","Whetstone","Brimstone","Bag of Preparation","Blood Vial","Kunai"],"potions_floor_usage":[47,55,55],"damage_taken":[{"damage":0.0,"enemies":"2 Louse","floor":1.0,"turns":4.0},{"damage":2.0,"enemies":"Small Slimes","floor":4.0,"turns":3.0},{"damage":4.0,"enemies":"Jaw Worm","floor":7.0,"turns":3.0},{"damage":17.0,"enemies":"Gremlin Nob","floor":8.0,"turns":4.0},{"damage":10.0,"enemies":"Lots of Slimes","floor":10.0,"turns":4.0},{"damage":2.0,"enemies":"2 Fungi Beasts","floor":13.0,"turns":2.0},{"damage":15.0,"enemies":"3 Sentries","floor":14.0,"turns":8.0},{"damage":48.0,"enemies":"Hexaghost","floor":16.0,"turns":10.0},{"damage":7.0,"enemies":"Shell Parasite","floor":18.0,"turns":4.0},{"damage":25.0,"enemies":"Slavers","floor":24.0,"turns":7.0},{"damage":6.0,"enemies":"3 Byrds","floor":27.0,"turns":5.0},{"damage":3.0,"enemies":"3 Cultists","floor":28.0,"turns":4.0},{"damage":0.0,"enemies":"Snecko","floor":30.0,"turns":4.0},{"damage":8.0,"enemies":"Gremlin Leader","floor":31.0,"turns":6.0},{"damage":74.0,"enemies":"Collector","floor":33.0,"turns":10.0},{"damage":20.0,"enemies":"3 Shapes","floor":35.0,"turns":5.0},{"damage":68.0,"enemies":"Giant Head","floor":40.0,"turns":8.0},{"damage":58.0,"enemies":"Nemesis","floor":42.0,"turns":9.0},{"damage":61.0,"enemies":"Reptomancer","floor":45.0,"turns":7.0},{"damage":3,"enemies":"Giant Head","floor":47,"turns":5},{"damage":1,"enemies":"Orb Walker","floor":48,"turns":3},{"damage":50,"enemies":"Time Eater","floor":50,"turns":7},{"damage":104,"enemies":"Shield and Spear","floor":54,"turns":6},{"damage":97,"enemies":"The Heart","floor":55,"turns":3}],"seed_played":"-7734958325610859421","potions_obtained":[{"floor":1.0,"key":"BloodPotion"},{"floor":4.0,"key":"Block Potion"},{"floor":10.0,"key":"SneckoOil"},{"floor":16.0,"key":"Energy Potion"},{"floor":24.0,"key":"BloodPotion"},{"floor":27.0,"key":"SkillPotion"},{"floor":30.0,"key":"PowerPotion"},{"floor":35.0,"key":"LiquidBronze"},{"floor":42.0,"key":"SteroidPotion"},{"floor":47,"key":"PowerPotion"}],"is_trial":false,"path_per_floor":["M","?","?","M","$","R","M","E","T","M","?","$","M","E","R","B",null,"M","?","?","?","?","R","E","R","T","M","M","R","M","E","R","B",null,"M","?","?","$","T","E","?","E","T","R","E","R","E","M","R","B",null,"R","$","E","B"],"character_chosen":"IRONCLAD","items_purchased":["Anchor","Battle Trance","Brimstone","Bag of Preparation","Weak Potion"],"campfire_rested":2,"item_purchase_floors":[12,38,53,53,53],"current_hp_per_floor":[81,56,45,49,49,49,71,60,60,58,58,58,62,53,53,11,66,67,67,67,67,67,67,48,73,73,73,78,78,86,84,84,54,83,71,71,71,71,71,96,98,46,46,77,78,78,118,118,118,118,118,118,118,45,0],"gold":146,"neow_bonus":"TEN_PERCENT_HP_BONUS","is_prod":false,"is_daily":false,"chose_seed":false,"campfire_upgraded":7,"win_rate":0,"timestamp":1562558927,"path_taken":["M","?","?","M","?","R","M","E","T","?","?","$","M","E","R","BOSS","M","?","?","?","?","R","E","R","T","M","M","R","M","E","R","BOSS","M","?","?","$","?","E","?","E","T","R","E","R","E","M","R","BOSS","R","$","E","BOSS"],"build_version":"2019-07-03","purchased_purges":2,"victory":false,"max_hp_per_floor":[82,82,82,82,82,82,82,82,82,84,84,84,84,84,84,84,84,86,86,86,86,86,86,86,86,86,86,88,88,90,90,90,92,92,94,94,94,94,94,96,98,98,98,100,102,102,118,118,118,118,118,118,118,120,120],"card_choices":[{"not_picked":["Ghostly Armor","Armaments"],"picked":"Twin Strike","floor":1.0},{"not_picked":["Anger+1","Twin Strike+1"],"picked":"Clothesline+1","floor":4.0},{"not_picked":["Perfected Strike+1","Sword Boomerang+1","Body Slam+1"],"picked":"SKIP","floor":7.0},{"not_picked":["Thunderclap+1","Pommel Strike+1"],"picked":"Hemokinesis+1","floor":8.0},{"not_picked":["Rampage+1","Ghostly Armor","Brutality"],"picked":"Singing Bowl","floor":10.0},{"not_picked":["Wild Strike+1","Armaments"],"picked":"True Grit","floor":13.0},{"not_picked":["Perfected Strike+1","Metallicize"],"picked":"Limit Break","floor":14.0},{"not_picked":["Fiend Fire+1","Demon Form"],"picked":"Immolate+1","floor":16.0},{"not_picked":["Clash+1","True Grit","Body Slam+1"],"picked":"Singing Bowl","floor":18.0},{"not_picked":["Infernal Blade","Seeing Red+1"],"picked":"Headbutt+1","floor":24.0},{"not_picked":["Seeing Red","Flame Barrier"],"picked":"Flex+1","floor":25.0},{"not_picked":["Heavy Blade+1","Sword Boomerang+1"],"picked":"Spot Weakness","floor":27.0},{"not_picked":["Rupture","Pommel Strike+1","True Grit"],"picked":"Singing Bowl","floor":28.0},{"not_picked":["True Grit","Cleave+1","Rupture"],"picked":"Singing Bowl","floor":30.0},{"not_picked":["True Grit+1","Offering"],"picked":"Reaper+1","floor":31.0},{"not_picked":["Dark Embrace","Juggernaut","Immolate+1"],"picked":"Singing Bowl","floor":33.0},{"not_picked":["Sever Soul+1","Shockwave","Twin Strike+1"],"picked":"Singing Bowl","floor":35.0},{"not_picked":["Twin Strike+1","Warcry","Sever Soul+1"],"picked":"Singing Bowl","floor":40.0},{"not_picked":["Impatience","Forethought","HandOfGreed+1"],"picked":"Singing Bowl","floor":41.0},{"not_picked":["Sword Boomerang+1","Rampage+1"],"picked":"Burning Pact","floor":42.0},{"not_picked":["Hemokinesis+1","Shockwave","Cleave+1"],"picked":"Singing Bowl","floor":44.0},{"not_picked":["Searing Blow+1","Pommel Strike+1","Clothesline+1"],"picked":"Singing Bowl","floor":45.0},{"not_picked":["Cleave+1","Armaments","Sentinel"],"picked":"Singing Bowl","floor":47},{"not_picked":["Intimidate+1","Havoc+1"],"picked":"Offering","floor":48},{"not_picked":["Iron Wave+1","Body Slam+1","Clash+1"],"picked":"Singing Bowl","floor":54}],"player_experience":2612428,"relics_obtained":[{"floor":8.0,"key":"Singing Bowl"},{"floor":9.0,"key":"Oddly Smooth Stone"},{"floor":14.0,"key":"Dream Catcher"},{"floor":24.0,"key":"Mummified Hand"},{"floor":26.0,"key":"WingedGreaves"},{"floor":31.0,"key":"Juzu Bracelet"},{"floor":40.0,"key":"Letter Opener"},{"floor":40.0,"key":"Bottled Flame"},{"floor":42.0,"key":"Unceasing Top"},{"floor":42.0,"key":"Dodecahedron"},{"floor":43.0,"key":"Mercury Hourglass"},{"floor":45.0,"key":"Gremlin Horn"},{"floor":45.0,"key":"Bird Faced Urn"},{"floor":47,"key":"Mango"},{"floor":47,"key":"Whetstone"},{"floor":54,"key":"Blood Vial"},{"floor":54,"key":"Kunai"}],"event_choices":[{"damage_healed":0.0,"max_hp_gain":0.0,"max_hp_loss":0.0,"gold_gain":0.0,"event_name":"Shining Light","player_choice":"Entered Light","floor":2.0,"gold_loss":0.0,"damage_taken":25.0,"cards_upgraded":["Strike_R","Strike_R"]},{"damage_healed":0.0,"max_hp_gain":0.0,"max_hp_loss":0.0,"gold_gain":0.0,"event_name":"Scrap Ooze","player_choice":"Success","floor":3.0,"gold_loss":0.0,"damage_taken":11.0,"relics_obtained":["Molten Egg 2"]},{"damage_healed":0.0,"max_hp_gain":0.0,"max_hp_loss":0.0,"gold_gain":150.0,"event_name":"Liars Game","player_choice":"AGREE","floor":11.0,"gold_loss":0.0,"damage_taken":0.0,"cards_obtained":["Doubt"]},{"damage_healed":0.0,"max_hp_gain":0.0,"max_hp_loss":0.0,"gold_gain":0.0,"event_name":"The Library","player_choice":"Read","floor":19.0,"gold_loss":0.0,"damage_taken":0.0,"cards_obtained":["Impervious"]},{"damage_healed":0.0,"max_hp_gain":0.0,"max_hp_loss":0.0,"gold_gain":0.0,"event_name":"Back to Basics","player_choice":"Simplicity","floor":20.0,"gold_loss":0.0,"damage_taken":0.0,"cards_upgraded":["Strike_R","Strike_R","Defend_R","Defend_R","Defend_R","Defend_R"]},{"damage_healed":0.0,"max_hp_gain":0.0,"max_hp_loss":0.0,"gold_gain":0.0,"event_name":"Ghosts","player_choice":"Ignored","floor":21.0,"gold_loss":0.0,"damage_taken":0.0},{"damage_healed":0.0,"max_hp_gain":0.0,"max_hp_loss":0.0,"gold_gain":50.0,"event_name":"Nest","player_choice":"Stole From Cult","floor":22.0,"gold_loss":0.0,"damage_taken":0.0},{"cards_removed":["Strike_R"],"damage_healed":0.0,"max_hp_gain":0.0,"max_hp_loss":0.0,"gold_gain":0.0,"event_name":"Purifier","player_choice":"Purged","floor":36.0,"gold_loss":0.0,"damage_taken":0.0},{"damage_healed":0.0,"max_hp_gain":0.0,"max_hp_loss":0.0,"gold_gain":0.0,"event_name":"Duplicator","player_choice":"Copied","floor":37.0,"gold_loss":0.0,"damage_taken":0.0,"cards_obtained":["Limit Break"]},{"damage_healed":0.0,"max_hp_gain":0.0,"max_hp_loss":0.0,"gold_gain":0.0,"event_name":"SensoryStone","player_choice":"Memory 1","floor":41.0,"gold_loss":0.0,"damage_taken":0.0}],"is_beta":true,"boss_relics":[{"not_picked":["Sozu","Astrolabe"],"picked":"Velvet Choker"},{"not_picked":["White Beast Statue","Eternal Feather"],"picked":"Black Star"}],"items_purged_floors":[5,12],"is_endless":false,"potions_floor_spawned":[1,4,10,16,24,27,30,31,35,42,47],"killed_by":"The Heart","ascension_level":15}