{"gold_per_floor":[115,134,134,146,161,192,192,267,321,321,337,363,376,14,14,91,91,104,29,41,54,54,54,87,106,106,139,139,167,67,87,87,87],"floor_reached":33,"playtime":1404,"items_purged":["Pain","Writhe"],"score":555,"play_id":"08eed237-e62a-4867-b263-b753b03975c5","local_time":"20190621225000","is_ascension_mode":true,"campfire_choices":[{"data":"Bash","floor":7.0,"key":"SMITH"},{"floor":10.0,"key":"REST"},{"data":"Spot Weakness","floor":15.0,"key":"SMITH"},{"data":"Feel No Pain","floor":23,"key":"SMITH"},{"data":"Inflame","floor":32,"key":"SMITH"}],"neow_cost":"NONE","seed_source_timestamp":0,"circlet_count":0,"master_deck":["AscendersBane","Strike_R","Strike_R","Defend_R","Defend_R","Defend_R","Defend_R","Bash+1","Twin Strike","Ghostly Armor","Cleave","Feel No Pain+1","Shrug It Off","Spot Weakness+1","Reaper","Intimidate+1","Cleave+1","Sentinel+1","Pummel","Juggernaut","Inflame+1","Metallicize","Reaper"],"special_seed":0,"relics":["Burning Blood","Happy Flower","WarpedTongs","Gremlin Horn","Bag of Preparation","PreservedInsect","Medical Kit","Astrolabe","Ancient Tea Set","Strawberry","Kunai","Blue Candle","Blood Vial"],"potions_floor_usage":[24,29,29,33,33],"damage_taken":[{"damage":6.0,"enemies":"Cultist","floor":1.0,"turns":3.0},{"damage":12.0,"enemies":"Jaw Worm","floor":2.0,"turns":3.0},{"damage":2.0,"enemies":"Small Slimes","floor":4.0,"turns":3.0},{"damage":11.0,"enemies":"Exordium Wildlife","floor":5.0,"turns":5.0},{"damage":22.0,"enemies":"3 Sentries","floor":6.0,"turns":9.0},{"damage":0.0,"enemies":"3 Louse","floor":11.0,"turns":4.0},{"damage":16.0,"enemies":"Gremlin Nob","floor":12.0,"turns":4.0},{"damage":0.0,"enemies":"2 Fungi Beasts","floor":13.0,"turns":2.0},{"damage":35.0,"enemies":"The Guardian","floor":16.0,"turns":9.0},{"damage":15,"enemies":"Shell Parasite","floor":18,"turns":7},{"damage":6,"enemies":"2 Thieves","floor":20,"turns":4},{"damage":8,"enemies":"Centurion and Healer","floor":21,"turns":7},{"damage":9,"enemies":"Slavers","floor":24,"turns":5},{"damage":11,"enemies":"Snake Plant","floor":25,"turns":3},{"damage":3,"enemies":"Gremlin Leader","floor":27,"turns":5},{"damage":29,"enemies":"Slavers","floor":29,"turns":4},{"damage":0,"enemies":"Chosen and Byrds","floor":31,"turns":7},{"damage":66,"enemies":"Collector","floor":33,"turns":5}],"seed_played":"8541956017356885398","potions_obtained":[{"floor":2.0,"key":"EssenceOfSteel"},{"floor":4.0,"key":"Explosive Potion"},{"floor":6.0,"key":"SkillPotion"},{"floor":13.0,"key":"SneckoOil"},{"floor":20,"key":"GamblersBrew"},{"floor":27,"key":"EntropicBrew"},{"floor":29,"key":"Weak Potion"}],"is_trial":false,"path_per_floor":["M","M","?","M","M","E","R","?","T","R","M","E","M","$","R","B",null,"M","$","M","M","?","R","E","M","T","E","?","E","$","M","R","B"],"character_chosen":"IRONCLAD","items_purchased":["PreservedInsect","Medical Kit"],"campfire_rested":1,"item_purchase_floors":[14,14],"current_hp_per_floor":[68,62,62,66,61,45,45,34,34,56,62,52,58,58,58,29,64,60,60,64,75,75,75,82,77,77,80,56,33,33,59,59,0],"gold":87,"neow_bonus":"RANDOM_COMMON_RELIC","is_prod":false,"is_daily":false,"chose_seed":false,"campfire_upgraded":4,"win_rate":0,"timestamp":1561171800,"path_taken":["M","?","?","M","?","E","R","?","T","R","M","E","M","$","R","BOSS","M","$","M","M","?","R","E","M","T","E","?","E","?","M","R","BOSS"],"build_version":"2019-06-21","purchased_purges":2,"victory":false,"max_hp_per_floor":[75,75,75,75,75,75,75,75,75,75,75,75,75,75,75,75,75,75,75,75,75,75,75,82,82,82,82,87,87,87,87,87,87],"card_choices":[{"not_picked":["True Grit","Havoc"],"picked":"Twin Strike","floor":1.0},{"not_picked":["Pommel Strike","Heavy Blade"],"picked":"Ghostly Armor","floor":2.0},{"not_picked":["Heavy Blade","Sword Boomerang"],"picked":"Cleave","floor":4.0},{"not_picked":["Rage","Entrench"],"picked":"Feel No Pain","floor":5.0},{"not_picked":["Body Slam","Sentinel"],"picked":"Shrug It Off","floor":6.0},{"not_picked":["Thunderclap","Searing Blow","Evolve"],"picked":"SKIP","floor":11.0},{"not_picked":["Shrug It Off","Bloodletting"],"picked":"Spot Weakness","floor":12.0},{"not_picked":["Cleave","Heavy Blade","Twin Strike"],"picked":"SKIP","floor":13.0},{"not_picked":["Brutality","Double Tap"],"picked":"Reaper","floor":16.0},{"not_picked":["Burning Pact","Warcry"],"picked":"Pummel","floor":18},{"not_picked":["Heavy Blade","Pommel Strike","Reckless Charge"],"picked":"SKIP","floor":20},{"not_picked":["True Grit","Sentinel","Sword Boomerang+1"],"picked":"SKIP","floor":21},{"not_picked":["Warcry","Armaments"],"picked":"Juggernaut","floor":24},{"not_picked":["Sentinel","Feel No Pain"],"picked":"Inflame","floor":25},{"not_picked":["Second Wind","Heavy Blade"],"picked":"Metallicize","floor":27},{"not_picked":["Clothesline","Body Slam"],"picked":"Reaper","floor":29},{"not_picked":["Wild Strike","Armaments","Iron Wave"],"picked":"SKIP","floor":31}],"player_experience":2554281,"relics_obtained":[{"floor":6.0,"key":"Gremlin Horn"},{"floor":12.0,"key":"Bag of Preparation"},{"floor":24,"key":"Strawberry"},{"floor":26,"key":"Kunai"},{"floor":27,"key":"Blue Candle"},{"floor":29,"key":"Blood Vial"}],"event_choices":[{"damage_healed":0.0,"max_hp_gain":0.0,"max_hp_loss":0.0,"gold_gain":0.0,"event_name":"Accursed Blacksmith","player_choice":"Rummage","floor":3.0,"gold_loss":0.0,"damage_taken":0.0,"relics_obtained":["WarpedTongs"],"cards_obtained":["Pain"]},{"damage_healed":0.0,"max_hp_gain":0.0,"max_hp_loss":0.0,"gold_gain":75.0,"event_name":"World of Goop","player_choice":"Gather Gold","floor":8.0,"gold_loss":0.0,"damage_taken":11.0},{"damage_healed":0,"gold_gain":0,"player_choice":"Opened","damage_taken":0,"relics_obtained":["Ancient Tea Set"],"max_hp_gain":0,"max_hp_loss":0,"event_name":"The Mausoleum","floor":22,"gold_loss":0,"cards_obtained":["Writhe"]},{"damage_healed":0,"gold_gain":0,"player_choice":"Shed Blood","damage_taken":29,"max_hp_gain":5,"max_hp_loss":0,"event_name":"Forgotten Altar","floor":28,"gold_loss":0}],"is_beta":true,"boss_relics":[{"not_picked":["Orrery","Busted Crown"],"picked":"Astrolabe"}],"items_purged_floors":[19,30],"is_endless":false,"potions_floor_spawned":[2,4,6,13,20,27,29,31],"killed_by":"Collector","ascension_level":15}