{"gold_per_floor":[214,214,225,243,243,243,270,280,280,293,35,35,60,73,73,145,145,156,156,169,169,189,215,234,234,257,282,294,294,325,65,65,138,138,148,166,177,102,112,112,139,139,162,47,64,83,93,121,121,121,121,121,44,70,70],"floor_reached":56,"playtime":2295,"items_purged":["Strike_R"],"score":2023,"play_id":"d4c50cd8-29cd-41f9-83c4-ff911c031aee","local_time":"20190517234457","is_ascension_mode":true,"campfire_choices":[{"data":"Uppercut","floor":6.0,"key":"SMITH"},{"data":"Armaments","floor":12.0,"key":"SMITH"},{"data":"Shrug It Off","floor":15.0,"key":"SMITH"},{"data":"Bash","floor":25.0,"key":"SMITH"},{"data":"Juggernaut","floor":29.0,"key":"SMITH"},{"data":"Pommel Strike","floor":32.0,"key":"SMITH"},{"floor":40,"key":"RECALL"},{"floor":42,"key":"REST"},{"floor":49,"key":"REST"},{"floor":52,"key":"REST"}],"neow_cost":"NONE","seed_source_timestamp":191788008480748,"circlet_count":0,"master_deck":["AscendersBane","Strike_R","Defend_R","Defend_R","Defend_R","Defend_R","Bash+1","Uppercut+1","Shrug It Off+1","Pommel Strike+1","Armaments+1","Pommel Strike+1","Clothesline+1","Feed+1","Inflame+1","Whirlwind+1","Juggernaut+1","Metallicize+1","True Grit+1","Reaper+1","Shrug It Off+1","Flame Barrier+1","Demon Form","Twin Strike+1","Shockwave+1","Disarm+1","Flame Barrier+1","Burning Pact+1","Disarm+1","Limit Break+1","Corruption","Dual Wield+1"],"special_seed":0,"relics":["Burning Blood","Bronze Scales","FossilizedHelix","Letter Opener","Molten Egg 2","Dream Catcher","Snecko Eye","Bag of Preparation","Blood Vial","Toxic Egg 2","Pen Nib","Self Forming Clay","Fusion Hammer","Unceasing Top","Red Skull","Bottled Tornado"],"potions_floor_usage":[33,48,55,55],"damage_taken":[{"damage":0.0,"enemies":"Small Slimes","floor":1.0,"turns":3.0},{"damage":12.0,"enemies":"Jaw Worm","floor":3.0,"turns":2.0},{"damage":0.0,"enemies":"Cultist","floor":4.0,"turns":3.0},{"damage":24.0,"enemies":"3 Sentries","floor":7.0,"turns":8.0},{"damage":0.0,"enemies":"Large Slime","floor":8.0,"turns":5.0},{"damage":10.0,"enemies":"Gremlin Gang","floor":10.0,"turns":4.0},{"damage":11.0,"enemies":"Lagavulin","floor":13.0,"turns":7.0},{"damage":0.0,"enemies":"Exordium Thugs","floor":14.0,"turns":3.0},{"damage":26.0,"enemies":"The Guardian","floor":16.0,"turns":16.0},{"damage":0.0,"enemies":"3 Byrds","floor":18.0,"turns":2.0},{"damage":0.0,"enemies":"Spheric Guardian","floor":20.0,"turns":4.0},{"damage":21.0,"enemies":"Snake Plant","floor":22.0,"turns":4.0},{"damage":22.0,"enemies":"Book of Stabbing","floor":23.0,"turns":5.0},{"damage":0.0,"enemies":"Centurion and Healer","floor":24.0,"turns":5.0},{"damage":12.0,"enemies":"Slavers","floor":27.0,"turns":4.0},{"damage":6.0,"enemies":"Cultist and Chosen","floor":28.0,"turns":5.0},{"damage":7.0,"enemies":"Book of Stabbing","floor":30.0,"turns":4.0},{"damage":71,"enemies":"Collector","floor":33,"turns":8},{"damage":8,"enemies":"3 Darklings","floor":35,"turns":4},{"damage":0,"enemies":"Orb Walker","floor":36,"turns":4},{"damage":2,"enemies":"Spire Growth","floor":37,"turns":5},{"damage":0,"enemies":"3 Darklings","floor":39,"turns":1},{"damage":6,"enemies":"Nemesis","floor":41,"turns":5},{"damage":0,"enemies":"4 Shapes","floor":45,"turns":4},{"damage":0,"enemies":"Transient","floor":46,"turns":5},{"damage":0,"enemies":"Jaw Worm Horde","floor":47,"turns":5},{"damage":31,"enemies":"Reptomancer","floor":48,"turns":5},{"damage":29,"enemies":"Awakened One","floor":50,"turns":13},{"damage":28,"enemies":"Shield and Spear","floor":54,"turns":5},{"damage":33,"enemies":"The Heart","floor":55,"turns":6}],"seed_played":"7683778266597598652","potions_obtained":[{"floor":1.0,"key":"Energy Potion"},{"floor":3.0,"key":"LiquidBronze"},{"floor":8.0,"key":"PowerPotion"},{"floor":13.0,"key":"Weak Potion"},{"floor":20.0,"key":"Fire Potion"},{"floor":24.0,"key":"Regen Potion"},{"floor":28.0,"key":"SpeedPotion"},{"floor":35,"key":"AttackPotion"},{"floor":36,"key":"Strength Potion"},{"floor":48,"key":"Explosive Potion"}],"is_trial":false,"path_per_floor":["M","?","M","M","?","R","E","M","T","M","$","R","E","M","R","B",null,"M","?","M","?","M","E","M","R","T","E","M","R","E","$","R","B",null,"M","M","M","?","M","R","E","R","T","$","M","M","M","E","R","B",null,"R","$","E","B",null],"character_chosen":"IRONCLAD","items_purchased":["Molten Egg 2","Self Forming Clay","Shockwave+1","Corruption"],"campfire_rested":3,"item_purchase_floors":[11,31,44,53],"current_hp_per_floor":[74,79,73,79,74,74,56,62,62,58,58,58,53,59,59,39,70,80,80,88,88,73,57,67,67,67,79,85,85,90,90,90,27,85,104,112,112,112,112,112,112,112,112,112,116,116,120,99,124,105,122,128,128,125,128],"gold":70,"neow_bonus":"HUNDRED_GOLD","is_prod":false,"is_daily":false,"chose_seed":false,"campfire_upgraded":6,"win_rate":0,"timestamp":1558151097,"path_taken":["M","?","M","M","?","R","E","?","T","M","?","R","E","M","R","BOSS","M","?","M","?","M","E","M","R","T","E","M","R","E","$","R","BOSS","M","?","M","?","M","R","E","R","T","$","M","M","M","E","R","BOSS","R","$","E","BOSS"],"build_version":"2019-05-07","purchased_purges":1,"victory":true,"max_hp_per_floor":[75,80,80,80,80,80,80,80,80,80,80,80,80,80,80,80,80,84,84,88,88,88,88,92,92,92,96,100,100,104,104,104,104,104,108,112,112,112,112,112,112,112,112,112,116,116,120,124,124,128,128,128,128,128,128],"card_choices":[{"not_picked":["Thunderclap","Ghostly Armor"],"picked":"Uppercut","floor":1.0},{"not_picked":["Body Slam","Flex","Perfected Strike"],"picked":"SKIP","floor":3.0},{"not_picked":["Dual Wield","Havoc"],"picked":"Shrug It Off","floor":4.0},{"not_picked":["Hemokinesis","Wild Strike"],"picked":"Pommel Strike","floor":7.0},{"not_picked":["True Grit","Warcry","Burning Pact"],"picked":"SKIP","floor":8.0},{"not_picked":["Flex","Thunderclap"],"picked":"Armaments","floor":10.0},{"not_picked":["Power Through","Dark Embrace"],"picked":"Pommel Strike+1","floor":13.0},{"not_picked":["Wild Strike+1","Iron Wave+1"],"picked":"Clothesline+1","floor":14.0},{"not_picked":["Impervious","Brutality"],"picked":"Feed+1","floor":16.0},{"not_picked":["Shockwave","Entrench"],"picked":"Inflame+1","floor":18.0},{"not_picked":["Armaments","Warcry","Clothesline+1"],"picked":"SKIP","floor":20.0},{"not_picked":["Armaments","Warcry","Clothesline+1"],"picked":"SKIP","floor":20.0},{"not_picked":["Bloodletting","Clothesline+1","Clash+1"],"picked":"SKIP","floor":22.0},{"not_picked":["Dropkick+1","Clash+1","Wild Strike+1"],"picked":"SKIP","floor":23.0},{"not_picked":["Perfected Strike+1","Clothesline+1","True Grit"],"picked":"SKIP","floor":24.0},{"not_picked":["Feel No Pain+1","Metallicize"],"picked":"Juggernaut","floor":27.0},{"not_picked":["Cleave+1","Hemokinesis+1"],"picked":"Metallicize+1","floor":28.0},{"not_picked":["Hemokinesis+1","Clash+1"],"picked":"True Grit+1","floor":30.0},{"not_picked":["Dark Embrace","Impervious+1"],"picked":"Reaper+1","floor":33},{"not_picked":["Clash+1","Armaments+1"],"picked":"Shrug It Off+1","floor":35},{"not_picked":["Thunderclap+1","Wild Strike+1","Berserk"],"picked":"SKIP","floor":36},{"not_picked":["Sword Boomerang+1","Pommel Strike+1"],"picked":"Flame Barrier+1","floor":37},{"not_picked":["Anger+1","Warcry+1","Havoc+1"],"picked":"SKIP","floor":39},{"not_picked":["Whirlwind+1","Headbutt+1","Twin Strike+1"],"picked":"SKIP","floor":41},{"not_picked":["Metallicize","Battle Trance+1"],"picked":"Disarm+1","floor":45},{"not_picked":["Whirlwind+1","Pommel Strike+1"],"picked":"Flame Barrier+1","floor":46},{"not_picked":["Iron Wave+1","Anger+1"],"picked":"Burning Pact+1","floor":47},{"not_picked":["Pommel Strike+1","Thunderclap+1","Inflame"],"picked":"SKIP","floor":48},{"not_picked":["Flame Barrier+1","Iron Wave+1"],"picked":"Disarm+1","floor":49},{"not_picked":["Perfected Strike+1","Headbutt+1"],"picked":"Limit Break+1","floor":52},{"not_picked":["Anger+1","Reckless Charge+1"],"picked":"Dual Wield+1","floor":54}],"player_experience":2507642,"relics_obtained":[{"floor":7.0,"key":"FossilizedHelix"},{"floor":9.0,"key":"Letter Opener"},{"floor":13.0,"key":"Dream Catcher"},{"floor":23.0,"key":"Bag of Preparation"},{"floor":26.0,"key":"Blood Vial"},{"floor":27.0,"key":"Toxic Egg 2"},{"floor":30.0,"key":"Pen Nib"},{"floor":41,"key":"Unceasing Top"},{"floor":48,"key":"Red Skull"},{"floor":54,"key":"Bottled Tornado"}],"event_choices":[{"damage_healed":0.0,"max_hp_gain":5.0,"max_hp_loss":0.0,"gold_gain":0.0,"event_name":"Big Fish","player_choice":"Donut","floor":2.0,"gold_loss":0.0,"damage_taken":0.0},{"damage_healed":0.0,"max_hp_gain":0.0,"max_hp_loss":0.0,"gold_gain":0.0,"event_name":"Scrap Ooze","player_choice":"Success","floor":5.0,"gold_loss":0.0,"damage_taken":5.0,"relics_obtained":["Bronze Scales"]},{"damage_healed":0.0,"max_hp_gain":0.0,"max_hp_loss":0.0,"gold_gain":0.0,"event_name":"The Library","player_choice":"Read","floor":19.0,"gold_loss":0.0,"damage_taken":0.0,"cards_obtained":["Whirlwind"]},{"cards_removed":["Strike_R"],"damage_healed":0.0,"max_hp_gain":0.0,"max_hp_loss":0.0,"gold_gain":0.0,"event_name":"Purifier","player_choice":"Purged","floor":21.0,"gold_loss":0.0,"damage_taken":0.0},{"damage_healed":0,"gold_gain":0,"cards_transformed":["Strike_R","Strike_R"],"player_choice":"Transformed Cards","damage_taken":0,"max_hp_gain":0,"max_hp_loss":0,"event_name":"Designer","floor":38,"gold_loss":75,"cards_obtained":["Demon Form","Twin Strike"]}],"is_beta":true,"boss_relics":[{"not_picked":["Calling Bell","Sozu"],"picked":"Snecko Eye"},{"not_picked":["Velvet Choker","Empty Cage"],"picked":"Fusion Hammer"}],"items_purged_floors":[44],"is_endless":false,"potions_floor_spawned":[1,3,8,13,18,20,24,28,35,36,41,47,48],"ascension_level":15}