{"gold_per_floor":[214,229,229,248,51,51,3,28,28,41,41,55,86,103,103,180,180,190,44,59,59,69,69,102,102,102,137,52,65,81,81,81,160,160,179,197,197,209,221,256,256,256,282,282,308,308,333,346,346,346,346,346,22,56,56],"floor_reached":55,"playtime":2127,"items_purged":["Decay","Strike_G"],"score":1369,"play_id":"970995ce-fd84-4e14-8f5c-9673ba40a565","local_time":"20190615220713","is_ascension_mode":true,"campfire_choices":[{"data":"Apotheosis","floor":6.0,"key":"SMITH"},{"data":"Neutralize","floor":11.0,"key":"SMITH"},{"floor":15.0,"key":"RECALL"},{"floor":23.0,"key":"REST"},{"floor":25.0,"key":"REST"},{"floor":32.0,"key":"REST"},{"floor":41.0,"key":"REST"},{"floor":44.0,"key":"REST"},{"floor":49.0,"key":"REST"},{"data":"Footwork","floor":52.0,"key":"SMITH"}],"neow_cost":"NONE","seed_source_timestamp":0,"circlet_count":0,"master_deck":["AscendersBane","Strike_G","Strike_G","Strike_G","Defend_G","Defend_G","Defend_G","Defend_G","Defend_G","Survivor","Neutralize+1","Dash+1","Dagger Spray","Apotheosis+1","Backflip","Skewer+1","PiercingWail","Corpse Explosion","Noxious Fumes","Deadly Poison","Catalyst","Crippling Poison","Well Laid Plans","Noxious Fumes","Malaise","Die Die Die+1","Acrobatics+1","PiercingWail","Choke+1","Footwork+1","Concentrate+1","Catalyst","Dodge and Roll"],"special_seed":0,"relics":["Ring of the Snake","Meat on the Bone","Bottled Lightning","PreservedInsect","Black Star","Bag of Preparation","Snake Skull","Calipers","Molten Egg 2","Ginger","Snecko Eye","Letter Opener","Tough Bandages","Nunchaku","Dream Catcher","Regal Pillow","Darkstone Periapt","Boot","Centennial Puzzle","Art of War","Whetstone","Orichalcum"],"potions_floor_usage":[55],"damage_taken":[{"damage":0.0,"enemies":"2 Louse","floor":1.0,"turns":3.0},{"damage":0.0,"enemies":"Cultist","floor":2.0,"turns":4.0},{"damage":0.0,"enemies":"Small Slimes","floor":4.0,"turns":3.0},{"damage":14.0,"enemies":"3 Sentries","floor":8.0,"turns":6.0},{"damage":2.0,"enemies":"Looter","floor":10.0,"turns":4.0},{"damage":15.0,"enemies":"3 Louse","floor":12.0,"turns":4.0},{"damage":18.0,"enemies":"Lagavulin","floor":13.0,"turns":9.0},{"damage":6.0,"enemies":"Red Slaver","floor":14.0,"turns":5.0},{"damage":15.0,"enemies":"Hexaghost","floor":16.0,"turns":13.0},{"damage":5.0,"enemies":"Shell Parasite","floor":18.0,"turns":11.0},{"damage":8.0,"enemies":"Spheric Guardian","floor":20.0,"turns":7.0},{"damage":26.0,"enemies":"Centurion and Healer","floor":22.0,"turns":6.0},{"damage":32.0,"enemies":"Book of Stabbing","floor":24.0,"turns":5.0},{"damage":9.0,"enemies":"Gremlin Leader","floor":27.0,"turns":4.0},{"damage":12.0,"enemies":"3 Cultists","floor":29.0,"turns":3.0},{"damage":3.0,"enemies":"Snecko","floor":30.0,"turns":4.0},{"damage":23.0,"enemies":"Champ","floor":33.0,"turns":9.0},{"damage":0.0,"enemies":"3 Shapes","floor":35.0,"turns":2.0},{"damage":0.0,"enemies":"3 Darklings","floor":36.0,"turns":2.0},{"damage":29.0,"enemies":"Transient","floor":38.0,"turns":5.0},{"damage":2.0,"enemies":"4 Shapes","floor":39.0,"turns":2.0},{"damage":17.0,"enemies":"Reptomancer","floor":40.0,"turns":7.0},{"damage":44.0,"enemies":"Nemesis","floor":45.0,"turns":7.0},{"damage":18.0,"enemies":"Giant Head","floor":47.0,"turns":6.0},{"damage":12.0,"enemies":"Sphere and 2 Shapes","floor":48.0,"turns":3.0},{"damage":13.0,"enemies":"Time Eater","floor":50.0,"turns":8.0},{"damage":46.0,"enemies":"Shield and Spear","floor":54.0,"turns":5.0},{"damage":29,"enemies":"The Heart","floor":55,"turns":2}],"seed_played":"-3523520460672181902","potions_obtained":[{"floor":4.0,"key":"GamblersBrew"},{"floor":8.0,"key":"GhostInAJar"},{"floor":14.0,"key":"PowerPotion"},{"floor":22.0,"key":"FearPotion"},{"floor":24.0,"key":"FearPotion"},{"floor":27.0,"key":"Ancient Potion"},{"floor":39.0,"key":"Regen Potion"},{"floor":45.0,"key":"Swift Potion"},{"floor":47.0,"key":"Swift Potion"}],"is_trial":false,"path_per_floor":["M","M","?","M","$","R","$","E","T","M","R","M","E","M","R","B",null,"M","$","M","?","M","R","E","R","T","E","?","M","M","?","R","B",null,"M","M","$","M","M","E","R","T","T","R","E","?","E","M","R","B",null,"R","$","E","B"],"character_chosen":"THE_SILENT","items_purchased":["Apotheosis","Fire Potion","Noxious Fumes","Catalyst","Art of War"],"campfire_rested":6,"item_purchase_floors":[5,7,19,53,53],"current_hp_per_floor":[59,59,59,59,59,59,59,45,45,43,43,40,34,40,40,37,59,54,54,46,46,32,51,31,50,50,41,41,41,38,38,57,34,58,58,58,58,41,39,34,53,53,53,66,34,34,28,28,62,49,62,62,62,28,0],"gold":56,"neow_bonus":"HUNDRED_GOLD","is_prod":false,"is_daily":false,"chose_seed":false,"campfire_upgraded":3,"win_rate":0,"timestamp":1560650833,"path_taken":["M","M","?","M","$","R","?","E","T","M","R","M","E","M","R","BOSS","M","$","M","?","M","R","E","R","T","E","?","M","M","?","R","BOSS","M","M","$","M","M","E","R","?","T","R","E","?","E","M","R","BOSS","R","$","E","BOSS"],"build_version":"2019-06-13","purchased_purges":2,"victory":false,"max_hp_per_floor":[66,66,66,66,66,66,66,66,66,66,66,66,66,66,66,66,66,66,66,66,66,66,66,66,66,66,66,66,66,66,66,66,66,66,66,66,66,66,66,66,66,66,66,66,66,66,66,66,66,66,66,66,66,66,66],"card_choices":[{"not_picked":["Quick Slash","Dagger Spray"],"picked":"Dash","floor":1.0},{"not_picked":["Cloak And Dagger","Slice"],"picked":"Dagger Spray","floor":2.0},{"not_picked":["All Out Attack","Phantasmal Killer","Eviscerate"],"picked":"SKIP","floor":4.0},{"not_picked":["Deflect","Prepared","Acrobatics"],"picked":"SKIP","floor":8.0},{"not_picked":["Infinite Blades","Blade Dance"],"picked":"Backflip","floor":10.0},{"not_picked":["Escape Plan","Deflect"],"picked":"Skewer","floor":12.0},{"not_picked":["Heel Hook","Dagger Throw"],"picked":"PiercingWail","floor":13.0},{"not_picked":["Acrobatics","Underhanded Strike","Dash"],"picked":"SKIP","floor":14.0},{"not_picked":["Burst","Glass Knife"],"picked":"Corpse Explosion","floor":16.0},{"not_picked":["Blade Dance","Outmaneuver","Cloak And Dagger"],"picked":"SKIP","floor":18.0},{"not_picked":["Infinite Blades","Poisoned Stab","Quick Slash"],"picked":"SKIP","floor":20.0},{"not_picked":["Slice","Cloak And Dagger+1"],"picked":"Deadly Poison","floor":22.0},{"not_picked":["Poisoned Stab","Dagger Throw"],"picked":"Catalyst","floor":24.0},{"not_picked":["Grand Finale","Caltrops"],"picked":"Crippling Poison","floor":27.0},{"not_picked":["Dagger Spray+1","Backstab+1"],"picked":"Well Laid Plans","floor":29.0},{"not_picked":["Prepared","Predator+1"],"picked":"Noxious Fumes","floor":30.0},{"not_picked":["Corpse Explosion","Grand Finale+1"],"picked":"Die Die Die+1","floor":33.0},{"not_picked":["Dagger Throw+1","Dagger Spray+1"],"picked":"Acrobatics+1","floor":35.0},{"not_picked":["Expertise","Acrobatics"],"picked":"PiercingWail","floor":36.0},{"not_picked":["Quick Slash+1","Underhanded Strike+1","Prepared"],"picked":"SKIP","floor":38.0},{"not_picked":["Setup","Dagger Throw+1"],"picked":"Choke+1","floor":39.0},{"not_picked":["Quick Slash+1","Deflect+1"],"picked":"Footwork","floor":40.0},{"not_picked":["Dagger Spray+1","Infinite Blades"],"picked":"Concentrate+1","floor":45.0},{"not_picked":["Poisoned Stab+1","Blade Dance","Unload+1"],"picked":"SKIP","floor":47.0},{"not_picked":["Dagger Spray+1","Noxious Fumes","Crippling Poison"],"picked":"SKIP","floor":48.0},{"not_picked":["Slice+1","Deflect+1"],"picked":"Dodge and Roll","floor":54.0}],"player_experience":2542601,"relics_obtained":[{"floor":8.0,"key":"Meat on the Bone"},{"floor":9.0,"key":"Bottled Lightning"},{"floor":13.0,"key":"PreservedInsect"},{"floor":24.0,"key":"Bag of Preparation"},{"floor":24.0,"key":"Snake Skull"},{"floor":27.0,"key":"Calipers"},{"floor":27.0,"key":"Molten Egg 2"},{"floor":40.0,"key":"Letter Opener"},{"floor":40.0,"key":"Tough Bandages"},{"floor":42.0,"key":"Nunchaku"},{"floor":43.0,"key":"Dream Catcher"},{"floor":45.0,"key":"Regal Pillow"},{"floor":45.0,"key":"Darkstone Periapt"},{"floor":47.0,"key":"Boot"},{"floor":47.0,"key":"Centennial Puzzle"},{"floor":54.0,"key":"Whetstone"},{"floor":54.0,"key":"Orichalcum"}],"event_choices":[{"damage_healed":0.0,"max_hp_gain":0.0,"max_hp_loss":0.0,"gold_gain":0.0,"event_name":"Wheel of Change","player_choice":"Cursed","floor":3.0,"gold_loss":0.0,"damage_taken":0.0,"cards_obtained":["Decay"]},{"cards_removed":["Strike_G"],"damage_healed":0.0,"max_hp_gain":0.0,"max_hp_loss":0.0,"gold_gain":0.0,"event_name":"Back to Basics","player_choice":"Elegance","floor":21.0,"gold_loss":0.0,"damage_taken":0.0},{"damage_healed":0.0,"max_hp_gain":0.0,"max_hp_loss":0.0,"gold_gain":0.0,"event_name":"Addict","player_choice":"Obtained Relic","floor":28.0,"gold_loss":85.0,"damage_taken":0.0,"relics_obtained":["Ginger"]},{"damage_healed":0.0,"max_hp_gain":0.0,"max_hp_loss":0.0,"gold_gain":0.0,"event_name":"Match and Keep!","player_choice":"1 cards matched","floor":31.0,"gold_loss":0.0,"damage_taken":0.0,"cards_obtained":["Malaise"]},{"damage_healed":0.0,"max_hp_gain":0.0,"max_hp_loss":0.0,"gold_gain":0.0,"event_name":"Tomb of Lord Red Mask","player_choice":"Ignored","floor":46.0,"gold_loss":0.0,"damage_taken":0.0}],"is_beta":true,"boss_relics":[{"not_picked":["Pandora\u0027s Box","Calling Bell"],"picked":"Black Star"},{"not_picked":["Ring of the Serpent","Runic Dome"],"picked":"Snecko Eye"}],"items_purged_floors":[19,53],"is_endless":false,"potions_floor_spawned":[4,8,12,14,22,24,27,35,39,45,47],"killed_by":"The Heart","ascension_level":15}