{"gold_per_floor":[114,129,129,144,144,144,159,189,214,544,44,59,74,104,104,204,204,219,234,262,277,277,277,27,57,57,87,102,102,132,147,147,247,247,262,484,499,514,544,544,38,38,38,38,53,68,83,46,46,46],"floor_reached":51,"playtime":3955,"items_purged":[],"score":884,"play_id":"804d54f8-2263-40d5-8b15-349a1d483f5b","local_time":"20190813131926","daily_mods":["SealedDeck","Time Dilation","DeadlyEvents"],"is_ascension_mode":false,"campfire_choices":[{"data":"Armaments","floor":6,"key":"SMITH"},{"data":"Armaments","floor":15,"key":"SMITH"},{"data":"Seeing Red","floor":23,"key":"SMITH"},{"floor":32,"key":"DIG"},{"floor":40,"key":"DIG"},{"floor":42,"key":"DIG"},{"floor":44,"key":"DIG"},{"floor":49,"key":"DIG"}],"neow_cost":"","seed_source_timestamp":326810993307700,"circlet_count":0,"master_deck":["Armaments+1","Pommel Strike","Shrug It Off","Shrug It Off","Anger+1","Thunderclap","Fire Breathing","Infernal Blade","Inflame","Armaments+1","Pommel Strike+1","Body Slam","Twin Strike","Searing Blow","Warcry","Burning Pact","Warcry","Reaper","Immolate","Pommel Strike","Seeing Red+1","Flex","Shrug It Off","Armaments+1","Intimidate+1","Burning Pact","Dual Wield","Offering","Warcry+1","Armaments+1","Berserk","Inflame+1","Pummel"],"special_seed":18121,"relics":["Burning Blood","Blue Candle","Pantograph","Centennial Puzzle","Old Coin","Boot","Bag of Marbles","Toy Ornithopter","Omamori","Runic Dome","Red Mask","Sundial","Oddly Smooth Stone","Lantern","Mercury Hourglass","Pen Nib","Shovel","Regal Pillow","Runic Pyramid","Singing Bowl","Orichalcum","Happy Flower","Toolbox","Vajra","Ice Cream","Mummified Hand","Blood Vial"],"potions_floor_usage":[25,33],"damage_taken":[{"damage":1,"enemies":"Jaw Worm","floor":1,"turns":2},{"damage":0,"enemies":"Small Slimes","floor":2,"turns":2},{"damage":0,"enemies":"Cultist","floor":4,"turns":3},{"damage":0,"enemies":"Blue Slaver","floor":7,"turns":2},{"damage":14,"enemies":"3 Sentries","floor":8,"turns":4},{"damage":2,"enemies":"Gremlin Nob","floor":10,"turns":3},{"damage":1,"enemies":"Exordium Thugs","floor":12,"turns":3},{"damage":1,"enemies":"2 Fungi Beasts","floor":13,"turns":2},{"damage":3,"enemies":"Lagavulin","floor":14,"turns":2},{"damage":8,"enemies":"Slime Boss","floor":16,"turns":7},{"damage":5,"enemies":"3 Byrds","floor":18,"turns":2},{"damage":0,"enemies":"Spheric Guardian","floor":19,"turns":3},{"damage":6,"enemies":"Masked Bandits","floor":20,"turns":3},{"damage":12,"enemies":"Snake Plant","floor":21,"turns":3},{"damage":13,"enemies":"Book of Stabbing","floor":25,"turns":3},{"damage":2,"enemies":"Slavers","floor":27,"turns":4},{"damage":0,"enemies":"Centurion and Healer","floor":28,"turns":3},{"damage":6,"enemies":"Book of Stabbing","floor":30,"turns":3},{"damage":0,"enemies":"Shelled Parasite and Fungi","floor":31,"turns":1},{"damage":13,"enemies":"Automaton","floor":33,"turns":5},{"damage":12,"enemies":"3 Darklings","floor":35,"turns":3},{"damage":6,"enemies":"3 Shapes","floor":37,"turns":1},{"damage":6,"enemies":"Maw","floor":38,"turns":4},{"damage":12,"enemies":"Reptomancer","floor":39,"turns":2},{"damage":20,"enemies":"4 Shapes","floor":45,"turns":2},{"damage":0,"enemies":"3 Darklings","floor":46,"turns":1},{"damage":19,"enemies":"Maw","floor":47,"turns":3},{"damage":24,"enemies":"Awakened One","floor":50,"turns":3}],"seed_played":"1107989956867286237","potions_obtained":[{"floor":1,"key":"PowerPotion"},{"floor":8,"key":"Strength Potion"},{"floor":12,"key":"EssenceOfSteel"},{"floor":16,"key":"Energy Potion"},{"floor":28,"key":"Regen Potion"},{"floor":39,"key":"SteroidPotion"}],"is_trial":false,"path_per_floor":["M","M","?","M","?","R","M","E","T","E","$","M","M","E","R","B",null,"M","M","?","M","?","R","$","E","T","E","M","T","E","M","R","B",null,"M","?","M","M","E","R","$","R","T","R","M","M","M","$","R","B",null],"character_chosen":"IRONCLAD","items_purchased":["Boot","Bag of Marbles","Toy Ornithopter","Sundial","Berserk","Happy Flower","Toolbox","Pummel"],"campfire_rested":0,"item_purchase_floors":[11,11,11,24,41,41,41,48],"current_hp_per_floor":[80,80,64,70,67,67,73,65,65,69,69,74,79,80,80,80,80,80,80,80,74,74,74,74,72,72,76,80,80,80,80,80,73,80,80,80,80,80,76,76,76,76,76,76,81,86,86,86,86,86],"gold":46,"neow_bonus":"","is_prod":false,"is_daily":true,"chose_seed":false,"campfire_upgraded":3,"win_rate":0,"timestamp":1565695166,"path_taken":["M","M","?","M","?","R","?","?","T","E","?","M","M","?","R","BOSS","M","M","?","M","?","R","$","E","T","E","M","?","E","?","R","BOSS","M","?","M","?","?","R","?","R","T","R","M","M","M","$","R","BOSS"],"build_version":"2019-07-17","purchased_purges":0,"victory":true,"max_hp_per_floor":[80,80,80,80,80,80,80,80,80,80,80,80,80,80,80,80,80,80,80,80,80,80,80,80,80,80,80,80,80,80,80,80,80,80,80,80,80,80,82,82,82,82,82,82,84,86,86,86,86,86],"card_choices":[{"not_picked":["Anger","Seeing Red"],"picked":"Pommel Strike","floor":1},{"not_picked":["Wild Strike","Clothesline"],"picked":"Body Slam","floor":2},{"not_picked":["True Grit","Bludgeon","Wild Strike"],"picked":"SKIP","floor":4},{"not_picked":["Corruption","Clothesline"],"picked":"Twin Strike","floor":7},{"not_picked":["Infernal Blade","Armaments"],"picked":"Searing Blow","floor":8},{"not_picked":["Clash","Thunderclap"],"picked":"Warcry","floor":10},{"not_picked":["Thunderclap","Pommel Strike"],"picked":"Burning Pact","floor":12},{"not_picked":["Pommel Strike","Clothesline"],"picked":"Warcry","floor":13},{"not_picked":["Evolve","Flex"],"picked":"Reaper","floor":14},{"not_picked":["Fiend Fire","Limit Break"],"picked":"Immolate","floor":16},{"not_picked":["Thunderclap+1","Pummel"],"picked":"Pommel Strike","floor":18},{"not_picked":["Clash","Sword Boomerang"],"picked":"Seeing Red","floor":19},{"not_picked":["Clash","Heavy Blade+1"],"picked":"Flex","floor":20},{"not_picked":["Corruption","Twin Strike+1"],"picked":"Shrug It Off","floor":21},{"not_picked":["Warcry","Clothesline+1"],"picked":"Armaments+1","floor":25},{"not_picked":["Spot Weakness","Burning Pact+1"],"picked":"Intimidate+1","floor":27},{"not_picked":["Hemokinesis","Limit Break"],"picked":"Burning Pact","floor":28},{"not_picked":["Reckless Charge","Body Slam+1"],"picked":"Dual Wield","floor":30},{"not_picked":["Anger","Wild Strike+1","Heavy Blade"],"picked":"SKIP","floor":31},{"not_picked":["Barricade","Brutality"],"picked":"Offering","floor":33},{"not_picked":["True Grit+1","Heavy Blade"],"picked":"Warcry+1","floor":35},{"not_picked":["Iron Wave+1","Headbutt","Sentinel"],"picked":"SKIP","floor":37},{"not_picked":["Pummel+1","Iron Wave"],"picked":"Armaments+1","floor":38},{"not_picked":["Blood for Blood+1","Anger+1","Clothesline"],"picked":"Singing Bowl","floor":39},{"not_picked":["Flex+1","Sword Boomerang+1","Sever Soul+1"],"picked":"Singing Bowl","floor":45},{"not_picked":["Corruption","Bloodletting+1","Heavy Blade+1"],"picked":"Singing Bowl","floor":46},{"not_picked":["Pommel Strike+1","Heavy Blade"],"picked":"Inflame+1","floor":47}],"player_experience":31407,"relics_obtained":[{"floor":8,"key":"Pantograph"},{"floor":9,"key":"Centennial Puzzle"},{"floor":10,"key":"Old Coin"},{"floor":14,"key":"Omamori"},{"floor":20,"key":"Red Mask"},{"floor":25,"key":"Oddly Smooth Stone"},{"floor":26,"key":"Lantern"},{"floor":27,"key":"Mercury Hourglass"},{"floor":29,"key":"Pen Nib"},{"floor":30,"key":"Shovel"},{"floor":32,"key":"Regal Pillow"},{"floor":39,"key":"Singing Bowl"},{"floor":40,"key":"Orichalcum"},{"floor":42,"key":"Vajra"},{"floor":43,"key":"Ice Cream"},{"floor":44,"key":"Mummified Hand"},{"floor":49,"key":"Blood Vial"}],"event_choices":[{"damage_healed":0,"gold_gain":0,"player_choice":"Entered Light","damage_taken":16,"max_hp_gain":0,"max_hp_loss":0,"event_name":"Shining Light","floor":3,"gold_loss":0,"cards_upgraded":["Pommel Strike","Anger"]},{"damage_healed":0,"gold_gain":0,"player_choice":"Success","damage_taken":3,"relics_obtained":["Blue Candle"],"max_hp_gain":0,"max_hp_loss":0,"event_name":"Scrap Ooze","floor":5,"gold_loss":0},{"damage_healed":0,"gold_gain":0,"player_choice":"Fought Bandits","damage_taken":0,"max_hp_gain":0,"max_hp_loss":0,"event_name":"Masked Bandits","floor":20,"gold_loss":0},{"damage_healed":0,"gold_gain":0,"player_choice":"Ignored","damage_taken":0,"max_hp_gain":0,"max_hp_loss":0,"event_name":"Ghosts","floor":22,"gold_loss":0},{"damage_healed":0,"gold_gain":222,"player_choice":"Wore Mask","damage_taken":0,"max_hp_gain":0,"max_hp_loss":0,"event_name":"Tomb of Lord Red Mask","floor":36,"gold_loss":0}],"is_beta":false,"boss_relics":[{"not_picked":["Astrolabe","Velvet Choker"],"picked":"Runic Dome"},{"not_picked":["Orrery","Busted Crown"],"picked":"Runic Pyramid"}],"items_purged_floors":[],"is_endless":false,"potions_floor_spawned":[1,8,12,14,16,18,21,28,30,31,39,45,46,47],"ascension_level":0}