{"gold_per_floor":[119,48,48,1,1,1,18,49,72,85,101,111,128,128,128,228,228,246,23,33,52,52,52,86,86,113,113,113,131,111,126,126,225,225,235,235,249,249,249,249,0,20,20,33,67,67],"floor_reached":46,"playtime":4727,"items_purged":["Decay","Strike_B"],"score":520,"play_id":"f4e51821-f498-4514-99b4-5395e95c8209","local_time":"20181227212957","is_ascension_mode":false,"campfire_choices":[{"data":"Conserve Battery","floor":6,"key":"SMITH"},{"data":"Go for the Eyes","floor":15,"key":"SMITH"},{"data":"Streamline","floor":23,"key":"SMITH"},{"data":"Fission","floor":28,"key":"SMITH"},{"floor":32,"key":"REST"},{"data":"Conserve Battery","floor":40,"key":"SMITH"}],"neow_cost":"NONE","seed_source_timestamp":114325772209800,"circlet_count":0,"master_deck":["Strike_B","Strike_B","Strike_B","Defend_B","Defend_B","Defend_B","Defend_B","Zap+1","Dualcast","Conserve Battery","Streamline+1","Coolheaded","Conserve Battery+1","Redo","Blizzard+1","Go for the Eyes+1","Cold Snap","Steam","Gash","Echo Form","Defragment+1","Conserve Battery+1","Cold Snap","Hello World","Sweeping Beam","Gash","Fission+1","Auto Shields","Gash+1","Rainbow","Leap+1","Steam+1","Chill","Coolheaded+1","Redo+1","Fission"],"relics":["Cracked Core","NeowsBlessing","Girya","Omamori","Blood Vial","Calling Bell","Bag of Marbles","Gremlin Horn","Nunchaku","Juzu Bracelet","NlothsMask","Nilry\u0027s Codex","Eternal Feather","Kunai","Potion Belt","Strawberry","Regal Pillow"],"potions_floor_usage":[16,16,16,24,31,33,33,42,42],"damage_taken":[{"damage":0,"enemies":"Cultist","floor":1,"turns":1},{"damage":0,"enemies":"Jaw Worm","floor":7,"turns":1},{"damage":0,"enemies":"Gremlin Nob","floor":8,"turns":1},{"damage":0,"enemies":"Small Slimes","floor":10,"turns":3},{"damage":10,"enemies":"Looter","floor":11,"turns":3},{"damage":4,"enemies":"Gremlin Gang","floor":12,"turns":5},{"damage":0,"enemies":"Large Slime","floor":13,"turns":6},{"damage":60,"enemies":"Slime Boss","floor":16,"turns":13},{"damage":0,"enemies":"Shell Parasite","floor":18,"turns":12},{"damage":0,"enemies":"3 Byrds","floor":20,"turns":5},{"damage":2,"enemies":"Cultist and Chosen","floor":21,"turns":9},{"damage":28,"enemies":"Slavers","floor":24,"turns":8},{"damage":12,"enemies":"Centurion and Healer","floor":29,"turns":8},{"damage":7,"enemies":"Shelled Parasite and Fungi","floor":31,"turns":6},{"damage":44,"enemies":"Collector","floor":33,"turns":13},{"damage":11,"enemies":"3 Shapes","floor":35,"turns":6},{"damage":16,"enemies":"Orb Walker","floor":37,"turns":5},{"damage":57,"enemies":"Transient","floor":42,"turns":5},{"damage":0,"enemies":"Sphere and 2 Shapes","floor":44,"turns":5},{"damage":10,"enemies":"Nemesis","floor":45,"turns":11},{"damage":46,"enemies":"Writhing Mass","floor":46,"turns":2}],"seed_played":"8639109775766037303","potions_obtained":[{"floor":7,"key":"GamblersBrew"},{"floor":12,"key":"Energy Potion"},{"floor":13,"key":"Weak Potion"},{"floor":18,"key":"FocusPotion"},{"floor":29,"key":"Swift Potion"},{"floor":31,"key":"Dexterity Potion"},{"floor":35,"key":"Block Potion"},{"floor":37,"key":"Explosive Potion"},{"floor":42,"key":"Explosive Potion"},{"floor":44,"key":"FearPotion"}],"is_trial":false,"path_per_floor":["M","$","?","$","T","R","M","E","T","M","M","M","M","?","R","B",null,"M","$","M","M","?","R","E","?","T","?","R","M","?","M","R","B",null,"M","?","M","?","?","R","$","M","T","M","E","M"],"character_chosen":"DEFECT","items_purchased":["Streamline","Coolheaded","Conserve Battery","Conserve Battery","Cold Snap","Regen Potion","Potion Belt"],"campfire_rested":1,"item_purchase_floors":[2,2,4,19,19,19,41],"current_hp_per_floor":[75,75,75,75,75,75,75,75,75,75,65,63,65,65,65,7,75,75,75,75,73,73,73,57,57,57,41,41,31,31,26,48,6,75,64,64,50,50,50,68,68,13,20,22,14,0],"gold":67,"neow_bonus":"THREE_ENEMY_KILL","is_prod":false,"is_daily":false,"chose_seed":false,"campfire_upgraded":5,"win_rate":1,"timestamp":1545942597,"path_taken":["M","$","?","?","?","R","M","E","T","?","M","M","M","?","R","BOSS","M","$","M","M","?","R","E","?","T","?","R","M","?","M","R","BOSS","M","?","M","?","?","R","$","M","T","M","E","M"],"build_version":"2018-12-20","purchased_purges":2,"victory":false,"max_hp_per_floor":[75,75,75,75,75,75,75,75,75,75,75,75,75,75,75,75,75,75,75,75,75,75,75,75,75,75,75,75,75,75,75,75,75,75,75,75,75,75,75,75,75,75,82,82,82,82],"card_choices":[{"not_picked":["Streamline","Sweeping Beam"],"picked":"Conserve Battery","floor":1},{"not_picked":["Compile Driver","Conserve Battery"],"picked":"Redo","floor":7},{"not_picked":["Heatsinks","Sweeping Beam"],"picked":"Blizzard","floor":8},{"not_picked":["Hologram","Beam Cell"],"picked":"Go for the Eyes","floor":10},{"not_picked":["Rip and Tear","Darkness"],"picked":"Cold Snap","floor":11},{"not_picked":["Genetic Algorithm","Streamline"],"picked":"Steam","floor":12},{"not_picked":["Chaos","Static Discharge"],"picked":"Gash","floor":13},{"not_picked":["Multi-Cast","Biased Cognition"],"picked":"Echo Form","floor":16},{"not_picked":["Steam","Consume"],"picked":"Defragment+1","floor":18},{"not_picked":["Leap+1","Beam Cell"],"picked":"Hello World","floor":20},{"not_picked":["Doom and Gloom","Reprogram"],"picked":"Sweeping Beam","floor":21},{"not_picked":["Genetic Algorithm","Redo"],"picked":"Fission","floor":24},{"not_picked":["Lockon","Darkness"],"picked":"Auto Shields","floor":29},{"not_picked":["White Noise","Conserve Battery"],"picked":"Gash+1","floor":31},{"not_picked":["Biased Cognition","Reboot"],"picked":"Rainbow","floor":33},{"not_picked":["Redo","Reinforced Body"],"picked":"Leap+1","floor":35},{"not_picked":["Lockon","Streamline"],"picked":"Steam+1","floor":37},{"not_picked":["Sweeping Beam","Heatsinks"],"picked":"Coolheaded+1","floor":42},{"not_picked":["Coolheaded","Heatsinks+1"],"picked":"Redo+1","floor":44},{"not_picked":["Compile Driver","Steam"],"picked":"Fission","floor":45}],"player_experience":58509,"relics_obtained":[{"floor":5,"key":"Girya"},{"floor":8,"key":"Omamori"},{"floor":9,"key":"Blood Vial"},{"floor":17,"key":"Bag of Marbles"},{"floor":17,"key":"Gremlin Horn"},{"floor":17,"key":"Nunchaku"},{"floor":24,"key":"Juzu Bracelet"},{"floor":27,"key":"Nilry\u0027s Codex"},{"floor":39,"key":"Kunai"},{"floor":43,"key":"Strawberry"},{"floor":45,"key":"Regal Pillow"}],"event_choices":[{"damage_healed":0,"gold_gain":0,"player_choice":"Forge","damage_taken":0,"max_hp_gain":0,"max_hp_loss":0,"event_name":"Accursed Blacksmith","floor":3,"gold_loss":0,"cards_upgraded":["Zap"]},{"damage_healed":0,"gold_gain":0,"player_choice":"Ignored","damage_taken":0,"max_hp_gain":0,"max_hp_loss":0,"event_name":"Golden Idol","floor":14,"gold_loss":0},{"damage_healed":0,"gold_gain":0,"player_choice":"Read","damage_taken":0,"max_hp_gain":0,"max_hp_loss":0,"event_name":"The Library","floor":22,"gold_loss":0,"cards_obtained":["Gash"]},{"damage_healed":0,"gold_gain":0,"player_choice":"Trade","damage_taken":0,"relics_obtained":["NlothsMask"],"max_hp_gain":0,"max_hp_loss":0,"event_name":"FaceTrader","floor":25,"gold_loss":0},{"damage_healed":0,"gold_gain":0,"player_choice":"Obtained Book","damage_taken":16,"max_hp_gain":0,"max_hp_loss":0,"event_name":"Cursed Tome","floor":27,"gold_loss":0},{"damage_healed":0,"gold_gain":0,"player_choice":"Bought 1 Potion","damage_taken":0,"max_hp_gain":0,"max_hp_loss":0,"event_name":"The Woman in Blue","floor":30,"gold_loss":0},{"damage_healed":0,"gold_gain":0,"player_choice":"Upgraded","damage_taken":0,"max_hp_gain":0,"max_hp_loss":0,"event_name":"Upgrade Shrine","floor":36,"gold_loss":0,"cards_upgraded":["Blizzard"]},{"damage_healed":0,"gold_gain":0,"player_choice":"1 cards matched","damage_taken":0,"max_hp_gain":0,"max_hp_loss":0,"event_name":"Match and Keep!","floor":38,"gold_loss":0,"cards_obtained":["Chill"]},{"damage_healed":0,"gold_gain":0,"player_choice":"1 cards matched","damage_taken":0,"max_hp_gain":0,"max_hp_loss":0,"event_name":"Match and Keep!","floor":38,"gold_loss":0,"cards_obtained":["Chill"]},{"damage_healed":0,"gold_gain":0,"player_choice":"Relic","damage_taken":0,"max_hp_gain":0,"max_hp_loss":0,"event_name":"Wheel of Change","floor":39,"gold_loss":0}],"is_beta":false,"boss_relics":[{"not_picked":["Cursed Key","Astrolabe"],"picked":"Calling Bell"},{"not_picked":["Sozu","Coffee Dripper"],"picked":"Eternal Feather"}],"items_purged_floors":[19,41],"is_endless":false,"potions_floor_spawned":[7,12,13,18,29,31,35,37,42,44],"killed_by":"Writhing Mass","ascension_level":0}