{"gold_per_floor":[116,116,132,30,30,60,76,88,140,140,215,247,261,317,317,396,396,415,365,382,4,18,18,52,62,62,79,104,104,104,104,104,175,175,186,199,199,216,216,251,251,283,328,341,352,369,369,369,369,369,369,369,6,36,36],"floor_reached":56,"playtime":2713,"items_purged":["Strike_R","Bash"],"score":1950,"play_id":"6362208b-4ec5-47bb-bd7b-19ca9a322504","local_time":"20190703001923","is_ascension_mode":true,"campfire_choices":[{"data":"Rampage","floor":10.0,"key":"SMITH"},{"data":"Flame Barrier","floor":15.0,"key":"SMITH"},{"data":"Power Through","floor":23.0,"key":"SMITH"},{"data":"True Grit","floor":30.0,"key":"SMITH"},{"floor":32.0,"key":"RECALL"},{"data":"Sentinel","floor":41.0,"key":"SMITH"},{"data":"Battle Trance","floor":47,"key":"SMITH"},{"data":"Second Wind","floor":49,"key":"SMITH"},{"data":"Shrug It Off","floor":52,"key":"SMITH"}],"neow_cost":"NONE","seed_source_timestamp":1655313073955132,"circlet_count":0,"master_deck":["AscendersBane","Defend_R+1","Defend_R+1","Defend_R+1","Defend_R+1","Thunderclap","Battle Trance+1","Headbutt","Flame Barrier+1","Evolve+1","Battle Trance+1","Demon Form+1","Power Through+1","Shockwave+1","Heavy Blade+1","Corruption+1","Power Through+1","Intimidate+1","Juggernaut+1","True Grit+1","Second Wind+1","Sentinel+1","Shrug It Off+1","Reaper","Power Through+1","Whirlwind+1","True Grit+1","Sentinel+1","Inflame+1","Second Wind","Metallicize+1"],"special_seed":0,"relics":["Burning Blood","Smiling Mask","Frozen Egg 2","Orichalcum","War Paint","Bottled Tornado","Astrolabe","Mummified Hand","Letter Opener","Oddly Smooth Stone","Coffee Dripper","Paper Frog","Mango","Pen Nib","Self Forming Clay","Kunai"],"potions_floor_usage":[55,55],"damage_taken":[{"damage":11.0,"enemies":"2 Louse","floor":1.0,"turns":3.0},{"damage":3.0,"enemies":"Jaw Worm","floor":3.0,"turns":5.0},{"damage":25.0,"enemies":"3 Sentries","floor":6.0,"turns":8.0},{"damage":3.0,"enemies":"Small Slimes","floor":7.0,"turns":3.0},{"damage":1.0,"enemies":"2 Fungi Beasts","floor":8.0,"turns":3.0},{"damage":10.0,"enemies":"Gremlin Nob","floor":12.0,"turns":3.0},{"damage":6.0,"enemies":"Large Slime","floor":13.0,"turns":4.0},{"damage":8.0,"enemies":"3 Sentries","floor":14.0,"turns":6.0},{"damage":18.0,"enemies":"The Guardian","floor":16.0,"turns":9.0},{"damage":9.0,"enemies":"Shell Parasite","floor":18.0,"turns":6.0},{"damage":6.0,"enemies":"2 Thieves","floor":20.0,"turns":5.0},{"damage":2.0,"enemies":"Sentry and Sphere","floor":22.0,"turns":5.0},{"damage":6.0,"enemies":"Gremlin Leader","floor":24.0,"turns":7.0},{"damage":0.0,"enemies":"Centurion and Healer","floor":25.0,"turns":5.0},{"damage":6.0,"enemies":"Shelled Parasite and Fungi","floor":27.0,"turns":5.0},{"damage":1.0,"enemies":"Slavers","floor":28.0,"turns":3.0},{"damage":23.0,"enemies":"Champ","floor":33.0,"turns":13.0},{"damage":2.0,"enemies":"Orb Walker","floor":35.0,"turns":3.0},{"damage":1.0,"enemies":"3 Shapes","floor":36.0,"turns":3.0},{"damage":10.0,"enemies":"Sphere and 2 Shapes","floor":38.0,"turns":5.0},{"damage":15.0,"enemies":"Giant Head","floor":40.0,"turns":6.0},{"damage":4,"enemies":"Reptomancer","floor":42,"turns":6},{"damage":3,"enemies":"Writhing Mass","floor":44,"turns":6},{"damage":0,"enemies":"4 Shapes","floor":45,"turns":4},{"damage":26,"enemies":"Maw","floor":46,"turns":7},{"damage":11,"enemies":"Donu and Deca","floor":50,"turns":8},{"damage":58,"enemies":"Shield and Spear","floor":54,"turns":8},{"damage":39,"enemies":"The Heart","floor":55,"turns":7}],"seed_played":"-5382168130854719343","potions_obtained":[{"floor":1.0,"key":"Swift Potion"},{"floor":12.0,"key":"BloodPotion"},{"floor":16.0,"key":"Energy Potion"},{"floor":28.0,"key":"Block Potion"},{"floor":40.0,"key":"SteroidPotion"},{"floor":42,"key":"Ancient Potion"}],"is_trial":false,"path_per_floor":["M","?","M","$","?","E","M","M","T","R","?","E","M","?","R","B",null,"M","?","M","$","M","R","E","M","T","M","E","?","R","?","R","B",null,"M","M","?","M","?","E","R","E","T","M","M","M","R","?","R","B",null,"R","$","E","B",null],"character_chosen":"IRONCLAD","items_purchased":["Fire Potion","Mummified Hand","Power Through","Self Forming Clay","PowerPotion","Second Wind"],"campfire_rested":0,"item_purchase_floors":[4,21,21,53,53,53],"current_hp_per_floor":[63,63,66,66,71,52,55,60,60,60,49,45,45,63,63,51,73,70,70,70,70,74,74,74,80,80,80,80,80,80,80,80,63,76,80,80,80,76,76,80,80,94,94,94,94,94,94,89,89,89,89,89,89,75,62],"gold":36,"neow_bonus":"RANDOM_COMMON_RELIC","is_prod":false,"is_daily":false,"chose_seed":false,"campfire_upgraded":8,"win_rate":0,"timestamp":1562127563,"path_taken":["M","?","M","$","?","E","M","M","T","R","?","E","M","?","R","BOSS","M","?","?","$","M","R","E","M","T","M","E","?","R","?","R","BOSS","M","M","?","M","?","E","R","E","T","M","M","?","R","?","R","BOSS","R","$","E","BOSS"],"build_version":"2019-06-30","purchased_purges":2,"victory":true,"max_hp_per_floor":[75,75,75,75,80,80,80,80,80,80,80,80,80,80,80,80,80,80,80,80,80,80,80,80,80,80,80,80,80,80,80,80,80,80,80,80,80,80,80,80,80,94,94,94,94,94,94,89,89,89,89,89,89,89,89],"card_choices":[{"not_picked":["Corruption","Heavy Blade"],"picked":"Thunderclap","floor":1.0},{"not_picked":["Pummel","Perfected Strike"],"picked":"Rampage","floor":3.0},{"not_picked":["Corruption","Twin Strike"],"picked":"Battle Trance","floor":6.0},{"not_picked":["Havoc","Cleave"],"picked":"Headbutt","floor":7.0},{"not_picked":["Carnage","Cleave","Thunderclap"],"picked":"SKIP","floor":8.0},{"not_picked":["Second Wind","Corruption+1"],"picked":"Flame Barrier","floor":12.0},{"not_picked":["Barricade+1","Intimidate"],"picked":"Evolve+1","floor":13.0},{"not_picked":["True Grit","Flex"],"picked":"Battle Trance","floor":14.0},{"not_picked":["Bludgeon","Brutality+1"],"picked":"Demon Form+1","floor":16.0},{"not_picked":["Heavy Blade","True Grit"],"picked":"Corruption+1","floor":18.0},{"not_picked":["Fire Breathing+1","Wild Strike","Warcry"],"picked":"SKIP","floor":20.0},{"not_picked":["Flex","Infernal Blade"],"picked":"Intimidate+1","floor":22.0},{"not_picked":["Perfected Strike","Heavy Blade"],"picked":"Juggernaut+1","floor":24.0},{"not_picked":["Cleave","Entrench"],"picked":"True Grit","floor":25.0},{"not_picked":["Rampage","Rage"],"picked":"Second Wind","floor":27.0},{"not_picked":["Clothesline","Armaments"],"picked":"Sentinel","floor":28.0},{"not_picked":["Offering","Feed"],"picked":"Reaper","floor":33.0},{"not_picked":["Dual Wield","Sever Soul","Dropkick"],"picked":"SKIP","floor":35.0},{"not_picked":["Rampage","Hemokinesis"],"picked":"Power Through+1","floor":36.0},{"not_picked":["Sever Soul+1","Perfected Strike+1"],"picked":"Whirlwind+1","floor":38.0},{"not_picked":["Combust+1","Flex","Sword Boomerang"],"picked":"SKIP","floor":40.0},{"not_picked":["Sever Soul","Hemokinesis"],"picked":"True Grit+1","floor":42},{"not_picked":["Clothesline","Pommel Strike"],"picked":"Sentinel+1","floor":44},{"not_picked":["Wild Strike+1","Pommel Strike"],"picked":"Inflame+1","floor":45},{"not_picked":["Carnage+1","Immolate","Flex"],"picked":"SKIP","floor":46},{"not_picked":["Bloodletting","Blood for Blood"],"picked":"Metallicize+1","floor":54}],"player_experience":2591280,"relics_obtained":[{"floor":6.0,"key":"Frozen Egg 2"},{"floor":9.0,"key":"Orichalcum"},{"floor":12.0,"key":"War Paint"},{"floor":14.0,"key":"Bottled Tornado"},{"floor":24.0,"key":"Letter Opener"},{"floor":28.0,"key":"Oddly Smooth Stone"},{"floor":40.0,"key":"Paper Frog"},{"floor":42,"key":"Mango"},{"floor":43,"key":"Pen Nib"},{"floor":54,"key":"Kunai"}],"event_choices":[{"cards_removed":["Strike_R"],"damage_healed":0.0,"max_hp_gain":0.0,"max_hp_loss":0.0,"gold_gain":0.0,"event_name":"Living Wall","player_choice":"Forget","floor":2.0,"gold_loss":0.0,"damage_taken":0.0},{"damage_healed":0.0,"max_hp_gain":5.0,"max_hp_loss":0.0,"gold_gain":0.0,"event_name":"Big Fish","player_choice":"Donut","floor":5.0,"gold_loss":0.0,"damage_taken":0.0},{"damage_healed":0.0,"max_hp_gain":0.0,"max_hp_loss":0.0,"gold_gain":75.0,"event_name":"World of Goop","player_choice":"Gather Gold","floor":11.0,"gold_loss":0.0,"damage_taken":11.0},{"damage_healed":0.0,"max_hp_gain":0.0,"max_hp_loss":0.0,"gold_gain":0.0,"event_name":"Dead Adventurer","player_choice":"Searched \u00271\u0027 times","floor":14.0,"gold_loss":0.0,"damage_taken":0.0},{"damage_healed":0.0,"max_hp_gain":0.0,"max_hp_loss":0.0,"gold_gain":0.0,"event_name":"The Joust","player_choice":"Bet on Murderer","floor":19.0,"gold_loss":50.0,"damage_taken":0.0},{"damage_healed":0.0,"max_hp_gain":0.0,"max_hp_loss":0.0,"gold_gain":0.0,"event_name":"The Library","player_choice":"Read","floor":29.0,"gold_loss":0.0,"damage_taken":0.0,"cards_obtained":["Shrug It Off"]},{"damage_healed":0.0,"max_hp_gain":0.0,"max_hp_loss":0.0,"gold_gain":0.0,"event_name":"Back to Basics","player_choice":"Simplicity","floor":31.0,"gold_loss":0.0,"damage_taken":0.0,"cards_upgraded":["Defend_R","Defend_R","Defend_R"]},{"damage_healed":0.0,"max_hp_gain":0.0,"max_hp_loss":0.0,"gold_gain":0.0,"event_name":"Tomb of Lord Red Mask","player_choice":"Ignored","floor":37.0,"gold_loss":0.0,"damage_taken":0.0},{"cards_removed":["Rampage"],"damage_healed":0.0,"max_hp_gain":0.0,"max_hp_loss":0.0,"gold_gain":0.0,"event_name":"Falling","player_choice":"Removed Attack","floor":39.0,"gold_loss":0.0,"damage_taken":0.0},{"damage_healed":0,"gold_gain":0,"player_choice":"Max HP","damage_taken":0,"max_hp_gain":0,"max_hp_loss":5,"event_name":"Winding Halls","floor":48,"gold_loss":0}],"is_beta":true,"boss_relics":[{"not_picked":["Runic Pyramid","Velvet Choker"],"picked":"Astrolabe"},{"not_picked":["Black Star","Orrery"],"picked":"Coffee Dripper"}],"items_purged_floors":[4,21],"is_endless":false,"potions_floor_spawned":[1,12,13,14,16,18,25,28,35,40,42,45,46,54],"ascension_level":15}