{"gold_per_floor":[210,210,35,48,64,94,156,156,156,156,182,182,194,221,221,293,293,312,312,312,232,249,249,284,284,284,298,298,298,329,345,345,422,422,441,75,89,103,122,154,166,503,515,552,564,576,88,107,107,107,107,107,27,55,55],"floor_reached":56,"playtime":2123,"items_purged":["Writhe"],"score":2147,"play_id":"4133c41f-e53f-41cb-a117-cdb9383ae0a6","local_time":"20190810225437","is_ascension_mode":true,"campfire_choices":[{"data":"1","floor":8,"key":"LIFT"},{"data":"2","floor":10,"key":"LIFT"},{"data":"3","floor":12,"key":"LIFT"},{"data":"Flame Barrier","floor":15,"key":"SMITH"},{"data":"Heavy Blade","floor":23,"key":"SMITH"},{"data":"Demon Form","floor":25,"key":"SMITH"},{"data":"Battle Trance","floor":28,"key":"SMITH"},{"data":"Limit Break","floor":32,"key":"SMITH"},{"floor":41,"key":"RECALL"},{"data":"Feel No Pain","floor":49,"key":"SMITH"},{"data":"Ghostly Armor","floor":52,"key":"SMITH"}],"neow_cost":"NONE","seed_source_timestamp":2694528511835336,"circlet_count":0,"master_deck":["AscendersBane","Bash","Ghostly Armor+1","Inflame","Twin Strike","Flame Barrier+1","Metallicize","Heavy Blade+1","Demon Form+1","Sword Boomerang","Anger","Fiend Fire+1","Battle Trance+1","Whirlwind+1","Limit Break+1","Whirlwind+1","Armaments+1","Barricade","Brutality","Sword Boomerang+1","Pommel Strike+1","True Grit+1","Shrug It Off+1","Shrug It Off+1","Shrug It Off+1","Limit Break+1","Feel No Pain+1","Limit Break+1","Warcry+1","Iron Wave+1","Corruption","Uppercut+1"],"relics":["Burning Blood","Girya","Blood Vial","Blue Candle","Charon\u0027s Ashes","Molten Egg 2","Coffee Dripper","Juzu Bracelet","Ornamental Fan","Pocketwatch","Pandora\u0027s Box","Toxic Egg 2","MawBank","Old Coin","Vajra","Strawberry","Oddly Smooth Stone","DollysMirror","Bronze Scales"],"potions_floor_usage":[7,7,16,24,44,50,55,55],"damage_taken":[{"damage":1,"enemies":"Cultist","floor":1,"turns":4},{"damage":9,"enemies":"Jaw Worm","floor":4,"turns":5},{"damage":3,"enemies":"2 Louse","floor":5,"turns":3},{"damage":29,"enemies":"Gremlin Nob","floor":6,"turns":5},{"damage":17,"enemies":"Lagavulin Event","floor":7,"turns":7},{"damage":13,"enemies":"3 Sentries","floor":11,"turns":7},{"damage":1,"enemies":"Looter","floor":13,"turns":2},{"damage":0,"enemies":"Gremlin Nob","floor":14,"turns":2},{"damage":15,"enemies":"The Guardian","floor":16,"turns":11},{"damage":0,"enemies":"Spheric Guardian","floor":18,"turns":3},{"damage":7,"enemies":"Chosen","floor":22,"turns":3},{"damage":15,"enemies":"Slavers","floor":24,"turns":4},{"damage":8,"enemies":"Shelled Parasite and Fungi","floor":27,"turns":3},{"damage":0,"enemies":"Gremlin Leader","floor":30,"turns":4},{"damage":9,"enemies":"Chosen and Byrds","floor":31,"turns":3},{"damage":43,"enemies":"Collector","floor":33,"turns":5},{"damage":0,"enemies":"Orb Walker","floor":35,"turns":2},{"damage":0,"enemies":"3 Shapes","floor":37,"turns":4},{"damage":9,"enemies":"Spire Growth","floor":38,"turns":2},{"damage":10,"enemies":"Maw","floor":39,"turns":5},{"damage":6,"enemies":"Giant Head","floor":40,"turns":5},{"damage":22,"enemies":"Nemesis","floor":42,"turns":5},{"damage":7,"enemies":"Reptomancer","floor":44,"turns":2},{"damage":19,"enemies":"3 Darklings","floor":48,"turns":4},{"damage":17,"enemies":"Donu and Deca","floor":50,"turns":5},{"damage":7,"enemies":"Shield and Spear","floor":54,"turns":3},{"damage":26,"enemies":"The Heart","floor":55,"turns":5}],"seed_played":"-8198253581807236748","potions_obtained":[{"floor":4,"key":"Regen Potion"},{"floor":6,"key":"Strength Potion"},{"floor":11,"key":"Block Potion"},{"floor":13,"key":"Poison Potion"},{"floor":27,"key":"FearPotion"},{"floor":33,"key":"Swift Potion"},{"floor":54,"key":"Energy Potion"}],"is_trial":false,"path_per_floor":["M","?","$","M","M","E","?","R","T","R","E","R","M","E","R","B",null,"M","?","?","$","M","R","E","R","T","M","R","?","E","M","R","B",null,"M","$","M","M","M","E","R","E","T","E","?","?","$","M","R","B",null,"R","$","E","B",null],"character_chosen":"IRONCLAD","items_purchased":["Inflame","Twin Strike","Flame Barrier","Whirlwind+1","Toxic Egg 2","Shrug It Off+1","Feel No Pain","Oddly Smooth Stone","DollysMirror","Warcry+1","BloodPotion","Corruption"],"campfire_rested":0,"item_purchase_floors":[3,3,3,21,36,36,47,47,47,47,47,53],"current_hp_per_floor":[73,73,73,70,73,50,54,54,54,54,49,49,56,64,64,57,71,75,75,75,75,74,74,66,66,66,66,66,66,74,72,72,37,66,74,74,75,72,70,72,72,58,58,66,66,66,66,55,55,66,78,78,78,79,61],"gold":55,"neow_bonus":"HUNDRED_GOLD","is_prod":false,"is_daily":false,"chose_seed":false,"campfire_upgraded":7,"win_rate":0,"timestamp":1565492077,"path_taken":["M","?","?","M","M","E","?","R","T","R","E","R","M","E","R","BOSS","M","?","?","$","?","R","E","R","T","M","R","?","E","M","R","BOSS","M","$","M","M","M","E","R","E","T","E","?","?","?","M","R","BOSS","R","$","E","BOSS"],"build_version":"2019-07-17","purchased_purges":1,"victory":true,"max_hp_per_floor":[75,75,75,75,75,75,75,75,75,75,75,75,75,75,75,75,75,75,75,75,75,75,75,75,75,75,75,75,75,75,75,75,75,75,75,75,75,75,75,75,75,75,75,82,82,82,82,82,82,82,82,82,82,82,82],"card_choices":[{"not_picked":["Thunderclap","Power Through"],"picked":"Ghostly Armor","floor":1},{"not_picked":["Rupture","Intimidate"],"picked":"Metallicize","floor":4},{"not_picked":["Metallicize","Iron Wave"],"picked":"Heavy Blade","floor":5},{"not_picked":["Flex","Clash"],"picked":"Demon Form","floor":6},{"not_picked":["Rage","Iron Wave"],"picked":"Sword Boomerang","floor":7},{"not_picked":["Double Tap","Rampage"],"picked":"Anger","floor":11},{"not_picked":["Body Slam","Clash","Havoc"],"picked":"SKIP","floor":13},{"not_picked":["Anger","Sword Boomerang","Warcry"],"picked":"SKIP","floor":14},{"not_picked":["Barricade","Immolate+1"],"picked":"Fiend Fire+1","floor":16},{"not_picked":["Havoc","Dual Wield","Thunderclap+1"],"picked":"SKIP","floor":18},{"not_picked":["Cleave+1","True Grit","Anger+1"],"picked":"SKIP","floor":22},{"not_picked":["Seeing Red+1","Body Slam+1","Wild Strike+1"],"picked":"SKIP","floor":24},{"not_picked":["Rage","Flex","Bloodletting"],"picked":"SKIP","floor":27},{"not_picked":["Rage","Flex","Bloodletting"],"picked":"SKIP","floor":27},{"not_picked":["Rupture","Pommel Strike+1","Reckless Charge+1"],"picked":"SKIP","floor":30},{"not_picked":["Warcry","Havoc"],"picked":"Limit Break","floor":31},{"not_picked":["Anger+1","Clothesline+1"],"picked":"True Grit+1","floor":35},{"not_picked":["Heavy Blade+1","Thunderclap+1","Seeing Red+1"],"picked":"SKIP","floor":37},{"not_picked":["Anger+1","Body Slam+1"],"picked":"Shrug It Off+1","floor":38},{"not_picked":["Heavy Blade+1","Havoc+1","Perfected Strike+1"],"picked":"SKIP","floor":39},{"not_picked":["Inflame+1","Rampage+1","Havoc+1"],"picked":"SKIP","floor":40},{"not_picked":["Iron Wave+1","Body Slam+1"],"picked":"Shrug It Off+1","floor":42},{"not_picked":["Perfected Strike+1","Brutality","Rupture"],"picked":"SKIP","floor":44},{"not_picked":["Twin Strike+1","Thunderclap+1"],"picked":"Iron Wave+1","floor":48},{"not_picked":["Clothesline+1","Entrench+1"],"picked":"Uppercut+1","floor":54}],"player_experience":2664369,"relics_obtained":[{"floor":6,"key":"Girya"},{"floor":7,"key":"Blood Vial"},{"floor":9,"key":"Blue Candle"},{"floor":11,"key":"Charon\u0027s Ashes"},{"floor":14,"key":"Molten Egg 2"},{"floor":24,"key":"Juzu Bracelet"},{"floor":30,"key":"Pocketwatch"},{"floor":40,"key":"MawBank"},{"floor":42,"key":"Old Coin"},{"floor":43,"key":"Vajra"},{"floor":44,"key":"Strawberry"},{"floor":54,"key":"Bronze Scales"}],"event_choices":[{"cards_removed":["Strike_R"],"damage_healed":0,"gold_gain":0,"player_choice":"Forget","damage_taken":0,"max_hp_gain":0,"max_hp_loss":0,"event_name":"Living Wall","floor":2,"gold_loss":0},{"damage_healed":0,"gold_gain":0,"player_choice":"Searched \u00271\u0027 times","damage_taken":0,"max_hp_gain":0,"max_hp_loss":0,"event_name":"Dead Adventurer","floor":7,"gold_loss":0},{"damage_healed":0,"gold_gain":0,"player_choice":"Read","damage_taken":0,"max_hp_gain":0,"max_hp_loss":0,"event_name":"The Library","floor":19,"gold_loss":0,"cards_obtained":["Battle Trance"]},{"cards_removed":["Strike_R"],"damage_healed":0,"gold_gain":0,"player_choice":"Offered Basic","damage_taken":0,"max_hp_gain":0,"max_hp_loss":0,"event_name":"Bonfire Elementals","floor":20,"gold_loss":0},{"damage_healed":0,"gold_gain":0,"player_choice":"Opened","damage_taken":0,"relics_obtained":["Ornamental Fan"],"max_hp_gain":0,"max_hp_loss":0,"event_name":"The Mausoleum","floor":29,"gold_loss":0,"cards_obtained":["Writhe"]},{"damage_healed":0,"gold_gain":0,"cards_transformed":["Flex"],"player_choice":"Transformed","damage_taken":0,"max_hp_gain":0,"max_hp_loss":0,"event_name":"Transmorgrifier","floor":45,"gold_loss":0,"cards_obtained":["Limit Break"]},{"damage_healed":0,"gold_gain":0,"player_choice":"Upgraded","damage_taken":0,"max_hp_gain":0,"max_hp_loss":0,"event_name":"Upgrade Shrine","floor":46,"gold_loss":0,"cards_upgraded":["Armaments"]}],"is_beta":false,"boss_relics":[{"not_picked":["Orrery","Sozu"],"picked":"Coffee Dripper"},{"not_picked":["Runic Dome","Runic Cube"],"picked":"Pandora\u0027s Box"}],"items_purged_floors":[36],"is_endless":false,"potions_floor_spawned":[4,6,11,13,27,33,35,39,42,48,54],"ascension_level":15}