{"gold_per_floor":[13,26,26,46,60,60,85,105,105,105,131,148,148,24,24,128,128,147,161,161,111,131,131,131,81,111,111,34,34,34,53,53,154,154,168,214,214,11,11,11,21,31,54,2,14,114,114,128,128,128],"floor_reached":51,"playtime":3366,"items_purged":["Defend_R","Strike_R","Defend_R","Strike_R","Bash"],"score":655,"play_id":"45181d4b-d67e-4cf2-83b3-b076635fba0b","local_time":"20190824162029","is_ascension_mode":false,"campfire_choices":[{"data":"Armaments","floor":6.0,"key":"SMITH"},{"data":"Armaments","floor":10.0,"key":"SMITH"},{"data":"Iron Wave","floor":13.0,"key":"SMITH"},{"floor":15.0,"key":"REST"},{"data":"Body Slam","floor":23,"key":"SMITH"},{"data":"J.A.X.","floor":27,"key":"SMITH"},{"data":"Offering","floor":30,"key":"SMITH"},{"floor":32,"key":"REST"},{"data":"Iron Wave","floor":40,"key":"SMITH"},{"floor":47,"key":"REST"},{"floor":49,"key":"REST"}],"neow_cost":"NO_GOLD","seed_source_timestamp":0,"circlet_count":0,"master_deck":["Shrug It Off","Iron Wave+1","Armaments+1","Shrug It Off","Iron Wave+1","Metallicize+1","Evolve+1","Offering+1","Wild Strike+1","Body Slam+1","Spot Weakness","Iron Wave+1","J.A.X.+1","Shrug It Off","Barricade+1","Rampage+1","Ghostly Armor+1","Intimidate+1","Warcry+1","Rupture+1","Berserk+1","Rupture+1","Entrench"],"special_seed":0,"relics":["Black Blood","Matryoshka","Red Skull","Smiling Mask","Frozen Egg 2","Tiny Chest","Bottled Lightning","Sundial","Astrolabe","Bag of Preparation","Potion Belt","Whetstone","Champion Belt"],"potions_floor_usage":[50,50,50],"damage_taken":[{"damage":8.0,"enemies":"2 Louse","floor":1.0,"turns":3.0},{"damage":0.0,"enemies":"Small Slimes","floor":2.0,"turns":3.0},{"damage":5.0,"enemies":"Jaw Worm","floor":4.0,"turns":4.0},{"damage":4.0,"enemies":"Blue Slaver","floor":5.0,"turns":5.0},{"damage":23.0,"enemies":"3 Sentries","floor":7.0,"turns":13.0},{"damage":4.0,"enemies":"Exordium Thugs","floor":8.0,"turns":7.0},{"damage":27.0,"enemies":"Lagavulin","floor":11.0,"turns":6.0},{"damage":5.0,"enemies":"3 Louse","floor":12.0,"turns":4.0},{"damage":19.0,"enemies":"The Guardian","floor":16.0,"turns":17.0},{"damage":30,"enemies":"3 Byrds","floor":18,"turns":10},{"damage":6,"enemies":"Chosen","floor":19,"turns":4},{"damage":9,"enemies":"Snecko","floor":22,"turns":6},{"damage":12,"enemies":"Shelled Parasite and Fungi","floor":31,"turns":5},{"damage":73,"enemies":"Champ","floor":33,"turns":12},{"damage":25,"enemies":"3 Darklings","floor":35,"turns":9},{"damage":17,"enemies":"Orb Walker","floor":41,"turns":4},{"damage":12,"enemies":"Transient","floor":42,"turns":5},{"damage":9,"enemies":"Writhing Mass","floor":45,"turns":7},{"damage":9,"enemies":"Mind Bloom Boss Battle","floor":46,"turns":4},{"damage":31,"enemies":"3 Darklings","floor":48,"turns":5},{"damage":48,"enemies":"Awakened One","floor":50,"turns":11}],"seed_played":"-2500782566738981964","potions_obtained":[{"floor":1.0,"key":"SkillPotion"},{"floor":5.0,"key":"Poison Potion"},{"floor":8.0,"key":"GamblersBrew"},{"floor":12.0,"key":"Strength Potion"},{"floor":42,"key":"Explosive Potion"}],"is_trial":false,"path_per_floor":["M","M","$","M","M","R","E","M","T","R","E","M","R","$","R","B",null,"M","M","?","$","M","R","?","$","T","R","$","T","R","M","R","B",null,"M","T","?","$","?","R","M","M","T","$","M","?","R","M","R","B",null],"character_chosen":"IRONCLAD","items_purchased":["Evolve+1","Shrug It Off","Potion Belt","Energy Potion"],"campfire_rested":4,"item_purchase_floors":[14,28,38,44],"current_hp_per_floor":[78,80,80,80,80,80,63,65,65,65,44,45,45,45,69,56,80,60,64,64,64,65,65,65,65,65,65,65,65,65,63,80,17,80,65,65,65,65,65,65,58,56,56,56,57,58,80,59,80,42],"gold":128,"neow_bonus":"REMOVE_TWO","is_prod":false,"is_daily":false,"chose_seed":false,"campfire_upgraded":7,"win_rate":0,"timestamp":1566656429,"path_taken":["M","M","$","M","M","R","E","M","T","R","E","M","R","$","R","BOSS","M","M","?","$","M","R","?","?","T","R","$","?","R","M","R","BOSS","M","?","?","$","?","R","M","?","T","?","M","?","R","M","R","BOSS"],"build_version":"2019-07-17","purchased_purges":5,"victory":true,"max_hp_per_floor":[80,80,80,80,80,80,80,80,80,80,80,80,80,80,80,80,80,80,80,80,80,80,80,80,80,80,80,80,80,80,80,80,80,80,80,80,80,80,80,80,80,80,80,80,80,80,80,80,80,80],"card_choices":[{"not_picked":["Burning Pact","Carnage"],"picked":"Shrug It Off","floor":1.0},{"not_picked":["Power Through","Warcry"],"picked":"Iron Wave","floor":2.0},{"not_picked":["Pummel","Clash"],"picked":"Armaments","floor":4.0},{"not_picked":["Pummel","Headbutt"],"picked":"Armaments","floor":5.0},{"not_picked":["Blood for Blood","Sentinel"],"picked":"Shrug It Off","floor":7.0},{"not_picked":["Armaments","Clothesline"],"picked":"Flex","floor":8.0},{"not_picked":["Headbutt","Blood for Blood"],"picked":"Iron Wave","floor":11.0},{"not_picked":["Bloodletting","Twin Strike"],"picked":"Metallicize+1","floor":12.0},{"not_picked":["Limit Break","Dark Embrace+1"],"picked":"Offering","floor":16.0},{"not_picked":["Cleave+1","True Grit"],"picked":"Wild Strike+1","floor":18},{"not_picked":["Heavy Blade+1","True Grit+1"],"picked":"Body Slam","floor":19},{"not_picked":["Perfected Strike","Blood for Blood"],"picked":"Iron Wave","floor":22},{"not_picked":["Flex","Carnage","Headbutt"],"picked":"SKIP","floor":31},{"not_picked":["Impervious","Double Tap"],"picked":"Barricade+1","floor":33},{"not_picked":["Whirlwind","Second Wind"],"picked":"Warcry+1","floor":35},{"not_picked":["Iron Wave","Sever Soul+1"],"picked":"Rupture+1","floor":41},{"not_picked":["Flex","Warcry","Disarm"],"picked":"SKIP","floor":42},{"not_picked":["Clash+1","Clothesline"],"picked":"Berserk+1","floor":45},{"not_picked":["Warcry+1","Corruption+1"],"picked":"Rupture+1","floor":46},{"not_picked":["Reckless Charge","Sword Boomerang"],"picked":"Entrench","floor":48}],"player_experience":361248,"relics_obtained":[{"floor":7.0,"key":"Matryoshka"},{"floor":9.0,"key":"Red Skull"},{"floor":9.0,"key":"Smiling Mask"},{"floor":11.0,"key":"Frozen Egg 2"},{"floor":26,"key":"Tiny Chest"},{"floor":26,"key":"Bottled Lightning"},{"floor":29,"key":"Sundial"},{"floor":36,"key":"Bag of Preparation"},{"floor":43,"key":"Whetstone"},{"floor":46,"key":"Champion Belt"}],"event_choices":[{"damage_healed":0,"gold_gain":0,"player_choice":"Read","damage_taken":0,"max_hp_gain":0,"max_hp_loss":0,"event_name":"The Library","floor":20,"gold_loss":0,"cards_obtained":["Spot Weakness"]},{"damage_healed":0,"gold_gain":0,"player_choice":"Obtain J.A.X.","damage_taken":0,"max_hp_gain":0,"max_hp_loss":0,"event_name":"Drug Dealer","floor":24,"gold_loss":0,"cards_obtained":["J.A.X."]},{"cards_removed":["Armaments"],"damage_healed":0,"gold_gain":0,"player_choice":"Removed Skill","damage_taken":0,"max_hp_gain":0,"max_hp_loss":0,"event_name":"Falling","floor":37,"gold_loss":0},{"cards_removed":["Flex"],"damage_healed":0,"gold_gain":0,"player_choice":"Purged","damage_taken":0,"max_hp_gain":0,"max_hp_loss":0,"event_name":"Purifier","floor":39,"gold_loss":0},{"damage_healed":0,"gold_gain":0,"player_choice":"Fight","damage_taken":0,"max_hp_gain":0,"max_hp_loss":0,"event_name":"MindBloom","floor":46,"gold_loss":0}],"is_beta":false,"boss_relics":[{"not_picked":["Tiny House","Runic Pyramid"],"picked":"Black Blood"},{"not_picked":["Black Star","Runic Cube"],"picked":"Astrolabe"}],"items_purged_floors":[14,21,25,28,38],"is_endless":false,"potions_floor_spawned":[1,5,8,12,18,42,46],"ascension_level":0}