{"gold_per_floor":[112,287,287,303,313,313,65,65,65,99,116,17,36,71,71,167,167,184,203,203,4,14,14,14],"floor_reached":24,"playtime":1433,"items_purged":["Doubt"],"score":206,"play_id":"cbf93091-3b32-4858-81ed-548f5cc0da61","local_time":"20190330193038","is_ascension_mode":false,"campfire_choices":[{"data":"Redo","floor":6,"key":"SMITH"},{"data":"Dualcast","floor":8,"key":"SMITH"},{"data":"Loop","floor":15,"key":"SMITH"},{"data":"Buffer","floor":23,"key":"SMITH"}],"neow_cost":"NONE","seed_source_timestamp":28028074350100,"circlet_count":0,"master_deck":["Strike_B","Strike_B","Strike_B","Strike_B","Defend_B","Defend_B","Defend_B","Defend_B","Zap","Dualcast+1","Reboot","Go for the Eyes","Redo+1","Rebound","Turbo","Hologram","Storm","Defragment","Steam","Doom and Gloom","Loop+1","Buffer+1","Capacitor","Conserve Battery","Leap"],"relics":["Cracked Core","Omamori","FossilizedHelix","The Courier","Nuclear Battery","Enchiridion","Gremlin Horn"],"potions_floor_usage":[14,18],"damage_taken":[{"damage":1,"enemies":"Small Slimes","floor":1,"turns":3},{"damage":0,"enemies":"2 Louse","floor":4,"turns":2},{"damage":1,"enemies":"Jaw Worm","floor":5,"turns":3},{"damage":23,"enemies":"Lagavulin","floor":10,"turns":7},{"damage":0,"enemies":"Red Slaver","floor":11,"turns":3},{"damage":5,"enemies":"Exordium Wildlife","floor":13,"turns":4},{"damage":13,"enemies":"3 Sentries","floor":14,"turns":5},{"damage":5,"enemies":"Slime Boss","floor":16,"turns":7},{"damage":10,"enemies":"Spheric Guardian","floor":18,"turns":4},{"damage":0,"enemies":"Chosen","floor":19,"turns":5},{"damage":14,"enemies":"Snake Plant","floor":22,"turns":3},{"damage":57,"enemies":"Slavers","floor":24,"turns":5}],"seed_played":"-3512773475127415382","potions_obtained":[{"floor":10,"key":"Regen Potion"},{"floor":11,"key":"Block Potion"},{"floor":19,"key":"FairyPotion"}],"is_trial":false,"path_per_floor":["M","?","?","M","M","R","$","R","T","E","M","$","M","E","R","B",null,"M","M","?","$","M","R","E"],"character_chosen":"DEFECT","items_purchased":["Turbo","Omamori","Defragment","Steam","Gremlin Horn"],"campfire_rested":0,"item_purchase_floors":[7,7,12,12,21],"current_hp_per_floor":[74,74,79,79,78,78,78,78,78,55,55,55,50,51,51,46,80,70,70,54,54,40,40,0],"gold":14,"neow_bonus":"ONE_RANDOM_RARE_CARD","is_prod":false,"is_daily":false,"chose_seed":false,"campfire_upgraded":4,"win_rate":0,"timestamp":1553970638,"path_taken":["M","?","?","M","M","R","$","R","T","E","M","$","?","E","R","BOSS","M","M","?","$","M","R","E"],"build_version":"2019-01-23","purchased_purges":1,"victory":false,"max_hp_per_floor":[75,75,80,80,80,80,80,80,80,80,80,80,80,80,80,80,80,80,80,80,80,80,80,80],"card_choices":[{"not_picked":["Sweeping Beam","Turbo"],"picked":"Go for the Eyes","floor":1},{"not_picked":["Gash","Hologram"],"picked":"Redo","floor":4},{"not_picked":["Gash","Streamline"],"picked":"Rebound","floor":5},{"not_picked":["Compile Driver","Recycle"],"picked":"Hologram","floor":10},{"not_picked":["Sweeping Beam","Beam Cell"],"picked":"Storm","floor":11},{"not_picked":["Hologram","Lockon"],"picked":"Doom and Gloom","floor":13},{"not_picked":["Reboot","Compile Driver"],"picked":"Loop","floor":14},{"not_picked":["Reboot","Electrodynamics"],"picked":"Buffer","floor":16},{"not_picked":["Turbo","Barrage"],"picked":"Capacitor","floor":18},{"not_picked":["Steam+1","Streamline"],"picked":"Conserve Battery","floor":19},{"not_picked":["BootSequence","Streamline"],"picked":"Leap","floor":22}],"player_experience":271639,"relics_obtained":[{"floor":10,"key":"FossilizedHelix"},{"floor":14,"key":"The Courier"},{"floor":20,"key":"Enchiridion"}],"event_choices":[{"damage_healed":0,"gold_gain":175,"player_choice":"AGREE","damage_taken":0,"max_hp_gain":0,"max_hp_loss":0,"event_name":"Liars Game","floor":2,"gold_loss":0,"cards_obtained":["Doubt"]},{"damage_healed":0,"gold_gain":0,"player_choice":"Donut","damage_taken":0,"max_hp_gain":5,"max_hp_loss":0,"event_name":"Big Fish","floor":3,"gold_loss":0},{"damage_healed":0,"gold_gain":0,"player_choice":"Obtained Book","damage_taken":16,"max_hp_gain":0,"max_hp_loss":0,"event_name":"Cursed Tome","floor":20,"gold_loss":0}],"is_beta":false,"boss_relics":[{"not_picked":["Empty Cage","FrozenCore"],"picked":"Nuclear Battery"}],"items_purged_floors":[7],"is_endless":false,"potions_floor_spawned":[10,11,19],"killed_by":"Slavers","ascension_level":0}