{"gold_per_floor":[18,18,18,31,55,55,98,98,123,156,156,156,211,61,61,155,155,168,187,187,200,200,200,10,346,423,448,486,502,533,553,553,647,647,663,374,392,725,725,753,768,819,891,891,906,932,521,549,549,549,549,549,183,218,218],"floor_reached":56,"playtime":2273,"items_purged":["Strike_R","Strike_R+1"],"score":2058,"play_id":"600ae26c-4911-4152-aa53-2e24a4f66e0c","local_time":"20190824123544","is_ascension_mode":true,"campfire_choices":[{"data":"Carnage","floor":6.0,"key":"SMITH"},{"data":"Bash","floor":8.0,"key":"SMITH"},{"data":"Feel No Pain","floor":11.0,"key":"SMITH"},{"data":"Sword Boomerang","floor":15.0,"key":"SMITH"},{"data":"Feed","floor":23.0,"key":"SMITH"},{"data":"Inflame","floor":32.0,"key":"SMITH"},{"floor":44.0,"key":"RECALL"},{"data":"Corruption","floor":49.0,"key":"SMITH"},{"data":"Disarm","floor":52.0,"key":"SMITH"}],"neow_cost":"NO_GOLD","seed_source_timestamp":836264364145440,"circlet_count":0,"master_deck":["AscendersBane","Defend_R+1","Defend_R+1","Defend_R+1","Bash+1","Reaper","Feel No Pain+1","Carnage+1","Sword Boomerang+1","Disarm+1","Double Tap+1","Feed+1","Necronomicurse","Clothesline","Corruption+1","Shrug It Off+1","Inflame+1","Shrug It Off+1","Reaper","Reaper+1","Twin Strike+1","Blood for Blood+1","Juggernaut+1","Headbutt+1","Clothesline+1","Sword Boomerang","Flame Barrier+1","Dark Embrace+1","Flame Barrier+1","Warcry+1","Whirlwind"],"special_seed":0,"relics":["Burning Blood","Dream Catcher","Red Skull","Toxic Egg 2","Vajra","Sozu","Necronomicon","Old Coin","Sundial","Kunai","Centennial Puzzle","Astrolabe","Incense Burner","Bag of Marbles","Peace Pipe","Whetstone","Anchor","Pantograph","Frozen Egg 2","DollysMirror","Happy Flower"],"potions_floor_usage":[],"damage_taken":[{"damage":7.0,"enemies":"Jaw Worm","floor":1.0,"turns":3.0},{"damage":1.0,"enemies":"2 Louse","floor":4.0,"turns":3.0},{"damage":7.0,"enemies":"Small Slimes","floor":5.0,"turns":4.0},{"damage":17.0,"enemies":"3 Sentries","floor":7.0,"turns":10.0},{"damage":14.0,"enemies":"Gremlin Nob","floor":10.0,"turns":4.0},{"damage":23.0,"enemies":"Slime Boss","floor":16.0,"turns":11.0},{"damage":15.0,"enemies":"Shell Parasite","floor":18.0,"turns":3.0},{"damage":19.0,"enemies":"3 Byrds","floor":19.0,"turns":8.0},{"damage":0.0,"enemies":"Snecko","floor":21.0,"turns":4.0},{"damage":8.0,"enemies":"Book of Stabbing","floor":25.0,"turns":4.0},{"damage":0.0,"enemies":"Cultist and Chosen","floor":27.0,"turns":6.0},{"damage":40.0,"enemies":"Gremlin Leader","floor":28.0,"turns":9.0},{"damage":4.0,"enemies":"3 Cultists","floor":29.0,"turns":5.0},{"damage":32.0,"enemies":"Slavers","floor":30.0,"turns":5.0},{"damage":10.0,"enemies":"Snake Plant","floor":31.0,"turns":6.0},{"damage":81.0,"enemies":"Collector","floor":33.0,"turns":10.0},{"damage":8.0,"enemies":"Orb Walker","floor":35.0,"turns":5.0},{"damage":38.0,"enemies":"3 Darklings","floor":37.0,"turns":6.0},{"damage":59.0,"enemies":"Reptomancer","floor":40.0,"turns":10.0},{"damage":6.0,"enemies":"Spire Growth","floor":41.0,"turns":4.0},{"damage":59.0,"enemies":"2 Orb Walkers","floor":42.0,"turns":6.0},{"damage":13.0,"enemies":"Writhing Mass","floor":45.0,"turns":5.0},{"damage":22.0,"enemies":"Nemesis","floor":46.0,"turns":3.0},{"damage":41.0,"enemies":"Giant Head","floor":48.0,"turns":9.0},{"damage":76.0,"enemies":"Donu and Deca","floor":50.0,"turns":9.0},{"damage":49.0,"enemies":"Shield and Spear","floor":54.0,"turns":6.0},{"damage":20,"enemies":"The Heart","floor":55,"turns":9}],"seed_played":"8741545630836465111","potions_obtained":[{"floor":5.0,"key":"AttackPotion"},{"floor":16.0,"key":"GamblersBrew"}],"is_trial":false,"path_per_floor":["M","?","?","M","M","R","E","R","T","E","R","?","T","$","R","B",null,"M","M","?","M","?","R","$","E","T","M","E","M","E","M","R","B",null,"M","$","M","?","?","E","M","?","T","R","M","E","$","E","R","B",null,"R","$","E","B",null],"character_chosen":"IRONCLAD","items_purchased":["Double Tap+1","Corruption","Shrug It Off+1","Incense Burner","Anchor","Pantograph","Dark Embrace+1","DollysMirror","Warcry+1"],"campfire_rested":0,"item_purchase_floors":[14,24,24,36,47,47,53,53,53],"current_hp_per_floor":[67,67,60,68,68,68,65,65,65,57,57,37,37,37,37,46,63,60,55,34,51,51,51,51,53,53,59,38,53,51,62,62,59,85,93,93,88,88,88,90,90,83,83,83,80,64,64,75,75,92,92,92,92,96,96],"gold":218,"neow_bonus":"THREE_RARE_CARDS","is_prod":false,"is_daily":false,"chose_seed":false,"campfire_upgraded":8,"win_rate":0,"timestamp":1566664544,"path_taken":["M","?","?","M","M","R","E","R","T","E","R","?","?","$","R","BOSS","M","M","?","M","?","R","$","E","T","M","E","M","E","M","R","BOSS","M","$","M","?","?","E","M","?","T","R","M","E","$","E","R","BOSS","R","$","E","BOSS"],"build_version":"2019-07-17","purchased_purges":2,"victory":true,"max_hp_per_floor":[75,68,68,68,68,68,68,68,68,68,68,68,68,68,68,68,68,71,74,74,77,77,77,77,81,81,81,81,81,85,89,89,93,93,93,93,97,97,92,92,92,92,92,92,92,92,92,92,92,92,92,92,92,96,96],"card_choices":[{"not_picked":["Limit Break","Juggernaut"],"picked":"Reaper","floor":0.0},{"not_picked":["Havoc","Sentinel"],"picked":"Feel No Pain","floor":1.0},{"not_picked":["Sever Soul","Pommel Strike"],"picked":"Carnage","floor":4.0},{"not_picked":["Entrench","Iron Wave"],"picked":"Sword Boomerang","floor":5.0},{"not_picked":["Thunderclap","Pommel Strike"],"picked":"Disarm","floor":7.0},{"not_picked":["Twin Strike","Body Slam","Sword Boomerang"],"picked":"SKIP","floor":10.0},{"not_picked":["Exhume+1","Impervious+1"],"picked":"Feed","floor":16.0},{"not_picked":["Bloodletting+1","Sever Soul","Clash"],"picked":"SKIP","floor":18.0},{"not_picked":["Seeing Red+1","Anger","Reckless Charge"],"picked":"SKIP","floor":19.0},{"not_picked":["Twin Strike","Havoc+1"],"picked":"Clothesline","floor":21.0},{"not_picked":["Berserk","Sword Boomerang","Iron Wave"],"picked":"SKIP","floor":25.0},{"not_picked":["Pummel","Carnage","Pommel Strike"],"picked":"SKIP","floor":27.0},{"not_picked":["Rage+1","Searing Blow","Havoc+1"],"picked":"SKIP","floor":28.0},{"not_picked":["Pummel","Reckless Charge"],"picked":"Inflame","floor":29.0},{"not_picked":["Heavy Blade+1","Carnage"],"picked":"Shrug It Off+1","floor":30.0},{"not_picked":["Armaments+1","Clash"],"picked":"Reaper","floor":31.0},{"not_picked":["Dark Embrace","Juggernaut"],"picked":"Reaper","floor":33.0},{"not_picked":["Wild Strike+1","Ghostly Armor+1"],"picked":"Headbutt","floor":35.0},{"not_picked":["Metallicize","Infernal Blade+1","Havoc+1"],"picked":"SKIP","floor":37.0},{"not_picked":["Perfected Strike+1","Hemokinesis+1"],"picked":"Clothesline+1","floor":40.0},{"not_picked":["Twin Strike+1","Clothesline","True Grit+1"],"picked":"SKIP","floor":41.0},{"not_picked":["Wild Strike","Juggernaut","Anger"],"picked":"SKIP","floor":45.0},{"not_picked":["True Grit+1","Wild Strike"],"picked":"Sword Boomerang","floor":46.0},{"not_picked":["Thunderclap","Flex+1"],"picked":"Flame Barrier+1","floor":48.0},{"not_picked":["Perfected Strike","Body Slam"],"picked":"Whirlwind","floor":54.0}],"player_experience":2732730,"relics_obtained":[{"floor":7.0,"key":"Dream Catcher"},{"floor":9.0,"key":"Red Skull"},{"floor":10.0,"key":"Toxic Egg 2"},{"floor":13.0,"key":"Vajra"},{"floor":20.0,"key":"Necronomicon"},{"floor":25.0,"key":"Old Coin"},{"floor":26.0,"key":"Sundial"},{"floor":28.0,"key":"Kunai"},{"floor":30.0,"key":"Centennial Puzzle"},{"floor":40.0,"key":"Bag of Marbles"},{"floor":42.0,"key":"Peace Pipe"},{"floor":46.0,"key":"Whetstone"},{"floor":48.0,"key":"Frozen Egg 2"},{"floor":54.0,"key":"Happy Flower"}],"event_choices":[{"damage_healed":0.0,"max_hp_gain":0.0,"max_hp_loss":7.0,"gold_gain":0.0,"event_name":"Golden Idol","player_choice":"Lose Max HP","floor":2.0,"gold_loss":0.0,"damage_taken":0.0,"relics_obtained":["Golden Idol"]},{"cards_removed":["Strike_R"],"damage_healed":0.0,"max_hp_gain":0.0,"max_hp_loss":0.0,"gold_gain":0.0,"event_name":"Golden Wing","player_choice":"Card Removal","floor":3.0,"gold_loss":0.0,"damage_taken":7.0},{"damage_healed":0.0,"max_hp_gain":0.0,"max_hp_loss":0.0,"gold_gain":0.0,"event_name":"Shining Light","player_choice":"Entered Light","floor":12.0,"gold_loss":0.0,"damage_taken":20.0,"cards_upgraded":["Defend_R","Strike_R"]},{"damage_healed":0.0,"max_hp_gain":0.0,"max_hp_loss":0.0,"gold_gain":0.0,"event_name":"Cursed Tome","player_choice":"Obtained Book","floor":20.0,"gold_loss":0.0,"damage_taken":21.0},{"damage_healed":0.0,"max_hp_gain":0.0,"max_hp_loss":0.0,"gold_gain":0.0,"event_name":"Back to Basics","player_choice":"Simplicity","floor":22.0,"gold_loss":0.0,"damage_taken":0.0,"cards_upgraded":["Strike_R","Strike_R","Defend_R","Defend_R","Defend_R"]},{"damage_healed":0.0,"max_hp_gain":0.0,"max_hp_loss":0.0,"gold_gain":333.0,"event_name":"The Moai Head","player_choice":"Gave Idol","floor":38.0,"relics_lost":["Golden Idol"],"gold_loss":0.0,"damage_taken":0.0},{"damage_healed":0.0,"max_hp_gain":0.0,"max_hp_loss":5.0,"gold_gain":0.0,"event_name":"Winding Halls","player_choice":"Max HP","floor":39.0,"gold_loss":0.0,"damage_taken":0.0},{"damage_healed":0.0,"max_hp_gain":0.0,"max_hp_loss":0.0,"gold_gain":0.0,"event_name":"Mysterious Sphere","player_choice":"Fight","floor":42.0,"gold_loss":0.0,"damage_taken":0.0}],"is_beta":false,"boss_relics":[{"not_picked":["Busted Crown","Runic Cube"],"picked":"Sozu"},{"not_picked":["Black Star","Eternal Feather"],"picked":"Astrolabe"}],"items_purged_floors":[14,24],"is_endless":false,"potions_floor_spawned":[5,16,21,29,30,31,33,35,41,45,46],"ascension_level":15}