{"gold_per_floor":[110,128,140,155,155,155,168,168,168,168,193,217,240,258,258,388,388,411,411,411,429,57,70,89,123,148,148,148],"floor_reached":28,"playtime":1297,"items_purged":["Injury"],"score":286,"play_id":"bf73e989-7137-4412-8a7c-6dace79744e2","local_time":"20190817230202","is_ascension_mode":false,"campfire_choices":[{"data":"Redo","floor":6,"key":"SMITH"},{"data":"Loop","floor":8,"key":"SMITH"},{"data":"Doom and Gloom","floor":10,"key":"SMITH"},{"data":"Creative AI","floor":15,"key":"SMITH"},{"floor":27,"key":"REST"}],"neow_cost":"NONE","seed_source_timestamp":42219497135700,"circlet_count":0,"master_deck":["Strike_B","Strike_B","Strike_B","Strike_B","Defend_B","Defend_B","Defend_B","Defend_B","Zap","Dualcast+1","Stack","Redo+1","Steam","Doom and Gloom+1","Loop+1","Capacitor","Creative AI+1","Capacitor","Go for the Eyes","Electrodynamics","Conserve Battery+1","Go for the Eyes","Conserve Battery","Leap+1","Genetic Algorithm","Self Repair+1"],"relics":["Cracked Core","Golden Idol","Cables","Lizard Tail","Enchiridion","Frozen Egg 2","Symbiotic Virus","Strawberry"],"potions_floor_usage":[4,24,24],"damage_taken":[{"damage":1,"enemies":"Cultist","floor":1,"turns":4},{"damage":3,"enemies":"2 Louse","floor":2,"turns":2},{"damage":3,"enemies":"Small Slimes","floor":3,"turns":3},{"damage":10,"enemies":"Exordium Wildlife","floor":4,"turns":6},{"damage":8,"enemies":"Lots of Slimes","floor":7,"turns":3},{"damage":19,"enemies":"Gremlin Gang","floor":11,"turns":3},{"damage":0,"enemies":"Looter","floor":12,"turns":3},{"damage":0,"enemies":"Exordium Wildlife","floor":13,"turns":2},{"damage":6,"enemies":"Blue Slaver","floor":14,"turns":2},{"damage":0,"enemies":"Slime Boss","floor":16,"turns":6},{"damage":16,"enemies":"Chosen","floor":18,"turns":5},{"damage":0,"enemies":"Spheric Guardian","floor":21,"turns":3},{"damage":32,"enemies":"3 Cultists","floor":23,"turns":5},{"damage":0,"enemies":"Centurion and Healer","floor":24,"turns":6},{"damage":35,"enemies":"Book of Stabbing","floor":25,"turns":7},{"damage":47,"enemies":"Slavers","floor":28,"turns":3}],"seed_played":"78522217390182094","potions_obtained":[{"floor":3,"key":"Swift Potion"},{"floor":12,"key":"GamblersBrew"},{"floor":13,"key":"EssenceOfSteel"},{"floor":14,"key":"Ancient Potion"},{"floor":23,"key":"SkillPotion"},{"floor":24,"key":"Explosive Potion"}],"is_trial":false,"path_per_floor":["M","M","M","M","?","R","M","R","T","R","M","M","M","M","R","B",null,"M","?","?","M","$","M","M","E","T","R","E"],"character_chosen":"DEFECT","items_purchased":["Frozen Egg 2","Conserve Battery"],"campfire_rested":1,"item_purchase_floors":[22,22],"current_hp_per_floor":[74,71,68,58,58,58,50,50,50,50,31,31,31,25,25,25,75,59,43,43,43,43,11,11,14,21,45,0],"gold":148,"neow_bonus":"UPGRADE_CARD","is_prod":false,"is_daily":false,"chose_seed":false,"campfire_upgraded":4,"win_rate":0,"timestamp":1566075722,"path_taken":["M","M","M","?","?","R","M","R","T","R","M","M","M","M","R","BOSS","M","?","?","?","$","M","M","E","T","R","E"],"build_version":"2019-07-17","purchased_purges":1,"victory":false,"max_hp_per_floor":[75,75,75,75,75,75,75,75,75,75,75,75,75,75,75,75,75,75,75,75,75,75,75,75,75,82,82,82],"card_choices":[{"not_picked":["Gash","Steam Power"],"picked":"Stack","floor":1},{"not_picked":["Hologram","Blizzard"],"picked":"Redo","floor":2},{"not_picked":["Turbo","Gash"],"picked":"Steam","floor":3},{"not_picked":["Cold Snap","Streamline"],"picked":"Doom and Gloom","floor":4},{"not_picked":["Steam","Hologram"],"picked":"Loop","floor":7},{"not_picked":["Scrape","Stack"],"picked":"Capacitor","floor":11},{"not_picked":["Genetic Algorithm","Compile Driver"],"picked":"Creative AI","floor":12},{"not_picked":["Hello World","Coolheaded"],"picked":"Capacitor","floor":13},{"not_picked":["Beam Cell","Chill"],"picked":"Go for the Eyes","floor":14},{"not_picked":["Multi-Cast","Core Surge"],"picked":"Electrodynamics","floor":16},{"not_picked":["Compile Driver","Go for the Eyes"],"picked":"Conserve Battery+1","floor":18},{"not_picked":["Hologram+1","Hello World+1"],"picked":"Go for the Eyes","floor":21},{"not_picked":["Sweeping Beam","Cold Snap"],"picked":"Leap+1","floor":23},{"not_picked":["Steam","Streamline"],"picked":"Genetic Algorithm","floor":24},{"not_picked":["Auto Shields","Go for the Eyes"],"picked":"Self Repair+1","floor":25}],"player_experience":309578,"relics_obtained":[{"floor":9,"key":"Cables"},{"floor":19,"key":"Enchiridion"},{"floor":25,"key":"Symbiotic Virus"},{"floor":26,"key":"Strawberry"}],"event_choices":[{"damage_healed":0,"gold_gain":0,"player_choice":"Take Wound","damage_taken":0,"relics_obtained":["Golden Idol"],"max_hp_gain":0,"max_hp_loss":0,"event_name":"Golden Idol","floor":5,"gold_loss":0,"cards_obtained":["Injury"]},{"damage_healed":0,"gold_gain":0,"player_choice":"Obtained Book","damage_taken":16,"max_hp_gain":0,"max_hp_loss":0,"event_name":"Cursed Tome","floor":19,"gold_loss":0},{"damage_healed":0,"gold_gain":0,"player_choice":"Bought 0 Potions","damage_taken":0,"max_hp_gain":0,"max_hp_loss":0,"event_name":"The Woman in Blue","floor":20,"gold_loss":0}],"is_beta":false,"boss_relics":[{"not_picked":["Runic Dome","Busted Crown"],"picked":"Lizard Tail"}],"items_purged_floors":[22],"is_endless":false,"potions_floor_spawned":[3,12,13,14,16,23,24],"killed_by":"Slavers","ascension_level":0}