{"gold_per_floor":[210,360,285,300,53,84,84,111,135,135,150,181,181,194,194,271,271,288,288,306,321,37,72,72,107,160,193,205,215,248,43,43,122,122,134,134,134,146,156,189,189,221,246,262,294,339,374,390,390,390,390,390,23,50,50],"floor_reached":56,"playtime":2496,"items_purged":["Doubt","Strike_R","Strike_R"],"score":2360,"play_id":"496955e8-7a4b-4a28-a5f8-9743a77b65f8","local_time":"20190819200047","is_ascension_mode":true,"campfire_choices":[{"data":"Combust","floor":7,"key":"SMITH"},{"floor":10,"key":"REST"},{"data":"Whirlwind","floor":13,"key":"SMITH"},{"data":"Inflame","floor":15,"key":"SMITH"},{"data":"Bash","floor":24,"key":"SMITH"},{"floor":32,"key":"REST"},{"floor":41,"key":"REST"},{"floor":49,"key":"RECALL"},{"floor":52,"key":"REST"}],"neow_cost":"NONE","seed_source_timestamp":430871017047115,"circlet_count":0,"master_deck":["AscendersBane","Strike_R","Strike_R","Strike_R","Defend_R","Defend_R+1","Defend_R","Defend_R","Bash+1","Combust+1","Inflame+1","Disarm+1","Whirlwind+1","Twin Strike","Impervious","Shrug It Off","Offering","Shrug It Off","Clothesline+1","Exhume","Barricade","Heavy Blade","Corruption","Dark Embrace","Immolate","Power Through+1","Double Tap","Headbutt","Dark Shackles","Iron Wave+1","Exhume","Bludgeon","Impervious","Evolve"],"relics":["Burning Blood","Lantern","Regal Pillow","Pen Nib","Shuriken","Snecko Eye","Nloth\u0027s Gift","Self Forming Clay","Omamori","PreservedInsect","Potion Belt","Anchor","Orrery","Thread and Needle","Pear","Oddly Smooth Stone","Dream Catcher","Torii","Ornamental Fan","DollysMirror","War Paint"],"potions_floor_usage":[27,29,33,46,48,55,55,55],"damage_taken":[{"damage":1,"enemies":"2 Louse","floor":1,"turns":4},{"damage":6,"enemies":"Jaw Worm","floor":4,"turns":4},{"damage":39,"enemies":"Gremlin Nob","floor":6,"turns":5},{"damage":35,"enemies":"Lagavulin","floor":8,"turns":7},{"damage":1,"enemies":"Cultist","floor":11,"turns":3},{"damage":10,"enemies":"Gremlin Nob","floor":12,"turns":3},{"damage":3,"enemies":"Exordium Thugs","floor":14,"turns":3},{"damage":3,"enemies":"Slime Boss","floor":16,"turns":5},{"damage":0,"enemies":"2 Thieves","floor":18,"turns":1},{"damage":6,"enemies":"Shell Parasite","floor":20,"turns":1},{"damage":24,"enemies":"Snecko","floor":21,"turns":4},{"damage":10,"enemies":"Book of Stabbing","floor":23,"turns":4},{"damage":14,"enemies":"Gremlin Leader","floor":25,"turns":5},{"damage":2,"enemies":"Slavers","floor":27,"turns":3},{"damage":1,"enemies":"Centurion and Healer","floor":28,"turns":6},{"damage":13,"enemies":"Cultist and Chosen","floor":29,"turns":3},{"damage":9,"enemies":"Book of Stabbing","floor":30,"turns":4},{"damage":39,"enemies":"Automaton","floor":33,"turns":7},{"damage":4,"enemies":"3 Darklings","floor":35,"turns":2},{"damage":0,"enemies":"3 Shapes","floor":38,"turns":4},{"damage":6,"enemies":"Jaw Worm Horde","floor":39,"turns":2},{"damage":41,"enemies":"Reptomancer","floor":40,"turns":6},{"damage":6,"enemies":"Nemesis","floor":42,"turns":5},{"damage":18,"enemies":"Maw","floor":44,"turns":6},{"damage":4,"enemies":"Giant Head","floor":45,"turns":6},{"damage":12,"enemies":"2 Orb Walkers","floor":46,"turns":3},{"damage":6,"enemies":"Reptomancer","floor":47,"turns":4},{"damage":0,"enemies":"4 Shapes","floor":48,"turns":5},{"damage":46,"enemies":"Donu and Deca","floor":50,"turns":10},{"damage":35,"enemies":"Shield and Spear","floor":54,"turns":7},{"damage":11,"enemies":"The Heart","floor":55,"turns":8}],"seed_played":"4467541586047683789","potions_obtained":[{"floor":4,"key":"Explosive Potion"},{"floor":6,"key":"Swift Potion"},{"floor":18,"key":"SteroidPotion"},{"floor":27,"key":"Ancient Potion"},{"floor":28,"key":"SkillPotion"},{"floor":35,"key":"SpeedPotion"},{"floor":40,"key":"FearPotion"},{"floor":45,"key":"Explosive Potion"},{"floor":48,"key":"Fire Potion"}],"is_trial":false,"path_per_floor":["M","?","$","M","$","E","R","E","T","R","M","E","R","M","R","B",null,"M","?","M","M","$","E","R","E","T","E","M","M","E","$","R","B",null,"M","$","?","M","M","E","R","E","T","M","E","?","E","M","R","B",null,"R","$","E","B",null],"character_chosen":"IRONCLAD","items_purchased":["Bag of Marbles","Exhume","Anchor","SkillPotion","DollysMirror","Evolve","Energy Potion","SpeedPotion"],"campfire_rested":4,"item_purchase_floors":[5,22,31,31,53,53,53,53],"current_hp_per_floor":[73,73,73,73,73,40,40,11,11,48,53,49,49,52,52,55,70,75,75,75,57,57,53,53,45,45,49,54,47,44,44,75,42,67,69,69,59,65,65,30,67,77,77,65,67,61,61,67,67,27,71,85,85,56,51],"gold":50,"neow_bonus":"HUNDRED_GOLD","is_prod":false,"is_daily":false,"chose_seed":false,"campfire_upgraded":4,"win_rate":0,"timestamp":1566259247,"path_taken":["M","?","$","M","$","E","R","E","T","R","M","E","R","M","R","BOSS","M","?","?","M","$","E","R","E","T","E","M","M","E","$","R","BOSS","M","$","?","M","M","E","R","E","T","M","E","?","E","M","R","BOSS","R","$","E","BOSS"],"build_version":"2019-07-17","purchased_purges":3,"victory":true,"max_hp_per_floor":[75,75,75,75,75,75,75,75,75,75,75,75,75,75,75,75,75,75,75,75,75,75,75,75,75,75,75,75,75,75,75,75,75,75,75,75,75,75,75,75,75,85,85,85,85,85,85,85,85,85,85,85,85,85,85],"card_choices":[{"not_picked":["Havoc","Thunderclap"],"picked":"Combust","floor":1},{"not_picked":["Entrench","Fire Breathing"],"picked":"Inflame","floor":4},{"not_picked":["Dual Wield","Infernal Blade"],"picked":"Disarm","floor":6},{"not_picked":["True Grit","Havoc"],"picked":"Whirlwind","floor":8},{"not_picked":["Evolve","Ghostly Armor"],"picked":"Twin Strike","floor":11},{"not_picked":["Fire Breathing","Armaments"],"picked":"Impervious","floor":12},{"not_picked":["True Grit","Cleave"],"picked":"Shrug It Off","floor":14},{"not_picked":["Brutality","Dark Embrace"],"picked":"Offering","floor":16},{"not_picked":["Perfected Strike","Sword Boomerang","Ghostly Armor"],"picked":"SKIP","floor":18},{"not_picked":["Wild Strike","Dual Wield"],"picked":"Shrug It Off","floor":20},{"not_picked":["Armaments","Clash"],"picked":"Clothesline+1","floor":21},{"not_picked":["Thunderclap","Ghostly Armor"],"picked":"Barricade","floor":23},{"not_picked":["Dual Wield","Intimidate"],"picked":"Heavy Blade","floor":25},{"not_picked":["Thunderclap","Berserk","Infernal Blade"],"picked":"SKIP","floor":27},{"not_picked":["Dropkick","Intimidate","Body Slam"],"picked":"SKIP","floor":28},{"not_picked":["Bloodletting","Reckless Charge"],"picked":"Corruption","floor":29},{"not_picked":["Sword Boomerang","Power Through","Anger"],"picked":"SKIP","floor":30},{"not_picked":["Bludgeon","Berserk"],"picked":"Dark Embrace","floor":33},{"not_picked":["Searing Blow","Uppercut"],"picked":"Immolate","floor":34},{"not_picked":["Shrug It Off","Sword Boomerang"],"picked":"Power Through+1","floor":34},{"not_picked":["Seeing Red","Flex+1"],"picked":"Double Tap","floor":34},{"not_picked":["Heavy Blade","Warcry"],"picked":"Headbutt","floor":34},{"not_picked":["Sword Boomerang+1","Pommel Strike","Warcry+1"],"picked":"SKIP","floor":35},{"not_picked":["HandOfGreed","Purity"],"picked":"Dark Shackles","floor":37},{"not_picked":["Thunderclap","Flex","Armaments"],"picked":"SKIP","floor":38},{"not_picked":["Clash","Pummel"],"picked":"Iron Wave+1","floor":39},{"not_picked":["Searing Blow+1","Limit Break"],"picked":"Exhume","floor":40},{"not_picked":["Sword Boomerang","Whirlwind","Carnage"],"picked":"SKIP","floor":42},{"not_picked":["Dropkick","Ghostly Armor+1"],"picked":"Bludgeon","floor":44},{"not_picked":["Anger+1","Barricade","Reckless Charge+1"],"picked":"SKIP","floor":45},{"not_picked":["Armaments","Searing Blow","Barricade"],"picked":"SKIP","floor":47},{"not_picked":["Havoc+1","Cleave","Dropkick"],"picked":"SKIP","floor":48},{"not_picked":["Bloodletting","Infernal Blade+1","Feed"],"picked":"SKIP","floor":54}],"player_experience":2705498,"relics_obtained":[{"floor":6,"key":"Lantern"},{"floor":8,"key":"Regal Pillow"},{"floor":9,"key":"Pen Nib"},{"floor":12,"key":"Shuriken"},{"floor":23,"key":"Self Forming Clay"},{"floor":25,"key":"Omamori"},{"floor":27,"key":"PreservedInsect"},{"floor":30,"key":"Potion Belt"},{"floor":40,"key":"Thread and Needle"},{"floor":42,"key":"Pear"},{"floor":43,"key":"Oddly Smooth Stone"},{"floor":45,"key":"Dream Catcher"},{"floor":46,"key":"Torii"},{"floor":47,"key":"Ornamental Fan"},{"floor":54,"key":"War Paint"}],"event_choices":[{"damage_healed":0,"gold_gain":150,"player_choice":"AGREE","damage_taken":0,"max_hp_gain":0,"max_hp_loss":0,"event_name":"Liars Game","floor":2,"gold_loss":0,"cards_obtained":["Doubt"]},{"damage_healed":0,"gold_gain":0,"player_choice":"Traded Relic","damage_taken":0,"relics_obtained":["Nloth\u0027s Gift"],"max_hp_gain":0,"max_hp_loss":0,"event_name":"N\u0027loth","floor":19,"relics_lost":["Bag of Marbles"],"gold_loss":0},{"damage_healed":0,"gold_gain":0,"player_choice":"Memory 3","damage_taken":10,"max_hp_gain":0,"max_hp_loss":0,"event_name":"SensoryStone","floor":37,"gold_loss":0},{"damage_healed":0,"gold_gain":0,"player_choice":"Fight","damage_taken":0,"max_hp_gain":0,"max_hp_loss":0,"event_name":"Mysterious Sphere","floor":46,"gold_loss":0}],"is_beta":false,"boss_relics":[{"not_picked":["Astrolabe","White Beast Statue"],"picked":"Snecko Eye"},{"not_picked":["Eternal Feather","Sozu"],"picked":"Orrery"}],"items_purged_floors":[3,5,22],"is_endless":false,"potions_floor_spawned":[4,6,12,16,18,20,27,28,35,40,45,48],"ascension_level":15}