{"gold_per_floor":[219,219,229,245,99,99,127,142,142,142,160,178,192,210,210,313,313,332,349,349,361,378,378,378,378],"floor_reached":25,"playtime":2826,"items_purged":["Strike_R"],"score":209,"play_id":"c0a4589f-f204-431c-ad3d-f9fdada64a25","local_time":"20190825171644","is_ascension_mode":false,"campfire_choices":[{"data":"Corruption","floor":6,"key":"SMITH"},{"floor":10,"key":"REST"},{"floor":15,"key":"REST"},{"floor":23,"key":"REST"}],"neow_cost":"NONE","seed_source_timestamp":363237098933300,"circlet_count":0,"master_deck":["Strike_R","Strike_R","Strike_R","Defend_R","Defend_R","Defend_R","Defend_R","Bash","Sword Boomerang","Whirlwind","Pommel Strike","Corruption+1","Reaper","Anger","Rampage","Shrug It Off","Warcry","Battle Trance","Juggernaut","Armaments","RitualDagger","Twin Strike+1"],"relics":["Burning Blood","Sundial","Pear","Sozu","Molten Egg 2"],"potions_floor_usage":[16,16],"damage_taken":[{"damage":16,"enemies":"Jaw Worm","floor":1,"turns":5},{"damage":6,"enemies":"Cultist","floor":3,"turns":3},{"damage":7,"enemies":"Small Slimes","floor":4,"turns":3},{"damage":39,"enemies":"3 Sentries","floor":7,"turns":7},{"damage":16,"enemies":"Exordium Thugs","floor":8,"turns":5},{"damage":0,"enemies":"3 Louse","floor":11,"turns":1},{"damage":13,"enemies":"2 Fungi Beasts","floor":12,"turns":3},{"damage":17,"enemies":"Exordium Wildlife","floor":13,"turns":5},{"damage":27,"enemies":"Large Slime","floor":14,"turns":6},{"damage":71,"enemies":"Slime Boss","floor":16,"turns":13},{"damage":5,"enemies":"Shell Parasite","floor":18,"turns":5},{"damage":24,"enemies":"2 Thieves","floor":19,"turns":4},{"damage":49,"enemies":"Snake Plant","floor":21,"turns":6},{"damage":10,"enemies":"3 Cultists","floor":22,"turns":5},{"damage":77,"enemies":"Gremlin Leader","floor":25,"turns":7}],"seed_played":"7001479390006548656","potions_obtained":[{"floor":3,"key":"Ancient Potion"},{"floor":11,"key":"LiquidBronze"},{"floor":14,"key":"BloodPotion"},{"floor":16,"key":"Dexterity Potion"}],"is_trial":false,"path_per_floor":["M","?","M","M","$","R","E","M","T","R","M","M","M","M","R","B",null,"M","M","?","M","M","R","?","E"],"character_chosen":"IRONCLAD","items_purchased":["Corruption"],"campfire_rested":3,"item_purchase_floors":[5],"current_hp_per_floor":[70,70,70,69,69,69,36,26,36,63,69,66,57,44,71,37,90,90,72,66,23,31,58,58,0],"gold":378,"neow_bonus":"HUNDRED_GOLD","is_prod":false,"is_daily":false,"chose_seed":false,"campfire_upgraded":1,"win_rate":0.0,"timestamp":1566749804,"path_taken":["M","?","M","M","$","R","E","M","T","R","M","M","M","M","R","BOSS","M","M","?","M","M","R","?","E"],"build_version":"2019-07-17","purchased_purges":1,"victory":false,"max_hp_per_floor":[80,80,80,80,80,80,80,80,90,90,90,90,90,90,90,90,90,90,90,90,90,90,90,90,90],"card_choices":[{"not_picked":["Clash","Flex"],"picked":"Sword Boomerang","floor":1},{"not_picked":["Warcry","Cleave"],"picked":"Whirlwind","floor":3},{"not_picked":["Iron Wave","Clash"],"picked":"Pommel Strike","floor":4},{"not_picked":["Warcry","Impervious"],"picked":"Reaper","floor":7},{"not_picked":["Dropkick","Iron Wave"],"picked":"Anger","floor":8},{"not_picked":["Iron Wave","Corruption"],"picked":"Rampage","floor":11},{"not_picked":["Uppercut","Blood for Blood"],"picked":"Shrug It Off","floor":12},{"not_picked":["Clothesline","Clash"],"picked":"Warcry","floor":13},{"not_picked":["Hemokinesis","Thunderclap"],"picked":"Battle Trance","floor":14},{"not_picked":["Berserk","Impervious"],"picked":"Juggernaut","floor":16},{"not_picked":["Bloodletting+1","Reckless Charge","Cleave"],"picked":"SKIP","floor":18},{"not_picked":["Pummel","Rupture"],"picked":"Armaments","floor":19},{"not_picked":["True Grit+1","Rampage"],"picked":"Twin Strike+1","floor":21},{"not_picked":["Warcry","Heavy Blade","True Grit"],"picked":"SKIP","floor":22}],"player_experience":21937,"relics_obtained":[{"floor":7,"key":"Sundial"},{"floor":9,"key":"Pear"}],"event_choices":[{"cards_removed":["Strike_R"],"damage_healed":0,"gold_gain":0,"player_choice":"Purged","damage_taken":0,"max_hp_gain":0,"max_hp_loss":0,"event_name":"Purifier","floor":2,"gold_loss":0},{"damage_healed":0,"gold_gain":0,"player_choice":"Joined the Cult","damage_taken":6,"max_hp_gain":0,"max_hp_loss":0,"event_name":"Nest","floor":20,"gold_loss":0,"cards_obtained":["RitualDagger"]},{"damage_healed":0,"gold_gain":0,"player_choice":"Gave Potion","damage_taken":0,"relics_obtained":["Molten Egg 2"],"max_hp_gain":0,"max_hp_loss":0,"event_name":"WeMeetAgain","floor":24,"gold_loss":0}],"is_beta":false,"boss_relics":[{"not_picked":["Ectoplasm","Busted Crown"],"picked":"Sozu"}],"items_purged_floors":[5],"is_endless":false,"potions_floor_spawned":[3,11,14,16,18,19,21],"killed_by":"Gremlin Leader","ascension_level":0}