{"gold_per_floor":[368,9,9,38,70,82,94,106,118,130,204,244,256,288,300,312],"floor_reached":16,"playtime":343,"items_purged":[],"score":172,"play_id":"7588e70f-6a02-44f8-8fde-23b632e52adf","local_time":"20190803224847","is_ascension_mode":true,"campfire_choices":[{"data":"Bash","floor":6.0,"key":"SMITH"},{"data":"Headbutt","floor":8,"key":"SMITH"},{"floor":15,"key":"DIG"}],"neow_cost":"PERCENT_DAMAGE","seed_source_timestamp":2091114867612624,"circlet_count":0,"master_deck":["AscendersBane","Strike_R","Strike_R","Strike_R","Strike_R","Strike_R","Defend_R","Defend_R","Defend_R","Defend_R","Bash+1","Headbutt+1","Clothesline","Impervious","Limit Break","Flex"],"special_seed":0,"relics":["Burning Blood","Membership Card","Incense Burner","MawBank","Mango","Smiling Mask","Shovel","WingedGreaves"],"potions_floor_usage":[12,16],"damage_taken":[{"damage":13.0,"enemies":"Jaw Worm","floor":1.0,"turns":4.0},{"damage":1.0,"enemies":"Cultist","floor":4.0,"turns":3.0},{"damage":8.0,"enemies":"2 Louse","floor":5.0,"turns":4.0},{"damage":50,"enemies":"3 Sentries","floor":11,"turns":10},{"damage":30,"enemies":"Gremlin Nob","floor":12,"turns":5},{"damage":8,"enemies":"Looter","floor":14,"turns":3},{"damage":16,"enemies":"Hexaghost","floor":16,"turns":8}],"seed_played":"4004945447102200597","potions_obtained":[{"floor":5.0,"key":"Ancient Potion"},{"floor":14,"key":"AttackPotion"}],"is_trial":false,"path_per_floor":["M","$","?","M","M","R","?","R","T","?","?","E","?","M","R","B"],"character_chosen":"IRONCLAD","items_purchased":["Membership Card","Incense Burner"],"campfire_rested":0,"item_purchase_floors":[2,2],"current_hp_per_floor":[43,43,43,48,46,46,64,64,78,83,39,15,15,13,13,0],"gold":312,"neow_bonus":"TWO_FIFTY_GOLD","is_prod":false,"is_daily":false,"chose_seed":false,"campfire_upgraded":2,"win_rate":0,"timestamp":1564886927,"path_taken":["M","$","?","?","M","R","?","R","T","?","?","E","?","M","R","BOSS"],"build_version":"2019-07-17","purchased_purges":0,"victory":false,"max_hp_per_floor":[75,75,75,75,75,75,75,75,89,94,94,94,91,91,91,91],"card_choices":[{"not_picked":["Warcry","Pommel Strike"],"picked":"Anger","floor":1.0},{"not_picked":["Thunderclap","Rampage"],"picked":"Headbutt","floor":4.0},{"not_picked":["True Grit","Searing Blow"],"picked":"Clothesline","floor":5.0},{"not_picked":["Havoc","Rampage"],"picked":"Impervious","floor":11},{"not_picked":["Fire Breathing","Bloodletting"],"picked":"Limit Break","floor":12},{"not_picked":["Evolve","Armaments"],"picked":"Flex","floor":14}],"player_experience":2637408,"relics_obtained":[{"floor":9,"key":"Mango"},{"floor":11,"key":"Smiling Mask"},{"floor":12,"key":"Shovel"},{"floor":15,"key":"WingedGreaves"}],"event_choices":[{"cards_removed":["Anger"],"damage_healed":0.0,"max_hp_gain":0.0,"max_hp_loss":0.0,"gold_gain":0.0,"event_name":"WeMeetAgain","player_choice":"Gave Card","floor":3.0,"gold_loss":0.0,"damage_taken":0.0,"relics_obtained":["MawBank"]},{"damage_healed":18,"gold_gain":0,"player_choice":"Healed and dodged fight","damage_taken":0,"max_hp_gain":0,"max_hp_loss":0,"event_name":"Mushrooms","floor":7,"gold_loss":0,"cards_obtained":["Parasite"]},{"damage_healed":0,"gold_gain":0,"player_choice":"Donut","damage_taken":0,"max_hp_gain":5,"max_hp_loss":0,"event_name":"Big Fish","floor":10,"gold_loss":0},{"damage_healed":0,"gold_gain":0,"player_choice":"Searched \u00272\u0027 times","damage_taken":0,"max_hp_gain":0,"max_hp_loss":0,"event_name":"Dead Adventurer","floor":11,"gold_loss":0},{"cards_removed":["Parasite"],"damage_healed":0,"gold_gain":0,"player_choice":"Purged","damage_taken":0,"max_hp_gain":0,"max_hp_loss":0,"event_name":"Purifier","floor":13,"gold_loss":0}],"is_beta":false,"boss_relics":[],"items_purged_floors":[],"is_endless":false,"potions_floor_spawned":[5,14],"killed_by":"Hexaghost","ascension_level":15}