{"gold_per_floor":[14,24,24,34,84,110,110,136,136,171,183,203,228,228,228,317,317,336,361,361,361,361,361,394,394,475,475,109,142,152,78,78,156,156,166,21,40,58,74,88,88,121,121,121,155,175,203,222,222,222,222,222,49,75,75],"floor_reached":56,"playtime":2866,"items_purged":["Strike_R+1","Bash","Strike_R+1"],"score":2084,"play_id":"1fb6d8f6-1cbd-408a-86a0-14c673532bbc","local_time":"20190513132245","is_ascension_mode":true,"campfire_choices":[{"data":"Inflame","floor":7.0,"key":"SMITH"},{"data":"Feed","floor":15.0,"key":"SMITH"},{"data":"Uppercut","floor":23.0,"key":"SMITH"},{"data":"Shockwave","floor":27.0,"key":"SMITH"},{"floor":32.0,"key":"REST"},{"floor":41.0,"key":"RECALL"},{"data":"Berserk","floor":44.0,"key":"SMITH"},{"data":"Disarm","floor":49,"key":"SMITH"},{"data":"Feel No Pain","floor":52,"key":"SMITH"}],"neow_cost":"NO_GOLD","seed_source_timestamp":5630936879550,"circlet_count":0,"master_deck":["AscendersBane","Strike_R+1","Strike_R+1","Defend_R+1","Defend_R+1","Defend_R+1","Defend_R+1","Feed+1","Battle Trance","Inflame+1","Twin Strike+1","Headbutt","Uppercut+1","Evolve","Power Through","Shockwave+1","Offering","Dual Wield+1","Warcry+1","RitualDagger","Shrug It Off+1","Limit Break","Disarm+1","Demon Form","Feel No Pain+1","Havoc","Burning Pact","Second Wind+1","Fiend Fire+1","Havoc","Berserk+1"],"special_seed":0,"relics":["Burning Blood","Ancient Tea Set","Bronze Scales","Shuriken","Centennial Puzzle","Mummified Hand","Potion Belt","Bloody Idol","Runic Pyramid","Question Card","Enchiridion","Happy Flower","Bag of Marbles","Eternal Feather","War Paint","Pear","Whetstone","Blood Vial","Vajra"],"potions_floor_usage":[50,54,55,55,55,55],"damage_taken":[{"damage":3.0,"enemies":"Jaw Worm","floor":1.0,"turns":5.0},{"damage":6.0,"enemies":"2 Louse","floor":2.0,"turns":3.0},{"damage":0.0,"enemies":"Small Slimes","floor":4.0,"turns":4.0},{"damage":20.0,"enemies":"3 Sentries","floor":6.0,"turns":8.0},{"damage":8.0,"enemies":"Gremlin Nob","floor":8.0,"turns":3.0},{"damage":30.0,"enemies":"3 Sentries","floor":10.0,"turns":7.0},{"damage":4.0,"enemies":"Looter","floor":11.0,"turns":4.0},{"damage":1.0,"enemies":"Large Slime","floor":12.0,"turns":4.0},{"damage":5.0,"enemies":"Lagavulin","floor":13.0,"turns":5.0},{"damage":26.0,"enemies":"Slime Boss","floor":16.0,"turns":7.0},{"damage":3.0,"enemies":"Chosen","floor":18.0,"turns":4.0},{"damage":17.0,"enemies":"Spheric Guardian","floor":19.0,"turns":4.0},{"damage":15.0,"enemies":"Gremlin Leader","floor":24.0,"turns":6.0},{"damage":16.0,"enemies":"Book of Stabbing","floor":29.0,"turns":4.0},{"damage":19.0,"enemies":"Snake Plant","floor":30.0,"turns":4.0},{"damage":32.0,"enemies":"Champ","floor":33.0,"turns":5.0},{"damage":29.0,"enemies":"3 Darklings","floor":35.0,"turns":6.0},{"damage":24.0,"enemies":"3 Shapes","floor":37.0,"turns":5.0},{"damage":15.0,"enemies":"Transient","floor":38.0,"turns":5.0},{"damage":28.0,"enemies":"Sphere and 2 Shapes","floor":39.0,"turns":8.0},{"damage":10.0,"enemies":"Maw","floor":40.0,"turns":6.0},{"damage":20.0,"enemies":"Giant Head","floor":42.0,"turns":8.0},{"damage":20.0,"enemies":"Reptomancer","floor":45.0,"turns":9.0},{"damage":26.0,"enemies":"Transient","floor":46.0,"turns":5.0},{"damage":6,"enemies":"Giant Head","floor":47,"turns":6},{"damage":10,"enemies":"Writhing Mass","floor":48,"turns":4},{"damage":101,"enemies":"Awakened One","floor":50,"turns":13},{"damage":10,"enemies":"Shield and Spear","floor":54,"turns":9},{"damage":64,"enemies":"The Heart","floor":55,"turns":9}],"seed_played":"-8053042357590618248","potions_obtained":[{"floor":1.0,"key":"Fire Potion"},{"floor":4.0,"key":"FearPotion"},{"floor":10.0,"key":"Block Potion"},{"floor":13.0,"key":"GamblersBrew"},{"floor":16.0,"key":"PowerPotion"},{"floor":24.0,"key":"Dexterity Potion"},{"floor":29.0,"key":"FearPotion"},{"floor":40.0,"key":"Regen Potion"},{"floor":54,"key":"Poison Potion"}],"is_trial":false,"path_per_floor":["M","M","?","M","T","E","R","E","T","E","M","M","E","?","R","B",null,"M","M","?","?","?","R","E","?","T","R","$","E","M","$","R","B",null,"M","$","M","M","M","M","R","E","T","R","E","M","E","M","R","B",null,"R","$","E","B",null],"character_chosen":"IRONCLAD","items_purchased":["Limit Break","Happy Flower","Disarm","Havoc","SteroidPotion"],"campfire_rested":1,"item_purchase_floors":[28,28,31,36,53],"current_hp_per_floor":[74,77,70,79,79,68,68,69,69,48,53,58,62,62,62,46,82,89,82,82,76,76,76,76,55,60,60,60,59,51,51,84,67,102,84,84,75,71,58,63,81,76,86,104,99,84,93,100,118,33,128,146,146,157,120],"gold":75,"neow_bonus":"THREE_RARE_CARDS","is_prod":false,"is_daily":false,"chose_seed":false,"campfire_upgraded":7,"win_rate":0,"timestamp":1557768165,"path_taken":["M","M","?","M","?","E","R","E","T","E","M","M","E","?","R","BOSS","M","M","?","?","?","R","E","?","T","R","$","E","M","?","R","BOSS","M","$","M","?","M","M","R","E","T","R","E","M","E","M","R","BOSS","R","$","E","BOSS"],"build_version":"2019-04-23","purchased_purges":3,"victory":true,"max_hp_per_floor":[78,81,81,84,84,87,87,90,90,93,96,96,99,90,90,94,94,98,102,102,102,102,102,106,106,106,106,106,110,110,110,110,114,114,114,114,118,118,122,126,126,130,140,140,144,144,148,152,152,160,160,160,160,168,172],"card_choices":[{"not_picked":["Double Tap","Juggernaut"],"picked":"Feed","floor":0.0},{"not_picked":["Hemokinesis","Rampage"],"picked":"Battle Trance","floor":1.0},{"not_picked":["Cleave","Thunderclap"],"picked":"Inflame","floor":2.0},{"not_picked":["Havoc","Sword Boomerang"],"picked":"Twin Strike","floor":4.0},{"not_picked":["Bludgeon","Twin Strike"],"picked":"Headbutt","floor":6.0},{"not_picked":["Clothesline","Fire Breathing"],"picked":"Uppercut","floor":8.0},{"not_picked":["Cleave","Wild Strike"],"picked":"Evolve","floor":10.0},{"not_picked":["Fire Breathing","Clothesline","Spot Weakness"],"picked":"SKIP","floor":11.0},{"not_picked":["Entrench","Evolve"],"picked":"Power Through","floor":12.0},{"not_picked":["Havoc","Ghostly Armor"],"picked":"Shockwave","floor":13.0},{"not_picked":["Immolate","Double Tap"],"picked":"Offering","floor":16.0},{"not_picked":["Havoc","Flex"],"picked":"Dual Wield+1","floor":18.0},{"not_picked":["Armaments","Thunderclap"],"picked":"Warcry+1","floor":19.0},{"not_picked":["Body Slam","Thunderclap"],"picked":"Shrug It Off","floor":24.0},{"not_picked":["Anger","Armaments","Flex","Clothesline"],"picked":"SKIP","floor":29.0},{"not_picked":["Iron Wave","Shrug It Off","Clothesline","Perfected Strike"],"picked":"SKIP","floor":30.0},{"not_picked":["Bludgeon","Barricade","Juggernaut"],"picked":"Demon Form","floor":33.0},{"not_picked":["Wild Strike","Flex+1","Whirlwind"],"picked":"Feel No Pain","floor":35.0},{"not_picked":["Armaments","Shrug It Off","Havoc"],"picked":"Burning Pact","floor":37.0},{"not_picked":["Thunderclap","Reckless Charge+1","Combust"],"picked":"Second Wind","floor":38.0},{"not_picked":["Twin Strike+1","Iron Wave","Anger"],"picked":"Fiend Fire","floor":39.0},{"not_picked":["Bloodletting","Shrug It Off","Armaments"],"picked":"Havoc","floor":40.0},{"not_picked":["Blood for Blood","Iron Wave","Double Tap"],"picked":"Berserk","floor":42.0},{"not_picked":["Blood for Blood","Anger","Shrug It Off","Perfected Strike"],"picked":"SKIP","floor":45.0},{"not_picked":["Twin Strike","Thunderclap","Headbutt","Iron Wave"],"picked":"SKIP","floor":46.0},{"not_picked":["Double Tap","Uppercut","Rampage","Twin Strike"],"picked":"SKIP","floor":47},{"not_picked":["Perfected Strike","Spot Weakness+1","Reckless Charge","Sever Soul+1"],"picked":"SKIP","floor":48},{"not_picked":["Inflame","Twin Strike","Cleave","Burning Pact+1"],"picked":"SKIP","floor":54}],"player_experience":2499814,"relics_obtained":[{"floor":5.0,"key":"Ancient Tea Set"},{"floor":6.0,"key":"Bronze Scales"},{"floor":8.0,"key":"Shuriken"},{"floor":9.0,"key":"Centennial Puzzle"},{"floor":10.0,"key":"Mummified Hand"},{"floor":13.0,"key":"Potion Belt"},{"floor":24.0,"key":"Question Card"},{"floor":25.0,"key":"Enchiridion"},{"floor":29.0,"key":"Bag of Marbles"},{"floor":42.0,"key":"War Paint"},{"floor":43.0,"key":"Pear"},{"floor":45.0,"key":"Whetstone"},{"floor":47,"key":"Blood Vial"},{"floor":54,"key":"Vajra"}],"event_choices":[{"cards_removed":["Strike_R"],"damage_healed":0.0,"max_hp_gain":0.0,"max_hp_loss":0.0,"gold_gain":0.0,"event_name":"Golden Wing","player_choice":"Card Removal","floor":3.0,"gold_loss":0.0,"damage_taken":7.0},{"damage_healed":0.0,"max_hp_gain":0.0,"max_hp_loss":9.0,"gold_gain":0.0,"event_name":"Golden Idol","player_choice":"Lose Max HP","floor":14.0,"gold_loss":0.0,"damage_taken":0.0,"relics_obtained":["Golden Idol"]},{"damage_healed":0.0,"max_hp_gain":0.0,"max_hp_loss":0.0,"gold_gain":0.0,"event_name":"Forgotten Altar","player_choice":"Gave Idol","floor":20.0,"relics_lost":["Golden Idol"],"gold_loss":0.0,"damage_taken":0.0,"relics_obtained":["Bloody Idol"]},{"damage_healed":0.0,"max_hp_gain":0.0,"max_hp_loss":0.0,"gold_gain":0.0,"event_name":"Nest","player_choice":"Joined the Cult","floor":21.0,"gold_loss":0.0,"damage_taken":6.0,"cards_obtained":["RitualDagger"]},{"damage_healed":0.0,"max_hp_gain":0.0,"max_hp_loss":0.0,"gold_gain":0.0,"event_name":"Back to Basics","player_choice":"Simplicity","floor":22.0,"gold_loss":0.0,"damage_taken":0.0,"cards_upgraded":["Strike_R","Strike_R","Strike_R","Strike_R","Defend_R","Defend_R","Defend_R","Defend_R"]},{"damage_healed":0.0,"max_hp_gain":0.0,"max_hp_loss":0.0,"gold_gain":0.0,"event_name":"Cursed Tome","player_choice":"Obtained Book","floor":25.0,"gold_loss":0.0,"damage_taken":21.0}],"is_beta":true,"boss_relics":[{"not_picked":["Lizard Tail","Mark of Pain"],"picked":"Runic Pyramid"},{"not_picked":["Snecko Eye","Calling Bell"],"picked":"Eternal Feather"}],"items_purged_floors":[28,36,53],"is_endless":false,"potions_floor_spawned":[1,4,10,13,16,24,29,33,35,39,40,48,54],"ascension_level":15}