{"gold_per_floor":[114,37,50,62,79,79,98,0,0,0,12,46,63,121,121,220,220,204,220,220,22,22,49,49,49,49,49,77,93,127,140,140,140],"floor_reached":33,"playtime":2044,"items_purged":[],"score":357,"play_id":"e224dffa-af5c-45a7-b4ca-bd582b56e98c","local_time":"20181226202723","is_ascension_mode":false,"campfire_choices":[{"data":"Noxious Fumes","floor":6,"key":"SMITH"},{"data":"Crippling Poison","floor":10,"key":"SMITH"},{"floor":15,"key":"REST"},{"floor":24,"key":"REST"},{"data":"Bullet Time","floor":27,"key":"SMITH"},{"floor":32,"key":"REST"}],"neow_cost":"NONE","seed_source_timestamp":26848901942000,"circlet_count":0,"master_deck":["Defend_G","Defend_G","Defend_G","Defend_G","Defend_G","Strike_G+1","Strike_G","Strike_G","Strike_G","Strike_G","Survivor","Neutralize","Leg Sweep","Crippling Poison+1","Deflect","Well Laid Plans","Noxious Fumes+1","Footwork","Bane","Deflect","Bullet Time+1","Bouncing Flask","Catalyst+1","Burst+1","Bane+1","Noxious Fumes+1","Corpse Explosion+1","Deflect+1"],"relics":["Ring of the Snake","Snake Skull","Vajra","Oddly Smooth Stone","Toxic Egg 2","Black Star","Dream Catcher","DollysMirror","Whetstone","Pear","Molten Egg 2","Nunchaku","Blood Vial","Strawberry","Question Card"],"potions_floor_usage":[23,28],"damage_taken":[{"damage":1,"enemies":"2 Louse","floor":1,"turns":4},{"damage":0,"enemies":"Jaw Worm","floor":3,"turns":5},{"damage":0,"enemies":"Cultist","floor":4,"turns":5},{"damage":4,"enemies":"Blue Slaver","floor":5,"turns":6},{"damage":0,"enemies":"Large Slime","floor":7,"turns":7},{"damage":6,"enemies":"2 Fungi Beasts","floor":11,"turns":5},{"damage":6,"enemies":"3 Sentries","floor":12,"turns":7},{"damage":1,"enemies":"Gremlin Gang","floor":13,"turns":3},{"damage":2,"enemies":"3 Sentries","floor":14,"turns":6},{"damage":15,"enemies":"The Guardian","floor":16,"turns":6},{"damage":14,"enemies":"2 Thieves","floor":18,"turns":4},{"damage":9,"enemies":"Shell Parasite","floor":19,"turns":4},{"damage":26,"enemies":"Gremlin Leader","floor":23,"turns":6},{"damage":41,"enemies":"Slavers","floor":28,"turns":5},{"damage":4,"enemies":"Snake Plant","floor":29,"turns":4},{"damage":29,"enemies":"Gremlin Leader","floor":30,"turns":8},{"damage":11,"enemies":"3 Cultists","floor":31,"turns":4},{"damage":46,"enemies":"Collector","floor":33,"turns":6}],"seed_played":"-1969662115120984434","potions_obtained":[{"floor":3,"key":"Fire Potion"},{"floor":5,"key":"FearPotion"},{"floor":11,"key":"PowerPotion"},{"floor":23,"key":"GamblersBrew"},{"floor":28,"key":"Energy Potion"}],"is_trial":false,"path_per_floor":["M","$","M","M","M","R","M","$","T","R","M","E","M","?","R","B",null,"M","M","?","$","?","E","R","?","T","R","E","M","E","M","R","B"],"character_chosen":"THE_SILENT","items_purchased":["Crippling Poison","Bane","Explosive Potion","DollysMirror"],"campfire_rested":3,"item_purchase_floors":[2,8,8,21],"current_hp_per_floor":[69,69,69,69,65,65,65,65,65,65,59,53,52,50,70,55,70,56,47,47,47,34,18,43,85,85,85,44,42,22,13,40,0],"gold":140,"neow_bonus":"RANDOM_COMMON_RELIC","is_prod":false,"is_daily":false,"chose_seed":false,"campfire_upgraded":3,"win_rate":0.0,"timestamp":1545852443,"path_taken":["M","$","M","M","M","R","M","$","T","R","M","E","M","?","R","BOSS","M","M","?","$","?","E","R","?","T","R","E","M","E","M","R","BOSS"],"build_version":"2018-12-20","purchased_purges":0,"victory":false,"max_hp_per_floor":[70,70,70,70,70,70,70,70,70,70,70,70,70,70,70,70,70,70,70,70,70,75,85,85,85,85,85,85,85,92,92,92,92],"card_choices":[{"not_picked":["Outmaneuver","Dodge and Roll"],"picked":"Leg Sweep","floor":1},{"not_picked":["Backflip","Finisher"],"picked":"Deflect","floor":3},{"not_picked":["Sucker Punch","Dash"],"picked":"Well Laid Plans","floor":4},{"not_picked":["Well Laid Plans","Acrobatics"],"picked":"Noxious Fumes","floor":5},{"not_picked":["Dagger Spray","Finisher"],"picked":"Footwork","floor":7},{"not_picked":["Predator","Choke"],"picked":"Deflect","floor":11},{"not_picked":["Flying Knee","Backflip"],"picked":"Bullet Time","floor":12},{"not_picked":["Blade Dance","Dash"],"picked":"Bouncing Flask","floor":13},{"not_picked":["Unload","Dagger Throw"],"picked":"Catalyst+1","floor":14},{"not_picked":["After Image","Envenom"],"picked":"Burst+1","floor":16},{"not_picked":["Underhanded Strike","Backflip+1","Dodge and Roll+1"],"picked":"SKIP","floor":18},{"not_picked":["Deflect+1","Poisoned Stab"],"picked":"Bane","floor":19},{"not_picked":["Dagger Spray","Blur+1"],"picked":"Corpse Explosion+1","floor":23},{"not_picked":["Slice+1","Noxious Fumes","Predator+1"],"picked":"SKIP","floor":28},{"not_picked":["Caltrops","Leg Sweep+1"],"picked":"Deflect+1","floor":29},{"not_picked":["Quick Slash+1","Flying Knee+1","Infinite Blades"],"picked":"SKIP","floor":30},{"not_picked":["Footwork","Noxious Fumes+1","Skewer+1","Sucker Punch+1"],"picked":"SKIP","floor":31}],"player_experience":42515,"relics_obtained":[{"floor":9,"key":"Vajra"},{"floor":12,"key":"Oddly Smooth Stone"},{"floor":23,"key":"Whetstone"},{"floor":23,"key":"Pear"},{"floor":26,"key":"Molten Egg 2"},{"floor":28,"key":"Nunchaku"},{"floor":28,"key":"Blood Vial"},{"floor":30,"key":"Strawberry"},{"floor":30,"key":"Question Card"}],"event_choices":[{"damage_healed":0,"gold_gain":0,"player_choice":"Searched \u00272\u0027 times","damage_taken":0,"relics_obtained":["Toxic Egg 2"],"max_hp_gain":0,"max_hp_loss":0,"event_name":"Dead Adventurer","floor":14,"gold_loss":0},{"damage_healed":0,"gold_gain":0,"player_choice":"Opened","damage_taken":0,"relics_obtained":["Dream Catcher"],"max_hp_gain":0,"max_hp_loss":0,"event_name":"The Mausoleum","floor":20,"gold_loss":0},{"damage_healed":0,"gold_gain":0,"player_choice":"Shed Blood","damage_taken":18,"max_hp_gain":5,"max_hp_loss":0,"event_name":"Forgotten Altar","floor":22,"gold_loss":0},{"damage_healed":42,"gold_gain":0,"player_choice":"Full Heal","damage_taken":0,"max_hp_gain":0,"max_hp_loss":0,"event_name":"Wheel of Change","floor":25,"gold_loss":0}],"is_beta":false,"boss_relics":[{"not_picked":["White Beast Statue","Busted Crown"],"picked":"Black Star"}],"items_purged_floors":[],"is_endless":false,"potions_floor_spawned":[3,5,11,12,14,19,23,28],"killed_by":"Collector","ascension_level":0}