{"gold_per_floor":[111,41,41,52,72,72,100,120,120,135,135,135,161,171,171,268,268,281,281,39,56,32,32,57,57,57,57,77,2,37,37],"floor_reached":31,"playtime":1992,"items_purged":["Doubt"],"score":311,"play_id":"d028a022-8d86-4ef3-9d5b-c4a2d31d09c9","local_time":"20190101223230","is_ascension_mode":true,"campfire_choices":[{"data":"Whirlwind","floor":6,"key":"SMITH"},{"data":"Shrug It Off","floor":12,"key":"SMITH"},{"data":"Intimidate","floor":15,"key":"SMITH"},{"data":"Armaments","floor":23,"key":"SMITH"},{"floor":25,"key":"REST"},{"data":"Iron Wave","floor":27,"key":"SMITH"}],"neow_cost":"NONE","seed_source_timestamp":294097100755200,"circlet_count":0,"master_deck":["Strike_R","Strike_R","Strike_R","Defend_R","Defend_R","Defend_R","Bash+1","Clash","Anger","Ghostly Armor","Clash","Whirlwind+1","Rampage","Shrug It Off+1","Clash","Intimidate+1","Demon Form+1","Ghostly Armor+1","Iron Wave+1","Armaments+1","Twin Strike","Thunderclap","Shrug It Off+1","Berserk+1"],"relics":["Burning Blood","Frozen Egg 2","Paper Frog","Self Forming Clay","Cursed Key","Strawberry","Anchor","Orichalcum","Letter Opener"],"potions_floor_usage":[16,16,28,30],"damage_taken":[{"damage":0,"enemies":"2 Louse","floor":1,"turns":2},{"damage":12,"enemies":"Jaw Worm","floor":4,"turns":3},{"damage":0,"enemies":"Small Slimes","floor":5,"turns":2},{"damage":16,"enemies":"Lagavulin","floor":7,"turns":5},{"damage":1,"enemies":"Exordium Thugs","floor":8,"turns":3},{"damage":0,"enemies":"2 Fungi Beasts","floor":10,"turns":2},{"damage":8,"enemies":"Gremlin Nob","floor":13,"turns":3},{"damage":3,"enemies":"Large Slime","floor":14,"turns":3},{"damage":13,"enemies":"The Guardian","floor":16,"turns":8},{"damage":12,"enemies":"2 Thieves","floor":18,"turns":4},{"damage":0,"enemies":"Chosen","floor":21,"turns":4},{"damage":44,"enemies":"Gremlin Leader","floor":24,"turns":6},{"damage":8,"enemies":"Centurion and Healer","floor":28,"turns":6},{"damage":33,"enemies":"Slavers","floor":30,"turns":5},{"damage":67,"enemies":"Cultist and Chosen","floor":31,"turns":10}],"seed_played":"7982811558206780261","potions_obtained":[{"floor":4,"key":"LiquidBronze"},{"floor":7,"key":"SteroidPotion"},{"floor":13,"key":"AttackPotion"},{"floor":16,"key":"Regen Potion"},{"floor":28,"key":"PowerPotion"}],"is_trial":false,"path_per_floor":["M","$","?","M","M","R","E","M","T","M","?","R","E","M","R","B",null,"M","?","$","M","$","R","E","R","T","R","M","$","E","M"],"character_chosen":"IRONCLAD","items_purchased":["Ghostly Armor","Iron Wave","Armaments","Strawberry","Thunderclap"],"campfire_rested":1,"item_purchase_floors":[2,20,20,20,22],"current_hp_per_floor":[80,80,80,74,80,80,70,75,75,80,73,73,71,74,74,67,80,74,74,81,87,87,87,49,75,75,75,87,87,60,0],"gold":37,"neow_bonus":"TRANSFORM_CARD","is_prod":false,"is_daily":false,"chose_seed":false,"campfire_upgraded":5,"win_rate":0,"timestamp":1546378350,"path_taken":["M","$","?","M","M","R","E","M","T","M","?","R","E","M","R","BOSS","M","?","$","M","?","R","E","R","T","R","M","$","E","M"],"build_version":"2018-12-20","purchased_purges":1,"victory":false,"max_hp_per_floor":[80,80,80,80,80,80,80,80,80,80,80,80,80,80,80,80,80,80,80,87,87,87,87,87,87,87,87,87,87,87,87],"card_choices":[{"not_picked":["Havoc","Blood for Blood"],"picked":"Anger","floor":1},{"not_picked":["Wild Strike","Flex"],"picked":"Clash","floor":4},{"not_picked":["Dropkick","Warcry"],"picked":"Whirlwind","floor":5},{"not_picked":["Perfected Strike","Pommel Strike"],"picked":"Rampage","floor":7},{"not_picked":["Offering","Corruption+1"],"picked":"Shrug It Off","floor":8},{"not_picked":["Carnage","Cleave"],"picked":"Clash","floor":10},{"not_picked":["Headbutt","Disarm","Entrench"],"picked":"SKIP","floor":13},{"not_picked":["Pommel Strike","Clothesline"],"picked":"Intimidate","floor":14},{"not_picked":["Bludgeon","Offering"],"picked":"Demon Form+1","floor":16},{"not_picked":["Warcry+1","Uppercut"],"picked":"Ghostly Armor+1","floor":18},{"not_picked":["Hemokinesis","Sword Boomerang+1"],"picked":"Twin Strike","floor":21},{"not_picked":["Havoc","Thunderclap","Corruption+1"],"picked":"SKIP","floor":24},{"not_picked":["Sword Boomerang","Thunderclap"],"picked":"Shrug It Off+1","floor":28},{"not_picked":["Whirlwind","Dropkick"],"picked":"Berserk+1","floor":30}],"player_experience":126530,"relics_obtained":[{"floor":7,"key":"Frozen Egg 2"},{"floor":9,"key":"Paper Frog"},{"floor":13,"key":"Self Forming Clay"},{"floor":24,"key":"Anchor"},{"floor":26,"key":"Orichalcum"},{"floor":30,"key":"Letter Opener"}],"event_choices":[{"damage_healed":0,"gold_gain":0,"player_choice":"Grow","damage_taken":0,"max_hp_gain":0,"max_hp_loss":0,"event_name":"Living Wall","floor":3,"gold_loss":0,"cards_upgraded":["Bash"]},{"cards_removed":["Strike_R"],"damage_healed":0,"gold_gain":0,"player_choice":"Card Removal","damage_taken":7,"max_hp_gain":0,"max_hp_loss":0,"event_name":"Golden Wing","floor":11,"gold_loss":0},{"cards_removed":["Strike_R"],"damage_healed":0,"gold_gain":0,"player_choice":"Purged","damage_taken":0,"max_hp_gain":0,"max_hp_loss":0,"event_name":"Purifier","floor":19,"gold_loss":0}],"is_beta":false,"boss_relics":[{"not_picked":["Coffee Dripper","Calling Bell"],"picked":"Cursed Key"}],"items_purged_floors":[29],"is_endless":false,"potions_floor_spawned":[4,7,13,16,28],"killed_by":"Cultist and Chosen","ascension_level":2}