{"gold_per_floor":[109,109,109,123,142,142,142,11,79,99,24,24,56,73,73,73],"floor_reached":16,"playtime":895,"items_purged":["True Grit"],"score":100,"play_id":"3ee8b79e-4fc1-4c47-a47d-297b99f6521f","local_time":"20190117163759","is_ascension_mode":false,"campfire_choices":[{"data":"Armaments","floor":6,"key":"SMITH"},{"data":"Inflame","floor":12,"key":"SMITH"},{"data":"Bloodletting","floor":15,"key":"SMITH"}],"neow_cost":"NONE","seed_source_timestamp":73022232887000,"circlet_count":0,"master_deck":["Strike_R","Strike_R","Strike_R","Strike_R","Defend_R","Defend_R","Defend_R","Defend_R","Bash+1","Warcry","Inflame+1","Armaments+1","Feel No Pain","Immolate+1","Rupture","Bloodletting+1"],"relics":["Burning Blood","Question Card","Molten Egg 2","Dodecahedron"],"potions_floor_usage":[16],"damage_taken":[{"damage":6,"enemies":"Jaw Worm","floor":1,"turns":4},{"damage":2,"enemies":"Small Slimes","floor":4,"turns":4},{"damage":6,"enemies":"2 Louse","floor":5,"turns":4},{"damage":24,"enemies":"Gremlin Gang","floor":10,"turns":6},{"damage":9,"enemies":"3 Sentries","floor":13,"turns":3},{"damage":7,"enemies":"Blue Slaver","floor":14,"turns":3},{"damage":59,"enemies":"Hexaghost","floor":16,"turns":11}],"seed_played":"-1305662243016198722","potions_obtained":[{"floor":5,"key":"EssenceOfSteel"},{"floor":10,"key":"Poison Potion"}],"is_trial":false,"path_per_floor":["M","?","?","M","M","R","?","$","T","M","$","R","E","M","R","B"],"character_chosen":"IRONCLAD","items_purchased":["True Grit","Feel No Pain"],"campfire_rested":0,"item_purchase_floors":[8,8],"current_hp_per_floor":[88,88,81,85,85,85,78,78,78,60,60,60,57,56,56,0],"gold":73,"neow_bonus":"TEN_PERCENT_HP_BONUS","is_prod":false,"is_daily":false,"chose_seed":false,"campfire_upgraded":3,"win_rate":0,"timestamp":1547739479,"path_taken":["M","?","?","M","M","R","?","$","T","M","?","R","E","M","R","BOSS"],"build_version":"2019-01-10","purchased_purges":1,"victory":false,"max_hp_per_floor":[88,88,88,88,88,88,88,88,88,88,88,88,88,88,88,88],"card_choices":[{"not_picked":["Twin Strike","Rupture"],"picked":"Warcry","floor":1},{"not_picked":["Twin Strike","Sword Boomerang"],"picked":"Inflame","floor":4},{"not_picked":["Intimidate","Twin Strike"],"picked":"Armaments","floor":5},{"not_picked":["Bloodletting","Armaments","Warcry"],"picked":"Immolate+1","floor":10},{"not_picked":["Clash+1","Corruption","Battle Trance"],"picked":"Rupture","floor":13},{"not_picked":["Body Slam+1","Pummel+1","Rampage+1"],"picked":"Bloodletting","floor":14}],"player_experience":174185,"relics_obtained":[{"floor":9,"key":"Molten Egg 2"},{"floor":13,"key":"Dodecahedron"}],"event_choices":[{"damage_healed":0,"gold_gain":0,"player_choice":"Grow","damage_taken":0,"max_hp_gain":0,"max_hp_loss":0,"event_name":"Living Wall","floor":2,"gold_loss":0,"cards_upgraded":["Bash"]},{"cards_removed":["Strike_R"],"damage_healed":0,"gold_gain":0,"player_choice":"Card Removal","damage_taken":7,"max_hp_gain":0,"max_hp_loss":0,"event_name":"Golden Wing","floor":3,"gold_loss":0},{"damage_healed":0,"gold_gain":0,"player_choice":"Success","damage_taken":7,"relics_obtained":["Question Card"],"max_hp_gain":0,"max_hp_loss":0,"event_name":"Scrap Ooze","floor":7,"gold_loss":0}],"is_beta":false,"boss_relics":[],"items_purged_floors":[11],"is_endless":false,"potions_floor_spawned":[5,10],"killed_by":"Hexaghost","ascension_level":0}