{"gold_per_floor":[114,64,84,94,110,110,142,142,142,155,30,86,86,97,97,197,197,211,211,226,236,187,187,205,205,205,234,234,251,251,271,271,372,372,383,400,176,176,191,191,115,140,140,158,186,186,186,196,196,196],"floor_reached":51,"playtime":5262,"items_purged":["Echo Form"],"score":790,"play_id":"4f3060de-1a8d-4743-8e3e-e84a161687f0","local_time":"20190101162707","is_ascension_mode":true,"campfire_choices":[{"data":"Zap","floor":6,"key":"SMITH"},{"data":"Dualcast","floor":8,"key":"SMITH"},{"floor":13,"key":"REST"},{"data":"Buffer","floor":15,"key":"SMITH"},{"data":"Defragment","floor":23,"key":"SMITH"},{"data":"Buffer","floor":25,"key":"SMITH"},{"data":"Loop","floor":28,"key":"SMITH"},{"floor":32,"key":"REST"},{"data":"Beam Cell","floor":40,"key":"SMITH"},{"floor":49,"key":"REST"}],"neow_cost":"NONE","seed_source_timestamp":268888578938500,"circlet_count":0,"master_deck":["Zap+1","Dualcast+1","FTL","Genetic Algorithm","Leap","Cold Snap","Rebound","Buffer+1","Defragment+1","Coolheaded","Beam Cell+1","Blizzard","Loop+1","All For One","Buffer+1","Blizzard","Double Energy+1","Loop","Ball Lightning","Conserve Battery+1","Leap+1","Conserve Battery+1","Glacier+1","Go for the Eyes","Sweeping Beam+1","Chill+1","Core Surge","Meteor Strike+1","Rebound+1","Storm+1","Leap+1","Madness+1","Madness+1","Hologram+1","Double Energy+1","Redo+1","BootSequence+1","Hologram+1"],"relics":["Cracked Core","Vajra","Dream Catcher","Toxic Egg 2","Pandora\u0027s Box","Bottled Tornado","Regal Pillow","Astrolabe","Bag of Preparation","Bag of Marbles","Anchor","Art of War"],"potions_floor_usage":[7,12,16,21,24,30,33,45,50,50],"damage_taken":[{"damage":3,"enemies":"2 Louse","floor":1,"turns":2},{"damage":5,"enemies":"Jaw Worm","floor":3,"turns":4},{"damage":0,"enemies":"Cultist","floor":4,"turns":4},{"damage":5,"enemies":"3 Louse","floor":5,"turns":4},{"damage":12,"enemies":"3 Sentries","floor":7,"turns":9},{"damage":0,"enemies":"Large Slime","floor":10,"turns":4},{"damage":16,"enemies":"3 Sentries","floor":12,"turns":9},{"damage":0,"enemies":"2 Fungi Beasts","floor":14,"turns":3},{"damage":5,"enemies":"Hexaghost","floor":16,"turns":12},{"damage":8,"enemies":"Shell Parasite","floor":18,"turns":6},{"damage":0,"enemies":"Chosen","floor":20,"turns":5},{"damage":12,"enemies":"3 Cultists","floor":21,"turns":4},{"damage":1,"enemies":"Snake Plant","floor":24,"turns":5},{"damage":3,"enemies":"Slavers","floor":27,"turns":7},{"damage":0,"enemies":"Chosen and Byrds","floor":29,"turns":6},{"damage":15,"enemies":"Colosseum Slavers","floor":30,"turns":5},{"damage":0,"enemies":"Centurion and Healer","floor":31,"turns":10},{"damage":0,"enemies":"Automaton","floor":33,"turns":13},{"damage":8,"enemies":"3 Darklings","floor":35,"turns":7},{"damage":0,"enemies":"Orb Walker","floor":36,"turns":4},{"damage":13,"enemies":"Jaw Worm Horde","floor":39,"turns":5},{"damage":3,"enemies":"Nemesis","floor":42,"turns":13},{"damage":10,"enemies":"Writhing Mass","floor":44,"turns":8},{"damage":7,"enemies":"Giant Head","floor":45,"turns":11},{"damage":0,"enemies":"Sphere and 2 Shapes","floor":48,"turns":11},{"damage":32,"enemies":"Time Eater","floor":50,"turns":15}],"seed_played":"683604657868314504","potions_obtained":[{"floor":3,"key":"Swift Potion"},{"floor":4,"key":"Fire Potion"},{"floor":7,"key":"Block Potion"},{"floor":10,"key":"Ancient Potion"},{"floor":12,"key":"Dexterity Potion"},{"floor":20,"key":"PowerPotion"},{"floor":21,"key":"AttackPotion"},{"floor":24,"key":"SpeedPotion"},{"floor":33,"key":"SkillPotion"},{"floor":39,"key":"Weak Potion"},{"floor":45,"key":"SpeedPotion"},{"floor":48,"key":"AttackPotion"}],"is_trial":false,"path_per_floor":["M","?","M","M","M","R","E","R","T","M","$","?","R","M","R","B",null,"M","?","M","M","$","R","M","R","T","E","R","M","?","M","R","B",null,"M","M","$","?","M","R","$","E","T","M","E","$","?","M","R","B",null],"character_chosen":"DEFECT","items_purchased":["Defragment","Coolheaded","Conserve Battery+1","Bag of Preparation","Double Energy+1"],"campfire_rested":3,"item_purchase_floors":[11,11,22,37,41],"current_hp_per_floor":[72,72,67,67,62,62,50,50,50,50,50,34,56,56,56,51,75,67,67,67,55,55,55,54,54,54,51,51,51,36,36,73,73,75,67,67,67,58,45,45,45,42,42,32,25,25,25,25,62,30],"gold":196,"neow_bonus":"ONE_RANDOM_RARE_CARD","is_prod":false,"is_daily":false,"chose_seed":false,"campfire_upgraded":7,"win_rate":0,"timestamp":1546356427,"path_taken":["M","?","M","M","M","R","E","R","T","M","$","?","R","M","R","BOSS","M","?","M","M","$","R","?","R","T","E","R","M","?","M","R","BOSS","M","M","$","?","M","R","$","E","T","M","E","$","?","M","R","BOSS"],"build_version":"2018-12-20","purchased_purges":1,"victory":true,"max_hp_per_floor":[75,75,75,75,75,75,75,75,75,75,75,75,75,75,75,75,75,75,75,75,75,75,75,75,75,75,75,75,75,75,75,75,75,75,75,75,75,75,75,75,75,75,75,75,75,75,75,75,75,75],"card_choices":[{"not_picked":["Rebound","Gash"],"picked":"FTL","floor":1},{"not_picked":["Rebound","Melter"],"picked":"Genetic Algorithm","floor":3},{"not_picked":["Undo","Redo"],"picked":"Leap","floor":4},{"not_picked":["Sunder","Sweeping Beam"],"picked":"Cold Snap","floor":5},{"not_picked":["Beam Cell","Leap"],"picked":"Rebound","floor":7},{"not_picked":["Sweeping Beam","Static Discharge"],"picked":"Buffer","floor":10},{"not_picked":["Reprogram","Double Energy"],"picked":"Beam Cell","floor":12},{"not_picked":["Leap+1","Rebound"],"picked":"Blizzard","floor":13},{"not_picked":["Skim+1","Hologram+1"],"picked":"Loop","floor":14},{"not_picked":["Hyperbeam","Biased Cognition"],"picked":"All For One","floor":16},{"not_picked":["Heatsinks","Barrage"],"picked":"Ball Lightning","floor":18},{"not_picked":["Streamline+1","Compile Driver+1"],"picked":"Conserve Battery+1","floor":20},{"not_picked":["Coolheaded+1","Rebound"],"picked":"Leap+1","floor":21},{"not_picked":["Sunder","Storm"],"picked":"Glacier+1","floor":24},{"not_picked":["Tempest+1","Consume+1"],"picked":"Go for the Eyes","floor":27},{"not_picked":["Streamline","Melter"],"picked":"Sweeping Beam+1","floor":29},{"not_picked":["Recycle+1","Sweeping Beam"],"picked":"Chill+1","floor":31},{"not_picked":["Turbo+1","Sweeping Beam"],"picked":"Tempest+1","floor":32},{"not_picked":["Electrodynamics","Hyperbeam"],"picked":"Core Surge","floor":33},{"not_picked":["Heatsinks+1","Compile Driver+1"],"picked":"Leap+1","floor":35},{"not_picked":["Barrage+1","Gash","Leap+1"],"picked":"SKIP","floor":36},{"not_picked":["Gash+1","Sunder+1"],"picked":"Hologram+1","floor":39},{"not_picked":["Defragment+1","Auto Shields+1"],"picked":"Redo+1","floor":42},{"not_picked":["Leap+1","Genetic Algorithm+1","Redo+1"],"picked":"SKIP","floor":44},{"not_picked":["Ball Lightning","Go for the Eyes","Hyperbeam"],"picked":"SKIP","floor":45},{"not_picked":["Redo+1","Ball Lightning"],"picked":"BootSequence+1","floor":48},{"not_picked":["Fusion+1","Cold Snap+1"],"picked":"Hologram+1","floor":49}],"player_experience":103125,"relics_obtained":[{"floor":7,"key":"Vajra"},{"floor":9,"key":"Dream Catcher"},{"floor":12,"key":"Toxic Egg 2"},{"floor":26,"key":"Bottled Tornado"},{"floor":27,"key":"Regal Pillow"},{"floor":42,"key":"Bag of Marbles"},{"floor":43,"key":"Anchor"},{"floor":45,"key":"Art of War"}],"event_choices":[{"cards_removed":["Strike_B"],"damage_healed":0,"gold_gain":0,"player_choice":"Card Removal","damage_taken":0,"max_hp_gain":0,"max_hp_loss":0,"event_name":"The Cleric","floor":2,"gold_loss":50},{"damage_healed":0,"gold_gain":0,"player_choice":"Searched \u00271\u0027 times","damage_taken":0,"max_hp_gain":0,"max_hp_loss":0,"event_name":"Dead Adventurer","floor":12,"gold_loss":0},{"cards_removed":["Recycle"],"damage_healed":0,"gold_gain":0,"player_choice":"Purged","damage_taken":0,"max_hp_gain":0,"max_hp_loss":0,"event_name":"Purifier","floor":19,"gold_loss":0},{"damage_healed":0,"gold_gain":0,"player_choice":"Fight","damage_taken":0,"max_hp_gain":0,"max_hp_loss":0,"event_name":"Colosseum","floor":30,"gold_loss":0},{"damage_healed":0,"gold_gain":0,"player_choice":"Fled From Nobs","damage_taken":0,"max_hp_gain":0,"max_hp_loss":0,"event_name":"Colosseum","floor":30,"gold_loss":0},{"damage_healed":0,"gold_gain":0,"player_choice":"Embrace Madness","damage_taken":9,"max_hp_gain":0,"max_hp_loss":0,"event_name":"Winding Halls","floor":38,"gold_loss":0,"cards_obtained":["Madness","Madness"]},{"damage_healed":0,"gold_gain":0,"player_choice":"Ignored","damage_taken":0,"max_hp_gain":0,"max_hp_loss":0,"event_name":"Mysterious Sphere","floor":47,"gold_loss":0}],"is_beta":false,"boss_relics":[{"not_picked":["Philosopher\u0027s Stone","Cursed Key"],"picked":"Pandora\u0027s Box"},{"not_picked":["Black Star","Velvet Choker"],"picked":"Astrolabe"}],"items_purged_floors":[37],"is_endless":false,"potions_floor_spawned":[3,4,7,10,12,20,21,24,33,39,45,48],"ascension_level":1}