{"gold_per_floor":[212,228,403,418,418,418,451,66,92,106,31,47,62,72,72,72],"floor_reached":16,"playtime":645,"items_purged":["Doubt"],"score":109,"play_id":"9473bc43-7b2f-4881-96d3-262556c59c1e","local_time":"20190815201434","is_ascension_mode":true,"campfire_choices":[{"data":"Bane","floor":6,"key":"SMITH"},{"floor":15,"key":"REST"}],"neow_cost":"NONE","seed_source_timestamp":27846799697600,"circlet_count":0,"master_deck":["Strike_G","Strike_G","Strike_G","Strike_G","Strike_G","Defend_G","Defend_G","Defend_G","Defend_G","Defend_G","Survivor","Neutralize","Crippling Poison","Bane+1","Deadly Poison","Prepared","Enlightenment","Corpse Explosion","Blur","Prepared","Bouncing Flask","Dagger Throw"],"relics":["Ring of the Snake","Boot","Snake Skull","Anchor"],"potions_floor_usage":[16,16,16],"damage_taken":[{"damage":0,"enemies":"Cultist","floor":1,"turns":5},{"damage":3,"enemies":"Jaw Worm","floor":2,"turns":4},{"damage":3,"enemies":"2 Louse","floor":4,"turns":3},{"damage":44,"enemies":"Lagavulin","floor":7,"turns":6},{"damage":2,"enemies":"Blue Slaver","floor":10,"turns":4},{"damage":0,"enemies":"Lots of Slimes","floor":12,"turns":1},{"damage":1,"enemies":"Exordium Thugs","floor":13,"turns":3},{"damage":0,"enemies":"Looter","floor":14,"turns":2},{"damage":49,"enemies":"Slime Boss","floor":16,"turns":7}],"seed_played":"8912195223597658462","potions_obtained":[{"floor":4,"key":"FearPotion"},{"floor":7,"key":"Poison Potion"},{"floor":13,"key":"Energy Potion"}],"is_trial":false,"path_per_floor":["M","M","?","M","?","R","E","$","T","M","$","M","M","M","R","B"],"character_chosen":"THE_SILENT","items_purchased":["Enlightenment","Snake Skull","Corpse Explosion"],"campfire_rested":1,"item_purchase_floors":[8,8,8],"current_hp_per_floor":[70,67,67,64,69,69,25,25,25,23,23,23,22,22,44,0],"gold":72,"neow_bonus":"HUNDRED_GOLD","is_prod":false,"is_daily":false,"chose_seed":false,"campfire_upgraded":1,"win_rate":0,"timestamp":1565892874,"path_taken":["M","?","?","M","?","R","E","$","T","M","$","M","M","M","R","BOSS"],"build_version":"2019-07-17","purchased_purges":1,"victory":false,"max_hp_per_floor":[70,70,70,70,75,75,75,75,75,75,75,75,75,75,75,75],"card_choices":[{"not_picked":["Prepared","Caltrops"],"picked":"Crippling Poison","floor":1},{"not_picked":["Heel Hook","Choke"],"picked":"Bane","floor":2},{"not_picked":["Footwork","Cloak And Dagger"],"picked":"Deadly Poison","floor":4},{"not_picked":["Flying Knee","Endless Agony"],"picked":"Prepared","floor":7},{"not_picked":["Acrobatics","Blade Dance"],"picked":"Blur","floor":10},{"not_picked":["Flying Knee","Outmaneuver"],"picked":"Prepared","floor":12},{"not_picked":["Dodge and Roll","Malaise"],"picked":"Bouncing Flask","floor":13},{"not_picked":["Deadly Poison","Flying Knee"],"picked":"Dagger Throw","floor":14}],"player_experience":101061,"relics_obtained":[{"floor":7,"key":"Boot"},{"floor":9,"key":"Anchor"}],"event_choices":[{"damage_healed":0,"gold_gain":175,"player_choice":"AGREE","damage_taken":0,"max_hp_gain":0,"max_hp_loss":0,"event_name":"Liars Game","floor":3,"gold_loss":0,"cards_obtained":["Doubt"]},{"damage_healed":0,"gold_gain":0,"player_choice":"Donut","damage_taken":0,"max_hp_gain":5,"max_hp_loss":0,"event_name":"Big Fish","floor":5,"gold_loss":0}],"is_beta":false,"boss_relics":[],"items_purged_floors":[11],"is_endless":false,"potions_floor_spawned":[4,7,13],"killed_by":"Slime Boss","ascension_level":1}