{"gold_per_floor":[119,51,66,66,84,84,114,114,114,131,166,166,182,200,200,302,302,320,337,337,356,372,372,384,42,91,91,105,117,19,29,29,128,128,140,140,150,165,176,203,203,228,228,228,239,239,16,32,32,32,32,32,32,58,58],"floor_reached":55,"playtime":3744,"items_purged":["Strike_R","Strike_R","Strike_R"],"score":847,"play_id":"13eb3a90-c05b-4d52-beed-3a8a94a79e06","local_time":"20190113203102","is_ascension_mode":true,"campfire_choices":[{"data":"Body Slam","floor":6,"key":"SMITH"},{"data":"True Grit","floor":8,"key":"SMITH"},{"data":"Body Slam","floor":12,"key":"SMITH"},{"data":"Flame Barrier","floor":15,"key":"SMITH"},{"data":"Enlightenment","floor":27,"key":"SMITH"},{"data":"1","floor":32,"key":"LIFT"},{"floor":41,"key":"RECALL"},{"data":"Impervious","floor":44,"key":"SMITH"},{"data":"2","floor":49,"key":"LIFT"},{"data":"Apotheosis","floor":52,"key":"SMITH"}],"neow_cost":"TEN_PERCENT_HP_LOSS","seed_source_timestamp":0,"circlet_count":0,"master_deck":["Strike_R","Strike_R","Defend_R","Defend_R","Defend_R+1","Defend_R+1","Bash+1","Body Slam+1","Shrug It Off","True Grit+1","Second Wind","Carnage","Body Slam+1","Flame Barrier+1","Juggernaut+1","Power Through","Impervious+1","Evolve+1","Battle Trance","RitualDagger","Shockwave","Juggernaut+1","Enlightenment+1","Body Slam+1","Thunderclap","Iron Wave","Offering","Shrug It Off+1","Entrench","Ghostly Armor","Feel No Pain+1","Spot Weakness+1","Apotheosis+1","Juggernaut+1"],"special_seed":0,"relics":["Black Blood","Thread and Needle","Girya","Frozen Egg 2","Smiling Mask","Coffee Dripper","Oddly Smooth Stone","War Paint","Vajra","Question Card","Omamori","Self Forming Clay"],"potions_floor_usage":[7,18,28,31,33,33,35,38,50,50],"damage_taken":[{"damage":7.0,"enemies":"Jaw Worm","floor":1.0,"turns":5.0},{"damage":1.0,"enemies":"Cultist","floor":3.0,"turns":4.0},{"damage":3,"enemies":"2 Louse","floor":5,"turns":5},{"damage":16,"enemies":"Lagavulin","floor":7,"turns":7},{"damage":0,"enemies":"Exordium Thugs","floor":10,"turns":5},{"damage":11,"enemies":"Gremlin Nob","floor":11,"turns":4},{"damage":0,"enemies":"2 Fungi Beasts","floor":13,"turns":3},{"damage":0,"enemies":"Blue Slaver","floor":14,"turns":4},{"damage":4,"enemies":"The Guardian","floor":16,"turns":10},{"damage":10,"enemies":"2 Thieves","floor":18,"turns":3},{"damage":0,"enemies":"Chosen","floor":19,"turns":3},{"damage":24,"enemies":"Centurion and Healer","floor":21,"turns":7},{"damage":0,"enemies":"Snecko","floor":22,"turns":5},{"damage":9,"enemies":"Snake Plant","floor":24,"turns":3},{"damage":16,"enemies":"Shelled Parasite and Fungi","floor":28,"turns":5},{"damage":0,"enemies":"Sentry and Sphere","floor":29,"turns":4},{"damage":0,"enemies":"Centurion and Healer","floor":31,"turns":4},{"damage":25,"enemies":"Automaton","floor":33,"turns":7},{"damage":0,"enemies":"3 Shapes","floor":35,"turns":3},{"damage":10,"enemies":"3 Darklings","floor":37,"turns":6},{"damage":4,"enemies":"Maw","floor":38,"turns":7},{"damage":0,"enemies":"4 Shapes","floor":39,"turns":5},{"damage":6,"enemies":"Reptomancer","floor":40,"turns":6},{"damage":0,"enemies":"Giant Head","floor":42,"turns":7},{"damage":16,"enemies":"Sphere and 2 Shapes","floor":45,"turns":6},{"damage":6,"enemies":"Jaw Worm Horde","floor":48,"turns":4},{"damage":34,"enemies":"Donu and Deca","floor":50,"turns":6},{"damage":6,"enemies":"Shield and Spear","floor":54,"turns":8},{"damage":82,"enemies":"The Heart","floor":55,"turns":5}],"seed_played":"-5923294256296853088","potions_obtained":[{"floor":5,"key":"PowerPotion"},{"floor":13,"key":"GamblersBrew"},{"floor":16,"key":"PowerPotion"},{"floor":18,"key":"Fire Potion"},{"floor":19,"key":"Energy Potion"},{"floor":31,"key":"Swift Potion"},{"floor":33,"key":"Energy Potion"},{"floor":38,"key":"FearPotion"},{"floor":40,"key":"SpeedPotion"},{"floor":42,"key":"Energy Potion"},{"floor":45,"key":"FairyPotion"}],"is_trial":false,"path_per_floor":["M","$","M","?","M","R","E","R","T","M","E","R","M","M","R","B",null,"M","M","?","M","M","?","M","$","T","R","M","M","$","M","R","B",null,"M","?","M","M","M","E","R","E","T","R","M","?","$","M","R","B",null,"R","$","E","B"],"character_chosen":"IRONCLAD","items_purchased":["Shrug It Off","True Grit","Oddly Smooth Stone","War Paint","Block Potion","Apotheosis"],"campfire_rested":0,"item_purchase_floors":[2,2,25,25,30,47],"current_hp_per_floor":[71,71,72,72,72,72,62,62,62,68,63,63,69,72,72,72,72,68,72,66,48,54,40,37,37,37,37,27,33,33,39,39,20,72,72,72,72,72,72,72,72,72,72,72,66,66,66,70,70,46,72,72,72,72,0],"gold":58,"neow_bonus":"ONE_RARE_RELIC","is_prod":false,"is_daily":false,"chose_seed":false,"campfire_upgraded":7,"win_rate":0,"timestamp":1547407862,"path_taken":["M","$","M","?","?","R","E","R","T","M","E","R","M","?","R","BOSS","M","M","?","M","M","?","M","$","T","R","M","?","$","M","R","BOSS","M","?","M","M","M","E","R","E","T","R","M","?","$","?","R","BOSS","R","$","E","BOSS"],"build_version":"2019-01-10","purchased_purges":3,"victory":false,"max_hp_per_floor":[72,72,72,72,72,72,72,72,72,72,72,72,72,72,72,72,72,72,72,72,72,72,72,72,72,72,72,72,72,72,72,72,72,72,72,72,72,72,72,72,72,72,72,72,72,72,72,72,72,72,72,72,72,72,72],"card_choices":[{"not_picked":["Havoc","Corruption"],"picked":"Body Slam","floor":1.0},{"not_picked":["Heavy Blade","Flex"],"picked":"Second Wind","floor":3},{"not_picked":["Perfected Strike","Combust"],"picked":"Carnage","floor":5},{"not_picked":["Evolve","Corruption"],"picked":"Body Slam","floor":7},{"not_picked":["Clothesline","Seeing Red"],"picked":"Flame Barrier","floor":10},{"not_picked":["Fire Breathing+1","Berserk+1"],"picked":"Juggernaut+1","floor":11},{"not_picked":["Flex","Sword Boomerang"],"picked":"Body Slam","floor":13},{"not_picked":["Sword Boomerang","Limit Break"],"picked":"Power Through","floor":14},{"not_picked":["Reaper","Dark Embrace+1"],"picked":"Impervious","floor":16},{"not_picked":["Power Through","Perfected Strike+1"],"picked":"Evolve+1","floor":18},{"not_picked":["Heavy Blade","Second Wind"],"picked":"Battle Trance","floor":19},{"not_picked":["Bloodletting+1","Flex"],"picked":"Shockwave","floor":21},{"not_picked":["Body Slam","Flex"],"picked":"Juggernaut+1","floor":22},{"not_picked":["Pommel Strike","Anger+1"],"picked":"Body Slam+1","floor":24},{"not_picked":["Clothesline","Rupture+1"],"picked":"Thunderclap","floor":28},{"not_picked":["Wild Strike","True Grit","Uppercut"],"picked":"SKIP","floor":29},{"not_picked":["Clothesline","Armaments"],"picked":"Iron Wave","floor":31},{"not_picked":["Feed","Limit Break"],"picked":"Offering","floor":33},{"not_picked":["Twin Strike+1","Infernal Blade"],"picked":"Shrug It Off+1","floor":35},{"not_picked":["Body Slam","Perfected Strike","Fire Breathing+1"],"picked":"SKIP","floor":37},{"not_picked":["Heavy Blade+1","Armaments+1"],"picked":"Entrench","floor":38},{"not_picked":["Spot Weakness+1","Fire Breathing+1","Armaments+1"],"picked":"SKIP","floor":39},{"not_picked":["Burning Pact+1","Armaments+1"],"picked":"Ghostly Armor","floor":40},{"not_picked":["Dual Wield+1","Cleave+1","Anger+1"],"picked":"Feel No Pain+1","floor":42},{"not_picked":["Clash+1","Cleave","Flex"],"picked":"Spot Weakness+1","floor":45},{"not_picked":["Shockwave+1","Headbutt+1","Uppercut+1","Whirlwind"],"picked":"SKIP","floor":48},{"not_picked":["Battle Trance","Shockwave+1","Armaments+1"],"picked":"Juggernaut+1","floor":54}],"player_experience":159706,"relics_obtained":[{"floor":7,"key":"Girya"},{"floor":9,"key":"Frozen Egg 2"},{"floor":11,"key":"Smiling Mask"},{"floor":26,"key":"Vajra"},{"floor":40,"key":"Question Card"},{"floor":42,"key":"Omamori"},{"floor":54,"key":"Self Forming Clay"}],"event_choices":[{"damage_healed":0,"gold_gain":0,"player_choice":"Upgraded","damage_taken":0,"max_hp_gain":0,"max_hp_loss":0,"event_name":"Upgrade Shrine","floor":4,"gold_loss":0,"cards_upgraded":["Bash"]},{"damage_healed":0,"gold_gain":0,"player_choice":"Joined the Cult","damage_taken":6,"max_hp_gain":0,"max_hp_loss":0,"event_name":"Nest","floor":20,"gold_loss":0,"cards_obtained":["RitualDagger"]},{"damage_healed":0,"gold_gain":0,"player_choice":"CARD ","damage_taken":14,"max_hp_gain":0,"max_hp_loss":0,"event_name":"Knowing Skull","floor":23,"potions_obtained":[],"gold_loss":0,"cards_obtained":["Enlightenment"]},{"cards_removed":["Body Slam"],"damage_healed":0,"gold_gain":0,"player_choice":"Removed Attack","damage_taken":0,"max_hp_gain":0,"max_hp_loss":0,"event_name":"Falling","floor":36,"gold_loss":0},{"damage_healed":0,"gold_gain":0,"player_choice":"Ignored","damage_taken":0,"max_hp_gain":0,"max_hp_loss":0,"event_name":"Tomb of Lord Red Mask","floor":46,"gold_loss":0}],"is_beta":false,"boss_relics":[{"not_picked":["Lizard Tail","Calling Bell"],"picked":"Coffee Dripper"},{"not_picked":["Busted Crown","Pandora\u0027s Box"],"picked":"Black Blood"}],"items_purged_floors":[25,30,47],"is_endless":false,"potions_floor_spawned":[5,13,16,18,19,31,33,38,40,42,45],"killed_by":"The Heart","ascension_level":2}