{"gold_per_floor":[114,39,39,39,4,37,37,54,54,85,85,95,110,127,127,222,222,232,252,202,218,234,234,29,29,52,76,88,114,126,151,163,280,292,317,329,135,146,106,106,120,133,133,133,12,26,26,26,26,26],"floor_reached":51,"playtime":2001,"items_purged":["Strike_B","Strike_B","Defend_B","Defend_B","Dualcast"],"score":684,"play_id":"bd456903-5455-455a-8ac4-5de0cc72d0f3","local_time":"20190821230710","is_ascension_mode":false,"campfire_choices":[{"floor":7,"key":"REST"},{"floor":15,"key":"REST"},{"data":"Defragment","floor":23,"key":"SMITH"},{"floor":28,"key":"REST"},{"data":"Buffer","floor":30,"key":"SMITH"},{"data":"Electrodynamics","floor":32,"key":"SMITH"},{"data":"Biased Cognition","floor":40,"key":"SMITH"},{"data":"Gash","floor":44,"key":"SMITH"},{"data":"Defragment","floor":49,"key":"SMITH"}],"neow_cost":"NONE","seed_source_timestamp":420448394077000,"circlet_count":0,"master_deck":["Defend_B+1","Zap+1","Gash+1","Electrodynamics+1","Beam Cell","Sunder+1","Fission+1","Beam Cell","Genetic Algorithm+1","White Noise+1","Reinforced Body+1","BootSequence+1","Tempest+1","All For One","Redo+1","Defragment+1","Stack+1","Gash+1","Auto Shields+1","Go for the Eyes+1","Gash+1","Finesse+1","Capacitor+1","Buffer+1","Redo+1","Redo+1","Biased Cognition+1","Chill+1","Gash+1","Tempest+1","Defragment+1"],"relics":["FrozenCore","Smiling Mask","Prayer Wheel","Toxic Egg 2","Nuclear Battery","MawBank","DataDisk","Bag of Marbles"],"potions_floor_usage":[],"damage_taken":[{"damage":0,"enemies":"2 Louse","floor":1,"turns":3},{"damage":17,"enemies":"3 Sentries","floor":6,"turns":7},{"damage":0,"enemies":"Small Slimes","floor":8,"turns":2},{"damage":23,"enemies":"Gremlin Nob","floor":10,"turns":4},{"damage":0,"enemies":"Cultist","floor":12,"turns":1},{"damage":2,"enemies":"Blue Slaver","floor":13,"turns":3},{"damage":15,"enemies":"Exordium Thugs","floor":14,"turns":4},{"damage":32,"enemies":"Hexaghost","floor":16,"turns":10},{"damage":0,"enemies":"Chosen","floor":18,"turns":3},{"damage":0,"enemies":"Spheric Guardian","floor":19,"turns":2},{"damage":8,"enemies":"Centurion and Healer","floor":21,"turns":3},{"damage":10,"enemies":"Snake Plant","floor":22,"turns":5},{"damage":19,"enemies":"Snecko","floor":27,"turns":4},{"damage":0,"enemies":"Cultist and Chosen","floor":29,"turns":4},{"damage":0,"enemies":"Centurion and Healer","floor":31,"turns":3},{"damage":14,"enemies":"Automaton","floor":33,"turns":6},{"damage":7,"enemies":"3 Shapes","floor":35,"turns":3},{"damage":0,"enemies":"3 Darklings","floor":38,"turns":5},{"damage":0,"enemies":"Spire Growth","floor":41,"turns":4},{"damage":0,"enemies":"Transient","floor":42,"turns":5},{"damage":0,"enemies":"Sphere and 2 Shapes","floor":46,"turns":5},{"damage":41,"enemies":"Time Eater","floor":50,"turns":10}],"seed_played":"2372249497017123764","potions_obtained":[{"floor":1,"key":"Energy Potion"},{"floor":10,"key":"SteroidPotion"},{"floor":14,"key":"SpeedPotion"}],"is_trial":false,"path_per_floor":["M","$","?","?","?","E","R","M","T","E","?","M","M","M","R","B",null,"M","M","$","M","M","R","$","?","T","M","R","M","R","M","R","B",null,"M","?","$","M","?","R","M","M","T","R","$","M","?","?","R","B",null],"character_chosen":"DEFECT","items_purchased":["Finesse+1","Capacitor","DataDisk","Defragment"],"campfire_rested":3,"item_purchase_floors":[24,24,37,45],"current_hp_per_floor":[75,75,60,53,71,54,75,75,75,52,52,52,50,35,57,25,75,75,75,75,67,57,57,57,57,57,38,60,60,60,60,60,46,75,68,68,68,68,68,68,68,68,68,68,68,68,68,68,68,27],"gold":26,"neow_bonus":"UPGRADE_CARD","is_prod":false,"is_daily":false,"chose_seed":false,"campfire_upgraded":6,"win_rate":0,"timestamp":1566421630,"path_taken":["M","$","?","?","?","E","R","M","T","E","?","M","M","M","R","BOSS","M","M","$","M","?","R","$","?","T","M","R","M","R","M","R","BOSS","M","?","$","?","?","R","M","M","T","R","?","M","?","?","R","BOSS"],"build_version":"2019-07-17","purchased_purges":5,"victory":true,"max_hp_per_floor":[75,75,75,75,75,75,75,75,75,75,75,75,75,75,75,75,75,75,75,75,75,75,75,75,75,75,75,75,75,75,75,75,75,75,75,75,75,75,75,75,75,75,75,75,75,75,75,71,71,71],"card_choices":[{"not_picked":["Hologram","Coolheaded"],"picked":"Gash","floor":1},{"not_picked":["Sweeping Beam","Recycle"],"picked":"Electrodynamics","floor":6},{"not_picked":["Self Repair","Turbo"],"picked":"Beam Cell","floor":8},{"not_picked":["Steam","Turbo"],"picked":"Sunder","floor":10},{"not_picked":["Lockon","Cold Snap"],"picked":"Beam Cell","floor":12},{"not_picked":["Turbo+1","Sunder"],"picked":"Genetic Algorithm+1","floor":12},{"not_picked":["Beam Cell","Fusion+1"],"picked":"White Noise+1","floor":13},{"not_picked":["Thunder Strike","Sweeping Beam"],"picked":"Reinforced Body+1","floor":13},{"not_picked":["Reprogram+1","Darkness+1"],"picked":"BootSequence+1","floor":14},{"not_picked":["Force Field+1","Turbo+1"],"picked":"Tempest+1","floor":14},{"not_picked":["Core Surge","Seek+1"],"picked":"All For One","floor":16},{"not_picked":["Leap+1","Self Repair"],"picked":"Redo+1","floor":18},{"not_picked":["Lockon+1","Barrage"],"picked":"Defragment","floor":18},{"not_picked":["Steam+1","Hello World"],"picked":"Stack+1","floor":19},{"not_picked":["Ball Lightning","Hologram+1","Undo+1"],"picked":"SKIP","floor":19},{"not_picked":["Streamline","Sweeping Beam"],"picked":"Gash+1","floor":21},{"not_picked":["Streamline+1","Stack+1"],"picked":"Auto Shields+1","floor":21},{"not_picked":["Scrape","Streamline+1"],"picked":"Go for the Eyes+1","floor":22},{"not_picked":["Ball Lightning","Lockon"],"picked":"Gash","floor":22},{"not_picked":["Static Discharge","Steam Power+1"],"picked":"Redo+1","floor":27},{"not_picked":["Barrage","Thunder Strike","Fusion+1"],"picked":"SKIP","floor":27},{"not_picked":["Go for the Eyes","Streamline"],"picked":"Redo+1","floor":29},{"not_picked":["Recycle+1","BootSequence+1","Hello World"],"picked":"SKIP","floor":29},{"not_picked":["Compile Driver","Barrage","Doom and Gloom"],"picked":"SKIP","floor":31},{"not_picked":["Hologram+1","Barrage","Rebound+1"],"picked":"SKIP","floor":31},{"not_picked":["Electrodynamics","Hyperbeam"],"picked":"Biased Cognition","floor":33},{"not_picked":["Beam Cell+1","Gash"],"picked":"Chill+1","floor":35},{"not_picked":["Beam Cell","Stack+1","Rebound+1"],"picked":"SKIP","floor":35},{"not_picked":["Sweeping Beam","Steam+1"],"picked":"Tempest+1","floor":38},{"not_picked":["Gash","Streamline","Ball Lightning+1"],"picked":"SKIP","floor":38},{"not_picked":["Compile Driver+1","Coolheaded+1","Heatsinks+1"],"picked":"SKIP","floor":41},{"not_picked":["Rebound+1","Cold Snap+1","Streamline+1"],"picked":"SKIP","floor":41},{"not_picked":["Cold Snap+1","FTL","BootSequence+1"],"picked":"SKIP","floor":42},{"not_picked":["Chill+1","Capacitor","Multi-Cast+1"],"picked":"SKIP","floor":42},{"not_picked":["Force Field+1","Rip and Tear","Fusion+1"],"picked":"SKIP","floor":46},{"not_picked":["Reprogram+1","Heatsinks+1","Barrage+1"],"picked":"SKIP","floor":46}],"player_experience":335103,"relics_obtained":[{"floor":6,"key":"Smiling Mask"},{"floor":9,"key":"Prayer Wheel"},{"floor":10,"key":"Toxic Egg 2"},{"floor":26,"key":"MawBank"},{"floor":43,"key":"Bag of Marbles"}],"event_choices":[{"damage_healed":0,"gold_gain":0,"player_choice":"Entered Light","damage_taken":15,"max_hp_gain":0,"max_hp_loss":0,"event_name":"Shining Light","floor":3,"gold_loss":0,"cards_upgraded":["Defend_B","Gash"]},{"cards_removed":["Strike_B"],"damage_healed":0,"gold_gain":0,"player_choice":"Card Removal","damage_taken":7,"max_hp_gain":0,"max_hp_loss":0,"event_name":"Golden Wing","floor":4,"gold_loss":0},{"damage_healed":18,"gold_gain":0,"player_choice":"Healed","damage_taken":0,"max_hp_gain":0,"max_hp_loss":0,"event_name":"The Cleric","floor":5,"gold_loss":35},{"damage_healed":0,"gold_gain":0,"cards_transformed":["Strike_B"],"player_choice":"Transformed","damage_taken":0,"max_hp_gain":0,"max_hp_loss":0,"event_name":"Transmorgrifier","floor":11,"gold_loss":0,"cards_obtained":["Fission"]},{"damage_healed":0,"gold_gain":0,"cards_transformed":["Defend_B"],"player_choice":"Transformed","damage_taken":0,"max_hp_gain":0,"max_hp_loss":0,"event_name":"Transmorgrifier","floor":25,"gold_loss":0,"cards_obtained":["Buffer"]},{"damage_healed":0,"gold_gain":0,"player_choice":"Copied","damage_taken":0,"max_hp_gain":0,"max_hp_loss":0,"event_name":"Duplicator","floor":36,"gold_loss":0,"cards_obtained":["Gash"]},{"damage_healed":0,"gold_gain":0,"player_choice":"Upgraded Two","damage_taken":0,"max_hp_gain":0,"max_hp_loss":0,"event_name":"Designer","floor":39,"gold_loss":40,"cards_upgraded":["Capacitor","Sunder"]},{"damage_healed":0,"gold_gain":0,"player_choice":"Memory 1","damage_taken":0,"max_hp_gain":0,"max_hp_loss":0,"event_name":"SensoryStone","floor":47,"gold_loss":0},{"damage_healed":0,"gold_gain":0,"player_choice":"Max HP","damage_taken":0,"max_hp_gain":0,"max_hp_loss":4,"event_name":"Winding Halls","floor":48,"gold_loss":0}],"is_beta":false,"boss_relics":[{"not_picked":["Black Star","Velvet Choker"],"picked":"Nuclear Battery"},{"not_picked":["Busted Crown","White Beast Statue"],"picked":"FrozenCore"}],"items_purged_floors":[2,20,24,37,45],"is_endless":false,"potions_floor_spawned":[1,10,14,18,29,31,35,41],"ascension_level":0}