{"gold_per_floor":[110,124,144,219,219,219,253,265,343,343,356,356,374,388,388,484,484,497,16,0,0,15,15,50,66,66,77,77,77,96,113,113,217,267,279,279,279,298,398,456,456,472,472,506,38,38,38,53,53,53],"floor_reached":50,"playtime":3653,"items_purged":["Strike_R"],"score":549,"play_id":"79a0ac90-cbd7-493f-b703-8881e4e917be","local_time":"20190824025720","is_ascension_mode":false,"campfire_choices":[{"floor":6,"key":"REST"},{"floor":10,"key":"REST"},{"data":"Body Slam","floor":15,"key":"SMITH"},{"data":"Infernal Blade","floor":23,"key":"SMITH"},{"floor":32,"key":"REST"},{"data":"Armaments","floor":41,"key":"SMITH"},{"floor":47,"key":"REST"},{"floor":49,"key":"REST"}],"neow_cost":"PERCENT_DAMAGE","seed_source_timestamp":512581655495200,"circlet_count":0,"master_deck":["Strike_R","Defend_R","Defend_R","Defend_R","Defend_R","Bash","Body Slam+1","Infernal Blade+1","Twin Strike","Cleave","Thunderclap","Body Slam","Inflame","Sword Boomerang+1","Immolate","Armaments+1","Cold Snap","Good Instincts","Conserve Battery","Auto Shields+1","Inflame","Corpse Explosion","Cloak And Dagger","Madness+1","Armaments+1","Chill","The Bomb","Madness","Madness","Spot Weakness"],"relics":["Burning Blood","Question Card","StoneCalendar","Gremlin Horn","Busted Crown","PrismaticShard","Pen Nib","Bag of Marbles","Letter Opener","Ginger","Tiny House","Gambling Chip","Tiny Chest","Bag of Preparation","Regal Pillow","Unceasing Top"],"potions_floor_usage":[16,25,27,31,33,39,44,50],"damage_taken":[{"damage":5,"enemies":"Small Slimes","floor":1,"turns":5},{"damage":1,"enemies":"Jaw Worm","floor":2,"turns":4},{"damage":1,"enemies":"Cultist","floor":3,"turns":3},{"damage":30,"enemies":"3 Sentries","floor":7,"turns":10},{"damage":16,"enemies":"Blue Slaver","floor":8,"turns":4},{"damage":0,"enemies":"Lots of Slimes","floor":11,"turns":2},{"damage":8,"enemies":"3 Louse","floor":13,"turns":2},{"damage":10,"enemies":"Looter","floor":14,"turns":3},{"damage":62,"enemies":"Hexaghost","floor":16,"turns":11},{"damage":26,"enemies":"Shell Parasite","floor":18,"turns":6},{"damage":0,"enemies":"Chosen","floor":22,"turns":3},{"damage":15,"enemies":"Gremlin Leader","floor":24,"turns":4},{"damage":8,"enemies":"Shelled Parasite and Fungi","floor":25,"turns":2},{"damage":37,"enemies":"Snake Plant","floor":27,"turns":5},{"damage":0,"enemies":"3 Cultists","floor":30,"turns":2},{"damage":18,"enemies":"Centurion and Healer","floor":31,"turns":3},{"damage":34,"enemies":"Champ","floor":33,"turns":7},{"damage":4,"enemies":"3 Shapes","floor":35,"turns":3},{"damage":10,"enemies":"Orb Walker","floor":38,"turns":2},{"damage":26,"enemies":"Mind Bloom Boss Battle","floor":39,"turns":7},{"damage":0,"enemies":"Reptomancer","floor":40,"turns":3},{"damage":15,"enemies":"4 Shapes","floor":42,"turns":2},{"damage":20,"enemies":"Giant Head","floor":44,"turns":7},{"damage":13,"enemies":"Maw","floor":48,"turns":6},{"damage":144,"enemies":"Time Eater","floor":50,"turns":9}],"seed_played":"6224533754820273895","potions_obtained":[{"floor":1,"key":"FairyPotion"},{"floor":8,"key":"GamblersBrew"},{"floor":12,"key":"SpeedPotion"},{"floor":12,"key":"FairyPotion"},{"floor":24,"key":"AttackPotion"},{"floor":25,"key":"Ancient Potion"},{"floor":30,"key":"BloodPotion"},{"floor":31,"key":"PowerPotion"},{"floor":34,"key":"Regen Potion"},{"floor":42,"key":"SkillPotion"},{"floor":44,"key":"BloodPotion"}],"is_trial":false,"path_per_floor":["M","M","M","?","T","R","E","M","T","R","M","?","M","M","R","B",null,"M","$","?","?","M","R","E","M","T","M","$","?","M","M","R","B",null,"M","?","?","M","?","E","R","M","T","E","$","?","R","M","R","B"],"character_chosen":"IRONCLAD","items_purchased":["Armaments","PrismaticShard","Pen Nib","Unceasing Top","The Bomb"],"campfire_rested":5,"item_purchase_floors":[19,19,19,45,45],"current_hp_per_floor":[57,62,67,56,56,80,56,46,46,70,76,76,74,70,70,14,80,60,60,60,60,66,66,57,55,55,24,24,24,30,38,62,34,85,85,85,85,81,75,81,81,72,72,58,58,47,85,78,85,0],"gold":53,"neow_bonus":"REMOVE_TWO","is_prod":false,"is_daily":false,"chose_seed":false,"campfire_upgraded":3,"win_rate":0,"timestamp":1566611840,"path_taken":["M","M","M","?","?","R","E","M","T","R","?","?","M","M","R","BOSS","M","?","?","?","M","R","E","M","T","M","$","?","M","M","R","BOSS","M","?","?","M","?","E","R","M","T","E","$","?","R","M","R","BOSS"],"build_version":"2019-07-17","purchased_purges":1,"victory":false,"max_hp_per_floor":[80,80,80,80,80,80,80,80,80,80,80,80,80,80,80,80,80,80,80,80,80,80,80,80,80,80,80,80,80,80,80,80,80,85,85,85,85,85,85,85,85,85,85,85,85,85,85,85,85,85],"card_choices":[{"not_picked":["Corruption","Havoc"],"picked":"Body Slam","floor":1},{"not_picked":["Clash","Power Through"],"picked":"Infernal Blade","floor":2},{"not_picked":["Headbutt","Immolate"],"picked":"Twin Strike","floor":3},{"not_picked":["Burning Pact","Spot Weakness","Pommel Strike"],"picked":"Cleave","floor":7},{"not_picked":["Heavy Blade","Cleave","Wild Strike"],"picked":"Thunderclap","floor":8},{"not_picked":["Searing Blow","Sentinel","Pommel Strike"],"picked":"Body Slam","floor":11},{"not_picked":["Thunderclap","Entrench","Second Wind"],"picked":"Inflame","floor":13},{"not_picked":["Corruption","Havoc","Heavy Blade"],"picked":"Sword Boomerang","floor":14},{"not_picked":["Dark Embrace","Barricade","Double Tap"],"picked":"Immolate","floor":16},{"not_picked":["Spot Weakness","Body Slam"],"picked":"SKIP","floor":18},{"not_picked":["Shockwave"],"picked":"Cold Snap","floor":22},{"not_picked":["Compile Driver"],"picked":"Good Instincts","floor":24},{"not_picked":["Undo"],"picked":"Conserve Battery","floor":25},{"not_picked":["Poisoned Stab"],"picked":"Auto Shields+1","floor":27},{"not_picked":["Flying Knee+1"],"picked":"Inflame","floor":30},{"not_picked":["Dagger Throw","Tempest+1"],"picked":"SKIP","floor":31},{"not_picked":["Echo Form"],"picked":"Corpse Explosion","floor":33},{"not_picked":["Finisher"],"picked":"Cloak And Dagger","floor":34},{"not_picked":["Leg Sweep+1"],"picked":"Madness+1","floor":35},{"not_picked":["Tactician","Blind"],"picked":"SKIP","floor":38},{"not_picked":["Streamline+1"],"picked":"Armaments+1","floor":40},{"not_picked":["Barrage+1"],"picked":"Chill","floor":42},{"not_picked":["Fission","Forethought"],"picked":"SKIP","floor":44},{"not_picked":["Bane+1"],"picked":"Spot Weakness","floor":48}],"player_experience":62968,"relics_obtained":[{"floor":5,"key":"Question Card"},{"floor":7,"key":"StoneCalendar"},{"floor":9,"key":"Gremlin Horn"},{"floor":24,"key":"Bag of Marbles"},{"floor":26,"key":"Letter Opener"},{"floor":39,"key":"Gambling Chip"},{"floor":40,"key":"Tiny Chest"},{"floor":43,"key":"Bag of Preparation"},{"floor":44,"key":"Regal Pillow"}],"event_choices":[{"damage_healed":0,"gold_gain":75,"player_choice":"Gather Gold","damage_taken":11,"max_hp_gain":0,"max_hp_loss":0,"event_name":"World of Goop","floor":4,"gold_loss":0},{"damage_healed":0,"gold_gain":0,"player_choice":"Got Potions","damage_taken":0,"max_hp_gain":0,"max_hp_loss":0,"event_name":"Lab","floor":12,"gold_loss":0},{"damage_healed":0,"gold_gain":0,"player_choice":"Paid Fearfully","damage_taken":0,"max_hp_gain":0,"max_hp_loss":0,"event_name":"Masked Bandits","floor":20,"gold_loss":16},{"damage_healed":0,"gold_gain":0,"player_choice":"Ignored","damage_taken":0,"max_hp_gain":0,"max_hp_loss":0,"event_name":"Ghosts","floor":21,"gold_loss":0},{"damage_healed":0,"gold_gain":0,"player_choice":"Opened","damage_taken":0,"relics_obtained":["Ginger"],"max_hp_gain":0,"max_hp_loss":0,"event_name":"The Mausoleum","floor":29,"gold_loss":0},{"damage_healed":0,"gold_gain":0,"player_choice":"Ignored","damage_taken":0,"max_hp_gain":0,"max_hp_loss":0,"event_name":"Tomb of Lord Red Mask","floor":36,"gold_loss":0},{"cards_removed":["Strike_R"],"damage_healed":0,"gold_gain":0,"player_choice":"Removed Attack","damage_taken":0,"max_hp_gain":0,"max_hp_loss":0,"event_name":"Falling","floor":37,"gold_loss":0},{"damage_healed":0,"gold_gain":0,"player_choice":"Fight","damage_taken":0,"max_hp_gain":0,"max_hp_loss":0,"event_name":"MindBloom","floor":39,"gold_loss":0},{"damage_healed":0,"gold_gain":0,"player_choice":"Embrace Madness","damage_taken":11,"max_hp_gain":0,"max_hp_loss":0,"event_name":"Winding Halls","floor":46,"gold_loss":0,"cards_obtained":["Madness","Madness"]}],"is_beta":false,"boss_relics":[{"not_picked":["White Beast Statue","Black Star"],"picked":"Busted Crown"},{"not_picked":["Velvet Choker","Runic Pyramid"],"picked":"Tiny House"}],"items_purged_floors":[19],"is_endless":false,"potions_floor_spawned":[1,8,24,25,30,31,38,42,44],"killed_by":"Time Eater","ascension_level":0}