{"gold_per_floor":[118,43,58,134,154,179,191,3,3,30,30,30,30,46,46,145,145,157,57,74,86,101,101,136,136,187,198,198],"floor_reached":28,"playtime":1353,"items_purged":["Strike_R","Strike_R"],"score":248,"play_id":"f5c91e29-3872-4716-84e1-c7a91c44c551","local_time":"20190317202209","is_ascension_mode":false,"campfire_choices":[{"data":"Flame Barrier","floor":7,"key":"SMITH"},{"data":"Apotheosis","floor":12,"key":"SMITH"},{"data":"Carnage","floor":15,"key":"SMITH"},{"floor":23,"key":"REST"},{"data":"Double Tap","floor":25,"key":"SMITH"}],"neow_cost":"NONE","seed_source_timestamp":341777929572700,"circlet_count":0,"master_deck":["Strike_R","Strike_R","Strike_R","Defend_R","Defend_R","Defend_R","Defend_R","Bash","Carnage+1","Metallicize","Flame Barrier+1","Impervious","Apotheosis+1","Flex","Double Tap+1","Shrug It Off","Limit Break","Bloodletting+1","Headbutt+1","Second Wind","Feel No Pain","Rampage","Iron Wave"],"relics":["Burning Blood","Self Forming Clay","MawBank","PreservedInsect","Vajra","Philosopher\u0027s Stone","Bag of Preparation","Juzu Bracelet"],"potions_floor_usage":[10,10,24,28],"damage_taken":[{"damage":6,"enemies":"Cultist","floor":1,"turns":3},{"damage":2,"enemies":"Small Slimes","floor":3,"turns":4},{"damage":3,"enemies":"Jaw Worm","floor":5,"turns":4},{"damage":8,"enemies":"3 Sentries","floor":6,"turns":11},{"damage":5,"enemies":"Lagavulin","floor":10,"turns":8},{"damage":1,"enemies":"2 Fungi Beasts","floor":14,"turns":4},{"damage":23,"enemies":"The Guardian","floor":16,"turns":10},{"damage":12,"enemies":"2 Thieves","floor":18,"turns":4},{"damage":6,"enemies":"Spheric Guardian","floor":20,"turns":4},{"damage":23,"enemies":"Snake Plant","floor":21,"turns":4},{"damage":40,"enemies":"Chosen and Byrds","floor":22,"turns":6},{"damage":22,"enemies":"Book of Stabbing","floor":24,"turns":6},{"damage":8,"enemies":"3 Cultists","floor":27,"turns":5},{"damage":43,"enemies":"Gremlin Leader","floor":28,"turns":3}],"seed_played":"-4508930240839123768","potions_obtained":[{"floor":0,"key":"Block Potion"},{"floor":0,"key":"Ancient Potion"},{"floor":0,"key":"SteroidPotion"},{"floor":10,"key":"BloodPotion"},{"floor":16,"key":"Energy Potion"},{"floor":24,"key":"PowerPotion"}],"is_trial":false,"path_per_floor":["M","$","M","T","M","E","R","$","T","E","?","R","$","M","R","B",null,"M","$","M","M","M","R","E","R","T","M","E"],"character_chosen":"IRONCLAD","items_purchased":["Apotheosis","Flex"],"campfire_rested":1,"item_purchase_floors":[8,8],"current_hp_per_floor":[80,80,80,80,80,78,78,78,78,79,84,84,84,85,85,68,85,79,79,79,62,28,53,45,45,45,43,0],"gold":198,"neow_bonus":"THREE_SMALL_POTIONS","is_prod":false,"is_daily":false,"chose_seed":false,"campfire_upgraded":4,"win_rate":0,"timestamp":1552850529,"path_taken":["M","$","M","?","M","E","R","$","T","E","?","R","?","M","R","BOSS","M","$","M","M","M","R","E","R","T","M","E"],"build_version":"2019-01-23","purchased_purges":2,"victory":false,"max_hp_per_floor":[80,80,80,80,80,80,80,80,80,80,85,85,85,85,85,85,85,85,85,85,85,85,85,85,85,85,85,85],"card_choices":[{"not_picked":["Pommel Strike","Heavy Blade"],"picked":"Carnage","floor":1},{"not_picked":["Armaments","Heavy Blade"],"picked":"Metallicize","floor":3},{"not_picked":["Sever Soul","Fire Breathing"],"picked":"Flame Barrier","floor":5},{"not_picked":["Armaments","Flex"],"picked":"Impervious","floor":6},{"not_picked":["Feel No Pain","Pommel Strike"],"picked":"Double Tap","floor":10},{"not_picked":["Havoc","Iron Wave"],"picked":"Shrug It Off","floor":14},{"not_picked":["Barricade","Demon Form"],"picked":"Limit Break","floor":16},{"not_picked":["Seeing Red","Second Wind"],"picked":"Bloodletting+1","floor":18},{"not_picked":["Combust","Flex"],"picked":"Headbutt+1","floor":20},{"not_picked":["Flex","Clothesline+1"],"picked":"Second Wind","floor":21},{"not_picked":["Anger+1","Shockwave"],"picked":"Feel No Pain","floor":22},{"not_picked":["Power Through","Cleave"],"picked":"Rampage","floor":24},{"not_picked":["Twin Strike","Feed"],"picked":"Iron Wave","floor":27}],"player_experience":254590,"relics_obtained":[{"floor":4,"key":"Self Forming Clay"},{"floor":6,"key":"MawBank"},{"floor":9,"key":"PreservedInsect"},{"floor":10,"key":"Vajra"},{"floor":24,"key":"Bag of Preparation"},{"floor":26,"key":"Juzu Bracelet"}],"event_choices":[{"damage_healed":0,"gold_gain":0,"player_choice":"Donut","damage_taken":0,"max_hp_gain":5,"max_hp_loss":0,"event_name":"Big Fish","floor":11,"gold_loss":0}],"is_beta":false,"boss_relics":[{"not_picked":["Runic Cube","Coffee Dripper"],"picked":"Philosopher\u0027s Stone"}],"items_purged_floors":[2,19],"is_endless":false,"potions_floor_spawned":[1,10,16,18,20,24],"killed_by":"Gremlin Leader","ascension_level":0}