{"gold_per_floor":[116,127,140,157,177,177,197,197,197,228,247,100,100,120,120,243,243,264,284,308,16,35,35,51,51,51,51,51,51,74,90,90,90],"floor_reached":33,"playtime":2103,"items_purged":["Injury","Strike_G"],"score":255,"play_id":"c84fed8d-cb64-40cc-a9f9-1ea2770e6b2f","local_time":"20181226220337","is_ascension_mode":false,"campfire_choices":[{"data":"Apotheosis","floor":6,"key":"SMITH"},{"floor":13,"key":"REST"},{"data":"Poisoned Stab","floor":15,"key":"SMITH"},{"floor":23,"key":"REST"},{"floor":27,"key":"REST"},{"floor":32,"key":"REST"}],"neow_cost":"TEN_PERCENT_HP_LOSS","seed_source_timestamp":32564327376100,"circlet_count":0,"master_deck":["Defend_G","Defend_G","Defend_G","Defend_G","Defend_G","Strike_G","Strike_G","Strike_G","Strike_G","Survivor","Neutralize","Apotheosis+1","Dramatic Entrance","Poisoned Stab+1","Distraction","Bouncing Flask","Masterful Stab","Finisher","Dagger Spray","Infinite Blades","Poisoned Stab","Doppelganger","Slice","Blur+1","Backstab+1","Poisoned Stab","PiercingWail"],"relics":["Ring of the Snake","Golden Idol","Bird Faced Urn","Du-Vu Doll","Lizard Tail","Blood Vial","Anchor"],"potions_floor_usage":[16,16,20,20,22,33],"damage_taken":[{"damage":0,"enemies":"Cultist","floor":1,"turns":3},{"damage":0,"enemies":"2 Louse","floor":2,"turns":4},{"damage":1,"enemies":"Jaw Worm","floor":3,"turns":4},{"damage":0,"enemies":"3 Louse","floor":4,"turns":3},{"damage":13,"enemies":"Exordium Wildlife","floor":5,"turns":3},{"damage":1,"enemies":"Exordium Thugs","floor":7,"turns":5},{"damage":18,"enemies":"3 Sentries","floor":10,"turns":7},{"damage":0,"enemies":"3 Louse","floor":11,"turns":2},{"damage":0,"enemies":"Looter","floor":14,"turns":3},{"damage":18,"enemies":"Hexaghost","floor":16,"turns":8},{"damage":15,"enemies":"3 Byrds","floor":18,"turns":3},{"damage":11,"enemies":"Shell Parasite","floor":19,"turns":8},{"damage":28,"enemies":"Centurion and Healer","floor":20,"turns":7},{"damage":20,"enemies":"Snecko","floor":22,"turns":4},{"damage":14,"enemies":"Sentry and Sphere","floor":24,"turns":7},{"damage":16,"enemies":"Cultist and Chosen","floor":30,"turns":5},{"damage":14,"enemies":"Snecko","floor":31,"turns":5},{"damage":63,"enemies":"Automaton","floor":33,"turns":6}],"seed_played":"-2760581517128692201","potions_obtained":[{"floor":2,"key":"PowerPotion"},{"floor":3,"key":"LiquidBronze"},{"floor":4,"key":"Weak Potion"},{"floor":16,"key":"Block Potion"},{"floor":18,"key":"Explosive Potion"},{"floor":20,"key":"AttackPotion"},{"floor":24,"key":"GamblersBrew"}],"is_trial":false,"path_per_floor":["M","M","M","M","M","R","M","?","T","E","M","$","R","M","R","B",null,"M","M","M","$","M","R","M","?","T","R","$","?","M","M","R","B"],"character_chosen":"THE_SILENT","items_purchased":["Infinite Blades","Blood Vial","Poison Potion"],"campfire_rested":4,"item_purchase_floors":[12,21,21],"current_hp_per_floor":[63,63,62,62,49,49,48,48,48,30,30,30,48,48,48,34,63,48,39,13,13,31,49,37,37,37,55,55,55,41,29,47,0],"gold":90,"neow_bonus":"RANDOM_COLORLESS_2","is_prod":false,"is_daily":false,"chose_seed":false,"campfire_upgraded":2,"win_rate":0.0,"timestamp":1545858217,"path_taken":["M","M","M","M","M","R","M","?","T","E","M","$","R","M","R","BOSS","M","M","M","$","M","R","M","?","T","R","$","?","M","M","R","BOSS"],"build_version":"2018-12-20","purchased_purges":2,"victory":false,"max_hp_per_floor":[63,63,63,63,63,63,63,63,63,63,63,63,63,63,63,63,63,63,63,63,63,63,63,63,63,63,63,63,63,63,63,63,63],"card_choices":[{"not_picked":["Calculated Gamble","Dagger Throw"],"picked":"Poisoned Stab","floor":1},{"not_picked":["Deflect","Underhanded Strike"],"picked":"Distraction","floor":2},{"not_picked":["Backflip","Quick Slash"],"picked":"Bouncing Flask","floor":3},{"not_picked":["Quick Slash","Infinite Blades"],"picked":"Masterful Stab","floor":4},{"not_picked":["Terror","Skewer","Underhanded Strike"],"picked":"SKIP","floor":5},{"not_picked":["Night Terror","Deadly Poison","Prepared"],"picked":"SKIP","floor":7},{"not_picked":["Sucker Punch","Catalyst"],"picked":"Finisher","floor":10},{"not_picked":["Dash","Outmaneuver"],"picked":"Dagger Spray","floor":11},{"not_picked":["Flechettes","Reflex"],"picked":"Poisoned Stab","floor":14},{"not_picked":["Venomology","Die Die Die"],"picked":"Doppelganger","floor":16},{"not_picked":["Underhanded Strike","Prepared"],"picked":"Slice","floor":18},{"not_picked":["Deadly Poison","Reflex+1","Prepared"],"picked":"SKIP","floor":19},{"not_picked":["Well Laid Plans","Blade Dance"],"picked":"Blur+1","floor":20},{"not_picked":["Finisher+1","Caltrops"],"picked":"Backstab+1","floor":22},{"not_picked":["Crippling Poison","Backflip+1","Skewer+1"],"picked":"SKIP","floor":24},{"not_picked":["Riddle With Holes","Finisher","Blade Dance"],"picked":"SKIP","floor":30},{"not_picked":["Calculated Gamble","Dagger Spray"],"picked":"PiercingWail","floor":31}],"player_experience":48021,"relics_obtained":[{"floor":9,"key":"Bird Faced Urn"},{"floor":10,"key":"Du-Vu Doll"},{"floor":26,"key":"Anchor"}],"event_choices":[{"damage_healed":0,"gold_gain":0,"player_choice":"Take Wound","damage_taken":0,"relics_obtained":["Golden Idol"],"max_hp_gain":0,"max_hp_loss":0,"event_name":"Golden Idol","floor":8,"gold_loss":0,"cards_obtained":["Injury"]},{"damage_healed":0,"gold_gain":0,"player_choice":"Read","damage_taken":0,"max_hp_gain":0,"max_hp_loss":0,"event_name":"The Library","floor":29,"gold_loss":0,"cards_obtained":["Poisoned Stab"]}],"is_beta":false,"boss_relics":[{"not_picked":["Black Star","Snecko Eye"],"picked":"Lizard Tail"}],"items_purged_floors":[12,21],"is_endless":false,"potions_floor_spawned":[2,3,4,11,16,18,20,24,31],"killed_by":"Automaton","ascension_level":0}