{"gold_per_floor":[109,109,109,109,109,109,127,167,193,193,242,256,256,281,281,410,410,424,424,437,14,28,28,28,59,59,59,59,84,33,58,58,178,178,196,210,543,557,570,570,587,607,634,236,236,288,311,29,29,29],"floor_reached":51,"playtime":3337,"items_purged":["Strike_G","Decay","Regret"],"score":715,"play_id":"5bad9057-0747-4bbc-9b94-bed1365275c9","local_time":"20190822234342","is_ascension_mode":false,"campfire_choices":[{"floor":6,"key":"REST"},{"data":"Corpse Explosion","floor":10,"key":"SMITH"},{"data":"Backflip","floor":13,"key":"SMITH"},{"floor":15,"key":"REST"},{"data":"Footwork","floor":23,"key":"SMITH"},{"data":"Accuracy","floor":27,"key":"SMITH"},{"data":"Cloak And Dagger","floor":32,"key":"SMITH"},{"data":"Blade Dance","floor":40,"key":"SMITH"},{"data":"After Image","floor":45,"key":"SMITH"},{"floor":49,"key":"REST"}],"neow_cost":"NONE","seed_source_timestamp":507698074218900,"circlet_count":0,"master_deck":["Strike_G+1","Strike_G","Defend_G","Defend_G","Defend_G","Defend_G","Survivor+1","Neutralize+1","Corpse Explosion+1","Expertise+1","Accuracy+1","Storm of Steel","Backflip+1","Leg Sweep","After Image","Skewer+1","Deadly Poison+1","Dodge and Roll","Footwork+1","Deflect+1","Cloak And Dagger+1","Backflip+1","Blade Dance+1","After Image+1","Escape Plan","Backflip+1","Caltrops+1","Parasite","Cloak And Dagger+1","Catalyst+1","Slice","Infinite Blades","Slice+1","Well Laid Plans","Backstab","Deflect"],"relics":["Ring of the Snake","Question Card","Blood Vial","War Paint","WristBlade","Matryoshka","Mercury Hourglass","Bottled Lightning","FossilizedHelix","Cursed Key","Anchor","Regal Pillow","HandDrill","Dead Branch","Lantern"],"potions_floor_usage":[50,50],"damage_taken":[{"damage":2,"enemies":"2 Louse","floor":1,"turns":2},{"damage":0,"enemies":"Small Slimes","floor":7,"turns":4},{"damage":19,"enemies":"Lagavulin","floor":8,"turns":8},{"damage":3,"enemies":"Jaw Worm","floor":12,"turns":3},{"damage":2,"enemies":"Looter","floor":14,"turns":4},{"damage":31,"enemies":"Slime Boss","floor":16,"turns":14},{"damage":16,"enemies":"Spheric Guardian","floor":18,"turns":8},{"damage":6,"enemies":"Shell Parasite","floor":20,"turns":6},{"damage":4,"enemies":"Centurion and Healer","floor":22,"turns":7},{"damage":3,"enemies":"Book of Stabbing","floor":25,"turns":10},{"damage":0,"enemies":"Chosen and Byrds","floor":29,"turns":6},{"damage":0,"enemies":"Snecko","floor":31,"turns":4},{"damage":25,"enemies":"Champ","floor":33,"turns":12},{"damage":0,"enemies":"3 Shapes","floor":35,"turns":3},{"damage":15,"enemies":"3 Darklings","floor":36,"turns":5},{"damage":0,"enemies":"Maw","floor":38,"turns":9},{"damage":0,"enemies":"Writhing Mass","floor":39,"turns":6},{"damage":18,"enemies":"Sphere and 2 Shapes","floor":41,"turns":6},{"damage":0,"enemies":"Spire Growth","floor":42,"turns":5},{"damage":14,"enemies":"2 Orb Walkers","floor":46,"turns":4},{"damage":31,"enemies":"Awakened One","floor":50,"turns":10}],"seed_played":"8043005656122086315","potions_obtained":[{"floor":1,"key":"SmokeBomb"},{"floor":14,"key":"Ancient Potion"},{"floor":18,"key":"Block Potion"},{"floor":22,"key":"Swift Potion"}],"is_trial":false,"path_per_floor":["M","?","?","?","?","R","M","E","T","R","T","M","R","M","R","B",null,"M","?","M","$","M","R","?","E","T","R","?","M","$","M","R","B",null,"M","M","?","M","M","R","M","M","T","$","R","?","T","$","R","B",null],"character_chosen":"THE_SILENT","items_purchased":["Dodge and Roll","Footwork","Matryoshka","Blade Dance","Slice","Infinite Blades","HandDrill","Well Laid Plans","Backstab","Deflect"],"campfire_rested":3,"item_purchase_floors":[21,21,21,30,44,44,44,48,48,48],"current_hp_per_floor":[68,51,37,42,35,57,57,38,38,38,38,37,37,37,59,30,75,59,59,55,55,53,53,53,52,52,52,52,54,54,56,56,33,75,75,60,60,62,64,64,48,50,50,50,50,38,38,38,75,44],"gold":29,"neow_bonus":"TRANSFORM_CARD","is_prod":false,"is_daily":false,"chose_seed":false,"campfire_upgraded":7,"win_rate":0,"timestamp":1566510222,"path_taken":["M","?","?","?","?","R","M","E","T","R","?","M","R","M","R","BOSS","M","?","M","$","M","R","?","E","T","R","?","M","$","?","R","BOSS","M","M","?","M","M","R","M","M","T","$","R","?","?","$","R","BOSS"],"build_version":"2019-07-17","purchased_purges":3,"victory":true,"max_hp_per_floor":[70,70,70,75,75,75,75,75,75,75,75,75,75,75,75,75,75,75,75,75,75,75,75,75,75,75,75,75,75,75,75,75,75,75,75,75,75,75,75,75,75,75,75,75,75,75,75,75,75,75],"card_choices":[{"not_picked":["Riddle With Holes","Dagger Throw"],"picked":"Expertise","floor":1},{"not_picked":["Outmaneuver","Dodge and Roll"],"picked":"Accuracy","floor":7},{"not_picked":["Dagger Spray","Eviscerate"],"picked":"Storm of Steel","floor":8},{"not_picked":["Dash","Dagger Throw","Flechettes"],"picked":"Backflip","floor":12},{"not_picked":["Eviscerate","Dagger Spray","Outmaneuver"],"picked":"Leg Sweep","floor":14},{"not_picked":["Corpse Explosion","Envenom","Venomology"],"picked":"After Image","floor":16},{"not_picked":["Poisoned Stab+1","Flechettes","PiercingWail"],"picked":"Skewer+1","floor":18},{"not_picked":["Predator+1","Quick Slash","Flechettes"],"picked":"Deadly Poison+1","floor":20},{"not_picked":["Bouncing Flask","Sucker Punch","Backstab+1"],"picked":"Deflect+1","floor":22},{"not_picked":["Dodge and Roll+1","Bouncing Flask+1","Deflect"],"picked":"Cloak And Dagger","floor":25},{"not_picked":["Sucker Punch","Setup","Outmaneuver"],"picked":"Backflip+1","floor":29},{"not_picked":["Corpse Explosion","PiercingWail","Quick Slash+1","Leg Sweep"],"picked":"SKIP","floor":31},{"not_picked":["Venomology","Night Terror","Malaise"],"picked":"After Image","floor":33},{"not_picked":["Backstab+1","Prepared","PiercingWail+1"],"picked":"Escape Plan","floor":35},{"not_picked":["Choke+1","Bane+1","Unload"],"picked":"Backflip+1","floor":36},{"not_picked":["Sucker Punch+1","Dagger Throw","Poisoned Stab+1"],"picked":"Caltrops+1","floor":38},{"not_picked":["Dagger Spray+1","Skewer","Dagger Throw+1"],"picked":"Cloak And Dagger+1","floor":39},{"not_picked":["Dagger Throw","Flechettes","Crippling Poison+1"],"picked":"Catalyst+1","floor":41},{"not_picked":["PiercingWail+1","Riddle With Holes","Storm of Steel","Quick Slash"],"picked":"SKIP","floor":42},{"not_picked":["Quick Slash","Dash+1","Poisoned Stab+1"],"picked":"Slice+1","floor":46}],"player_experience":337468,"relics_obtained":[{"floor":8,"key":"Question Card"},{"floor":9,"key":"Blood Vial"},{"floor":11,"key":"War Paint"},{"floor":25,"key":"Mercury Hourglass"},{"floor":26,"key":"Bottled Lightning"},{"floor":26,"key":"FossilizedHelix"},{"floor":43,"key":"Anchor"},{"floor":43,"key":"Regal Pillow"},{"floor":46,"key":"Dead Branch"},{"floor":47,"key":"Lantern"}],"event_choices":[{"damage_healed":0,"gold_gain":0,"player_choice":"Take Damage","damage_taken":17,"relics_obtained":["Golden Idol"],"max_hp_gain":0,"max_hp_loss":0,"event_name":"Golden Idol","floor":2,"gold_loss":0},{"damage_healed":0,"gold_gain":0,"player_choice":"Entered Light","damage_taken":14,"max_hp_gain":0,"max_hp_loss":0,"event_name":"Shining Light","floor":3,"gold_loss":0,"cards_upgraded":["Neutralize","Strike_G"]},{"damage_healed":0,"gold_gain":0,"player_choice":"Donut","damage_taken":0,"max_hp_gain":5,"max_hp_loss":0,"event_name":"Big Fish","floor":4,"gold_loss":0},{"cards_removed":["Strike_G"],"damage_healed":0,"gold_gain":0,"player_choice":"Card Removal","damage_taken":7,"max_hp_gain":0,"max_hp_loss":0,"event_name":"Golden Wing","floor":5,"gold_loss":0},{"damage_healed":0,"gold_gain":0,"player_choice":"Ignored","damage_taken":0,"max_hp_gain":0,"max_hp_loss":0,"event_name":"The Mausoleum","floor":19,"gold_loss":0},{"cards_removed":["Defend_G"],"damage_healed":0,"gold_gain":0,"player_choice":"Elegance","damage_taken":0,"max_hp_gain":0,"max_hp_loss":0,"event_name":"Back to Basics","floor":24,"gold_loss":0},{"damage_healed":0,"gold_gain":333,"player_choice":"Gave Idol","damage_taken":0,"max_hp_gain":0,"max_hp_loss":0,"event_name":"The Moai Head","floor":37,"relics_lost":["Golden Idol"],"gold_loss":0},{"damage_healed":0,"gold_gain":0,"player_choice":"Fight","damage_taken":0,"max_hp_gain":0,"max_hp_loss":0,"event_name":"Mysterious Sphere","floor":46,"gold_loss":0}],"is_beta":false,"boss_relics":[{"not_picked":["Black Star","Sozu"],"picked":"WristBlade"},{"not_picked":["Lizard Tail","Runic Pyramid"],"picked":"Cursed Key"}],"items_purged_floors":[21,44,48],"is_endless":false,"potions_floor_spawned":[1,14,18,22,29,39,41,46],"ascension_level":0}