{"gold_per_floor":[112,132,132,151,151,151,170,190,190,206,206,48,48,76,76,151,151,164,164,175,95,105,105,132,132,132,132,152,152,166,166,166,240,240,255,275,295,309,328,354,354,368,368,117,117,152,163,239,239,239,239,239,37,69,69],"floor_reached":56,"playtime":2907,"items_purged":["Bane"],"score":1904,"play_id":"3abd82d2-c05d-4600-b070-d65294ad6f55","local_time":"20190725220517","is_ascension_mode":true,"campfire_choices":[{"data":"Neutralize","floor":6,"key":"SMITH"},{"floor":11,"key":"REST"},{"data":"After Image","floor":15,"key":"SMITH"},{"floor":23,"key":"REST"},{"data":"Footwork","floor":25,"key":"SMITH"},{"data":"Well Laid Plans","floor":27,"key":"SMITH"},{"floor":29,"key":"REST"},{"floor":32,"key":"REST"},{"floor":41,"key":"REST"},{"floor":45,"key":"RECALL"},{"floor":49,"key":"REST"},{"floor":52,"key":"REST"}],"neow_cost":"NONE","seed_source_timestamp":1308279715873823,"circlet_count":0,"master_deck":["AscendersBane","Survivor","Neutralize+1","Bouncing Flask","A Thousand Cuts+1","Dash","After Image+1","Deadly Poison","Footwork+1","Leg Sweep","Burst","Dodge and Roll","Glass Knife","Sucker Punch","Escape Plan","All Out Attack","Backstab","Dagger Throw","Crippling Poison","Well Laid Plans+1","PiercingWail","Malaise","Backflip","Well Laid Plans+1","Deflect+1","Catalyst","Adrenaline","Dodge and Roll","Apotheosis","PiercingWail"],"relics":["Ring of the Snake","Snake Skull","Centennial Puzzle","Pandora\u0027s Box","Question Card","Sundial","Velvet Choker","Dodecahedron","Gambling Chip","Toxic Egg 2","Medical Kit","Mummified Hand"],"potions_floor_usage":[24,34,37,39,47,54],"damage_taken":[{"damage":7,"enemies":"Jaw Worm","floor":1,"turns":6},{"damage":4,"enemies":"Small Slimes","floor":2,"turns":6},{"damage":0,"enemies":"Cultist","floor":4,"turns":4},{"damage":5,"enemies":"2 Fungi Beasts","floor":7,"turns":4},{"damage":8,"enemies":"Large Slime","floor":8,"turns":8},{"damage":10,"enemies":"Red Slaver","floor":10,"turns":5},{"damage":10,"enemies":"3 Sentries","floor":14,"turns":6},{"damage":14,"enemies":"Hexaghost","floor":16,"turns":9},{"damage":3,"enemies":"Spheric Guardian","floor":18,"turns":5},{"damage":13,"enemies":"Shell Parasite","floor":20,"turns":6},{"damage":9,"enemies":"Cultist and Chosen","floor":22,"turns":5},{"damage":17,"enemies":"Gremlin Leader","floor":24,"turns":8},{"damage":0,"enemies":"Snecko","floor":28,"turns":5},{"damage":17,"enemies":"3 Cultists","floor":30,"turns":5},{"damage":41,"enemies":"Collector","floor":33,"turns":11},{"damage":7,"enemies":"3 Shapes","floor":35,"turns":5},{"damage":4,"enemies":"Orb Walker","floor":36,"turns":3},{"damage":8,"enemies":"Maw","floor":37,"turns":8},{"damage":16,"enemies":"Spire Growth","floor":38,"turns":7},{"damage":0,"enemies":"Transient","floor":39,"turns":5},{"damage":14,"enemies":"Nemesis","floor":40,"turns":7},{"damage":8,"enemies":"3 Darklings","floor":42,"turns":5},{"damage":29,"enemies":"Reptomancer","floor":46,"turns":6},{"damage":0,"enemies":"Spire Growth","floor":47,"turns":4},{"damage":1,"enemies":"Time Eater","floor":50,"turns":10},{"damage":9,"enemies":"Shield and Spear","floor":54,"turns":8},{"damage":25,"enemies":"The Heart","floor":55,"turns":8}],"seed_played":"-7195042964376554769","potions_obtained":[{"floor":2,"key":"Strength Potion"},{"floor":7,"key":"Weak Potion"},{"floor":19,"key":"AttackPotion"},{"floor":33,"key":"Fruit Juice"},{"floor":35,"key":"Fruit Juice"},{"floor":37,"key":"PowerPotion"},{"floor":40,"key":"SneckoOil"},{"floor":46,"key":"Regen Potion"}],"is_trial":false,"path_per_floor":["M","M","?","M","?","R","M","M","T","M","R","$","?","E","R","B",null,"M","?","M","$","M","R","E","R","T","R","M","R","M","?","R","B",null,"M","M","M","M","M","E","R","M","T","$","R","E","M","T","R","B",null,"R","$","E","B",null],"character_chosen":"THE_SILENT","items_purchased":["Footwork","Leg Sweep","Well Laid Plans","Apotheosis","Medical Kit"],"campfire_rested":7,"item_purchase_floors":[12,12,21,44,53],"current_hp_per_floor":[58,54,47,47,47,47,42,34,34,24,45,45,45,35,35,21,59,56,56,43,43,34,55,38,38,38,38,38,59,42,42,63,22,65,58,54,51,35,35,21,45,37,37,37,37,8,22,22,46,45,73,82,82,73,48],"gold":69,"neow_bonus":"TEN_PERCENT_HP_BONUS","is_prod":false,"is_daily":false,"chose_seed":false,"campfire_upgraded":4,"win_rate":0,"timestamp":1564106717,"path_taken":["M","M","?","M","?","R","?","M","T","M","R","$","?","E","R","BOSS","M","?","M","$","?","R","E","R","T","R","M","R","M","?","R","BOSS","M","M","M","M","M","E","R","?","T","$","R","E","?","?","R","BOSS","R","$","E","BOSS"],"build_version":"2019-07-17","purchased_purges":1,"victory":true,"max_hp_per_floor":[72,72,72,72,72,72,72,72,72,72,72,72,72,72,72,72,72,72,72,72,72,72,72,72,72,72,72,72,72,72,72,72,72,77,77,77,82,82,82,82,82,82,82,82,82,82,82,82,82,82,82,82,82,82,82],"card_choices":[{"not_picked":["Bane","Reflex","Slice"],"picked":"SKIP","floor":1},{"not_picked":["Underhanded Strike","Dodge and Roll"],"picked":"Bouncing Flask","floor":2},{"not_picked":["Prepared","Blade Dance"],"picked":"Bane","floor":4},{"not_picked":["PiercingWail","Dagger Throw"],"picked":"Dash","floor":7},{"not_picked":["Cloak And Dagger","Distraction"],"picked":"After Image","floor":8},{"not_picked":["Poisoned Stab","Dagger Throw"],"picked":"Deadly Poison","floor":10},{"not_picked":["Flying Knee","Slice","Endless Agony"],"picked":"SKIP","floor":14},{"not_picked":["Grand Finale","Phantasmal Killer"],"picked":"Burst","floor":16},{"not_picked":["Bouncing Flask","All Out Attack","Slice"],"picked":"SKIP","floor":18},{"not_picked":["Acrobatics","Heel Hook"],"picked":"Crippling Poison","floor":20},{"not_picked":["Flying Knee","Dagger Throw","Outmaneuver"],"picked":"SKIP","floor":22},{"not_picked":["Caltrops","Heel Hook","Finisher"],"picked":"SKIP","floor":24},{"not_picked":["Slice","Poisoned Stab","Distraction","Dagger Throw+1"],"picked":"SKIP","floor":28},{"not_picked":["Dodge and Roll","Terror","Noxious Fumes"],"picked":"PiercingWail","floor":30},{"not_picked":["Night Terror","Doppelganger","Bullet Time"],"picked":"Malaise","floor":33},{"not_picked":["Setup+1","Footwork","Prepared"],"picked":"Backflip","floor":35},{"not_picked":["Cloak And Dagger","Dodge and Roll","Dagger Throw"],"picked":"Well Laid Plans+1","floor":36},{"not_picked":["Bane","Blade Dance+1","Well Laid Plans"],"picked":"Deflect+1","floor":37},{"not_picked":["Sucker Punch+1","Caltrops+1","Flechettes","Flying Knee+1"],"picked":"SKIP","floor":38},{"not_picked":["Blade Dance+1","Predator","Quick Slash"],"picked":"Catalyst","floor":39},{"not_picked":["Leg Sweep","Dodge and Roll","Distraction"],"picked":"Adrenaline","floor":40},{"not_picked":["Masterful Stab+1","Acrobatics","Eviscerate"],"picked":"Dodge and Roll","floor":42},{"not_picked":["Deadly Poison","Terror+1","Flechettes+1","Flying Knee+1"],"picked":"SKIP","floor":46},{"not_picked":["Backstab","Dagger Throw","Setup+1"],"picked":"PiercingWail","floor":47},{"not_picked":["Flechettes","Endless Agony","Flying Knee+1","Grand Finale"],"picked":"SKIP","floor":54}],"player_experience":2618425,"relics_obtained":[{"floor":9,"key":"Snake Skull"},{"floor":14,"key":"Centennial Puzzle"},{"floor":24,"key":"Question Card"},{"floor":26,"key":"Sundial"},{"floor":40,"key":"Dodecahedron"},{"floor":46,"key":"Gambling Chip"},{"floor":48,"key":"Toxic Egg 2"},{"floor":54,"key":"Mummified Hand"}],"event_choices":[{"cards_removed":["Strike_G"],"damage_healed":0,"gold_gain":0,"player_choice":"Card Removal","damage_taken":7,"max_hp_gain":0,"max_hp_loss":0,"event_name":"Golden Wing","floor":3,"gold_loss":0},{"damage_healed":0,"gold_gain":0,"cards_transformed":["Strike_G"],"player_choice":"Transformed","damage_taken":0,"max_hp_gain":0,"max_hp_loss":0,"event_name":"Transmorgrifier","floor":5,"gold_loss":0,"cards_obtained":["A Thousand Cuts"]},{"damage_healed":0,"gold_gain":0,"player_choice":"Grow","damage_taken":0,"max_hp_gain":0,"max_hp_loss":0,"event_name":"Living Wall","floor":13,"gold_loss":0,"cards_upgraded":["A Thousand Cuts"]},{"damage_healed":0,"gold_gain":0,"player_choice":"Got Potions","damage_taken":0,"max_hp_gain":0,"max_hp_loss":0,"event_name":"Lab","floor":19,"gold_loss":0},{"cards_removed":["All Out Attack"],"damage_healed":0,"gold_gain":0,"player_choice":"Purged","damage_taken":0,"max_hp_gain":0,"max_hp_loss":0,"event_name":"Purifier","floor":31,"gold_loss":0}],"is_beta":false,"boss_relics":[{"not_picked":["Fusion Hammer","Coffee Dripper"],"picked":"Pandora\u0027s Box"},{"not_picked":["Lizard Tail","Philosopher\u0027s Stone"],"picked":"Velvet Choker"}],"items_purged_floors":[44],"is_endless":false,"potions_floor_spawned":[2,7,16,20,22,33,35,37,40,46],"ascension_level":15}