{"gold_per_floor":[119,133,58,72,85,120,46,79,147,177,209,209,227,240,240,313,313,323,323,67,81,96,96,115,115,115,129,129,164,214,239,239,315,315,333,101,117,136,151,151,186,202,502,502,536,550,550,127,127,127,127,127,68,97,97],"floor_reached":56,"playtime":2510,"items_purged":["Strike_R"],"score":2002,"play_id":"6efcc99e-ad84-4bfc-bb38-d7d0ce4ca8dc","local_time":"20190707131336","is_ascension_mode":true,"campfire_choices":[{"floor":10.0,"key":"DIG"},{"floor":12.0,"key":"REST"},{"data":"Armaments","floor":15.0,"key":"SMITH"},{"floor":23,"key":"REST"},{"floor":25,"key":"REST"},{"floor":28,"key":"REST"},{"floor":32,"key":"REST"},{"floor":40,"key":"RECALL"},{"floor":47,"key":"DIG"},{"floor":49,"key":"DIG"},{"floor":52,"key":"DIG"}],"neow_cost":"NONE","seed_source_timestamp":0,"circlet_count":0,"master_deck":["AscendersBane","Strike_R","Strike_R","Strike_R","Defend_R","Defend_R","Defend_R","Defend_R","Bash","Sword Boomerang","Carnage","Spot Weakness","Exhume","Battle Trance","Headbutt","Armaments+1","Shrug It Off+1","Juggernaut","Fiend Fire","Headbutt+1","Spot Weakness+1","Havoc+1","Brutality","Feel No Pain+1","Ghostly Armor","Power Through+1","Evolve","Impervious","Shrug It Off","Flame Barrier","Uppercut+1","Corruption","Reaper","Combust+1","Reaper","Shrug It Off","Barricade"],"special_seed":0,"relics":["Burning Blood","Sundial","Shovel","Tiny Chest","Dream Catcher","Velvet Choker","Self Forming Clay","Du-Vu Doll","Dead Branch","Regal Pillow","Orrery","The Courier","Old Coin","Shuriken","War Paint","PreservedInsect","Pear","Anchor","StoneCalendar","Bottled Lightning","Ornamental Fan"],"potions_floor_usage":[31,31,35,38,42,50,54,54],"damage_taken":[{"damage":2.0,"enemies":"2 Louse","floor":1.0,"turns":4.0},{"damage":6.0,"enemies":"Cultist","floor":2.0,"turns":4.0},{"damage":9.0,"enemies":"Jaw Worm","floor":4.0,"turns":3.0},{"damage":16.0,"enemies":"Blue Slaver","floor":5.0,"turns":4.0},{"damage":15.0,"enemies":"3 Sentries","floor":6.0,"turns":6.0},{"damage":30.0,"enemies":"Lagavulin","floor":8.0,"turns":5.0},{"damage":28.0,"enemies":"Gremlin Nob","floor":11.0,"turns":4.0},{"damage":12.0,"enemies":"Looter","floor":13.0,"turns":3.0},{"damage":9.0,"enemies":"2 Fungi Beasts","floor":14.0,"turns":5.0},{"damage":27.0,"enemies":"Slime Boss","floor":16.0,"turns":9.0},{"damage":5.0,"enemies":"3 Byrds","floor":18.0,"turns":5.0},{"damage":22.0,"enemies":"Spheric Guardian","floor":21.0,"turns":4.0},{"damage":21,"enemies":"Snake Plant","floor":22,"turns":3},{"damage":42,"enemies":"Centurion and Healer","floor":24,"turns":7},{"damage":25,"enemies":"Shelled Parasite and Fungi","floor":27,"turns":5},{"damage":20,"enemies":"Gremlin Leader","floor":29,"turns":6},{"damage":11,"enemies":"Slavers","floor":31,"turns":7},{"damage":17,"enemies":"Champ","floor":33,"turns":8},{"damage":17,"enemies":"3 Darklings","floor":35,"turns":6},{"damage":11,"enemies":"3 Shapes","floor":37,"turns":6},{"damage":24,"enemies":"Sphere and 2 Shapes","floor":38,"turns":5},{"damage":17,"enemies":"Maw","floor":39,"turns":6},{"damage":20,"enemies":"Nemesis","floor":41,"turns":7},{"damage":37,"enemies":"Transient","floor":42,"turns":5},{"damage":26,"enemies":"Giant Head","floor":45,"turns":8},{"damage":27,"enemies":"Writhing Mass","floor":46,"turns":7},{"damage":45,"enemies":"Donu and Deca","floor":50,"turns":8},{"damage":58,"enemies":"Shield and Spear","floor":54,"turns":6},{"damage":39,"enemies":"The Heart","floor":55,"turns":8}],"seed_played":"6356906678889365617","potions_obtained":[{"floor":2.0,"key":"EssenceOfSteel"},{"floor":5.0,"key":"Energy Potion"},{"floor":6.0,"key":"Regen Potion"},{"floor":11.0,"key":"LiquidBronze"},{"floor":13.0,"key":"FearPotion"},{"floor":16.0,"key":"GamblersBrew"},{"floor":31,"key":"SkillPotion"},{"floor":33,"key":"SkillPotion"},{"floor":35,"key":"Ancient Potion"},{"floor":38,"key":"EssenceOfSteel"},{"floor":42,"key":"SkillPotion"},{"floor":46,"key":"PowerPotion"}],"is_trial":false,"path_per_floor":["M","M","?","M","M","E","$","E","T","R","E","R","M","M","R","B",null,"M","?","$","M","M","R","M","R","T","M","R","E","?","E","R","B",null,"M","$","M","M","M","R","E","M","T","?","E","M","R","$","R","B",null,"R","$","E","B",null],"character_chosen":"IRONCLAD","items_purchased":["Battle Trance","Self Forming Clay","Corruption","Reaper","PreservedInsect","Pear","Anchor","Swift Potion","Shrug It Off"],"campfire_rested":5,"item_purchase_floors":[7,20,36,36,48,48,48,53,53],"current_hp_per_floor":[79,79,79,76,66,57,57,47,47,47,25,49,43,40,40,19,66,67,62,62,46,31,55,19,43,43,24,48,34,34,29,68,57,76,65,65,67,62,73,73,75,51,51,51,78,78,78,88,88,88,88,88,88,67,86],"gold":97,"neow_bonus":"TEN_PERCENT_HP_BONUS","is_prod":false,"is_daily":false,"chose_seed":false,"campfire_upgraded":1,"win_rate":0,"timestamp":1562519616,"path_taken":["M","M","?","M","M","E","$","E","T","R","E","R","M","M","R","BOSS","M","?","$","M","?","R","M","R","T","M","R","E","?","E","R","BOSS","M","$","M","M","M","R","E","M","T","?","E","M","R","$","R","BOSS","R","$","E","BOSS"],"build_version":"2019-07-03","purchased_purges":1,"victory":true,"max_hp_per_floor":[82,82,82,82,82,82,82,82,82,82,82,82,82,82,82,82,82,82,82,82,82,82,82,82,82,82,82,82,82,82,82,82,82,82,82,82,82,82,82,82,82,82,82,78,78,78,78,88,88,88,88,88,88,88,88],"card_choices":[{"not_picked":["Warcry","Wild Strike"],"picked":"Sword Boomerang","floor":1.0},{"not_picked":["Havoc","Cleave"],"picked":"Carnage","floor":2.0},{"not_picked":["Body Slam","Sever Soul","Clothesline"],"picked":"SKIP","floor":4.0},{"not_picked":["Armaments","Flame Barrier"],"picked":"Spot Weakness","floor":5.0},{"not_picked":["Rampage","Clothesline"],"picked":"Exhume","floor":6.0},{"not_picked":["Clash","Dual Wield"],"picked":"Headbutt","floor":8.0},{"not_picked":["Iron Wave","Cleave"],"picked":"Armaments","floor":11.0},{"not_picked":["Cleave","True Grit"],"picked":"Shrug It Off","floor":13.0},{"not_picked":["Feel No Pain","Headbutt"],"picked":"Juggernaut","floor":14.0},{"not_picked":["Berserk","Barricade"],"picked":"Fiend Fire","floor":16.0},{"not_picked":["Heavy Blade","Evolve","Thunderclap"],"picked":"SKIP","floor":18.0},{"not_picked":["Cleave","Perfected Strike"],"picked":"Headbutt+1","floor":21.0},{"not_picked":["Anger","Pummel+1"],"picked":"Spot Weakness","floor":22},{"not_picked":["Twin Strike+1","Carnage"],"picked":"Havoc+1","floor":23},{"not_picked":["Bloodletting","Clash","Brutality"],"picked":"SKIP","floor":24},{"not_picked":["Bloodletting","Clash"],"picked":"Brutality","floor":24},{"not_picked":["Perfected Strike","Headbutt+1"],"picked":"Feel No Pain+1","floor":25},{"not_picked":["Sword Boomerang","Clothesline"],"picked":"Ghostly Armor","floor":27},{"not_picked":["Heavy Blade","Body Slam+1"],"picked":"Power Through+1","floor":28},{"not_picked":["Clash","Twin Strike","Cleave+1"],"picked":"SKIP","floor":29},{"not_picked":["Bludgeon","Whirlwind","Rage"],"picked":"SKIP","floor":31},{"not_picked":["Metallicize","Reckless Charge"],"picked":"Evolve","floor":32},{"not_picked":["Immolate","Exhume"],"picked":"Impervious","floor":33},{"not_picked":["Headbutt+1","Twin Strike"],"picked":"Shrug It Off","floor":34},{"not_picked":["Whirlwind","Twin Strike"],"picked":"Flame Barrier","floor":34},{"not_picked":["Warcry","Intimidate"],"picked":"Uppercut+1","floor":34},{"not_picked":["Havoc","Wild Strike","Spot Weakness"],"picked":"SKIP","floor":35},{"not_picked":["Thunderclap+1","Rupture+1"],"picked":"Combust+1","floor":37},{"not_picked":["Searing Blow","Heavy Blade+1","Infernal Blade"],"picked":"SKIP","floor":38},{"not_picked":["Intimidate+1","Whirlwind","Body Slam"],"picked":"SKIP","floor":39},{"not_picked":["Armaments","Evolve","Hemokinesis"],"picked":"SKIP","floor":41},{"not_picked":["Pommel Strike","Blood for Blood","Clash"],"picked":"SKIP","floor":42},{"not_picked":["Dual Wield+1","Brutality"],"picked":"Reaper","floor":45},{"not_picked":["Warcry","Havoc","Headbutt"],"picked":"SKIP","floor":46},{"not_picked":["Reckless Charge","Havoc"],"picked":"Barricade","floor":54}],"player_experience":2604486,"relics_obtained":[{"floor":6.0,"key":"Sundial"},{"floor":8.0,"key":"Shovel"},{"floor":10.0,"key":"Tiny Chest"},{"floor":11.0,"key":"Dream Catcher"},{"floor":26,"key":"Du-Vu Doll"},{"floor":29,"key":"Dead Branch"},{"floor":31,"key":"Regal Pillow"},{"floor":41,"key":"The Courier"},{"floor":43,"key":"Old Coin"},{"floor":45,"key":"Shuriken"},{"floor":47,"key":"War Paint"},{"floor":49,"key":"StoneCalendar"},{"floor":52,"key":"Bottled Lightning"},{"floor":54,"key":"Ornamental Fan"}],"event_choices":[{"cards_removed":["Strike_R"],"damage_healed":0.0,"max_hp_gain":0.0,"max_hp_loss":0.0,"gold_gain":0.0,"event_name":"The Cleric","player_choice":"Card Removal","floor":3.0,"gold_loss":75.0,"damage_taken":0.0},{"damage_healed":0.0,"max_hp_gain":0.0,"max_hp_loss":0.0,"gold_gain":0.0,"event_name":"The Woman in Blue","player_choice":"Bought 0 Potions","floor":19.0,"gold_loss":0.0,"damage_taken":0.0},{"damage_healed":0,"gold_gain":50,"player_choice":"Stole From Cult","damage_taken":0,"max_hp_gain":0,"max_hp_loss":0,"event_name":"Nest","floor":30,"gold_loss":0},{"damage_healed":0,"gold_gain":0,"player_choice":"Max HP","damage_taken":0,"max_hp_gain":0,"max_hp_loss":4,"event_name":"Winding Halls","floor":44,"gold_loss":0}],"is_beta":true,"boss_relics":[{"not_picked":["Runic Cube","Philosopher\u0027s Stone"],"picked":"Velvet Choker"},{"not_picked":["Empty Cage","Lizard Tail"],"picked":"Orrery"}],"items_purged_floors":[36],"is_endless":false,"potions_floor_spawned":[2,5,6,11,13,16,18,24,31,33,35,37,38,42,46],"ascension_level":15}