{"gold_per_floor":[116,266,63,63,75,75,109,122,122,122,136,136,148,177,177,254,254,270,195,205,205,205,205],"floor_reached":23,"playtime":766,"items_purged":["Strike_B"],"score":347,"play_id":"9c97d0ec-a4e1-4995-ab50-8f7a5abddc2b","local_time":"20190708193033","is_ascension_mode":true,"campfire_choices":[{"data":"Zap","floor":6,"key":"SMITH"},{"data":"Coolheaded","floor":10,"key":"SMITH"},{"floor":12,"key":"REST"},{"data":"Darkness","floor":15,"key":"SMITH"}],"neow_cost":"NONE","seed_source_timestamp":336545416122166,"circlet_count":0,"master_deck":["AscendersBane","Strike_B","Defend_B","Defend_B","Defend_B","Defend_B","Zap+1","Dualcast","Conserve Battery","FTL","Coolheaded+1","Undo","Doom and Gloom","Sweeping Beam","Darkness+1","Biased Cognition","Undo","Compile Driver","Echo Form","Rebound"],"relics":["Cracked Core","Runic Capacitor","Spirit Poop","Dodecahedron","Shuriken","Mercury Hourglass","Inserter"],"potions_floor_usage":[16,23],"damage_taken":[{"damage":7,"enemies":"Jaw Worm","floor":1,"turns":3},{"damage":1,"enemies":"Cultist","floor":5,"turns":4},{"damage":26,"enemies":"3 Sentries","floor":7,"turns":9},{"damage":0,"enemies":"Small Slimes","floor":8,"turns":3},{"damage":0,"enemies":"Looter","floor":11,"turns":4},{"damage":5,"enemies":"2 Fungi Beasts","floor":13,"turns":3},{"damage":24,"enemies":"Gremlin Nob","floor":14,"turns":4},{"damage":15,"enemies":"Hexaghost","floor":16,"turns":8},{"damage":5,"enemies":"Chosen","floor":18,"turns":5},{"damage":8,"enemies":"Spheric Guardian","floor":20,"turns":4},{"damage":54,"enemies":"Book of Stabbing","floor":23,"turns":7}],"seed_played":"551433528801183536","potions_obtained":[{"floor":5,"key":"Strength Potion"},{"floor":13,"key":"Regen Potion"},{"floor":16,"key":"Block Potion"}],"is_trial":false,"path_per_floor":["M","?","$","?","M","R","E","M","T","R","M","R","M","E","R","B",null,"M","$","M","?","?","E"],"character_chosen":"DEFECT","items_purchased":["Runic Capacitor"],"campfire_rested":1,"item_purchase_floors":[3],"current_hp_per_floor":[64,64,64,64,63,63,37,37,37,37,37,60,55,31,31,30,66,61,61,53,53,53,0],"gold":205,"neow_bonus":"TEN_PERCENT_HP_BONUS","is_prod":false,"is_daily":false,"chose_seed":false,"campfire_upgraded":3,"win_rate":0,"timestamp":1562628633,"path_taken":["M","?","$","?","M","R","E","?","T","R","?","R","M","E","R","BOSS","M","$","?","?","?","E"],"build_version":"2019-07-03","purchased_purges":1,"victory":false,"max_hp_per_floor":[78,78,78,78,78,78,78,78,78,78,78,78,78,78,78,78,78,78,78,78,78,78,78],"card_choices":[{"not_picked":["Streamline","Steam"],"picked":"Conserve Battery","floor":1},{"not_picked":["Turbo","Conserve Battery"],"picked":"FTL","floor":5},{"not_picked":["Rebound","Barrage"],"picked":"Coolheaded","floor":7},{"not_picked":["Steam","Auto Shields"],"picked":"Undo","floor":8},{"not_picked":["Storm","Streamline"],"picked":"Doom and Gloom","floor":11},{"not_picked":["Rebound","Leap"],"picked":"Sweeping Beam","floor":13},{"not_picked":["Storm","Sweeping Beam"],"picked":"Darkness","floor":14},{"not_picked":["Buffer","Seek"],"picked":"Biased Cognition","floor":16},{"not_picked":["Force Field","BootSequence"],"picked":"Undo","floor":18},{"not_picked":["Darkness","Leap"],"picked":"Compile Driver","floor":20}],"player_experience":2614590,"relics_obtained":[{"floor":7,"key":"Dodecahedron"},{"floor":9,"key":"Shuriken"},{"floor":14,"key":"Mercury Hourglass"}],"event_choices":[{"damage_healed":0,"gold_gain":150,"player_choice":"AGREE","damage_taken":0,"max_hp_gain":0,"max_hp_loss":0,"event_name":"Liars Game","floor":2,"gold_loss":0,"cards_obtained":["Doubt"]},{"cards_removed":["Doubt"],"damage_healed":0,"gold_gain":0,"player_choice":"Offered Curse","damage_taken":0,"relics_obtained":["Spirit Poop"],"max_hp_gain":0,"max_hp_loss":0,"event_name":"Bonfire Elementals","floor":4,"gold_loss":0},{"damage_healed":0,"gold_gain":0,"player_choice":"Ignored","damage_taken":0,"max_hp_gain":0,"max_hp_loss":0,"event_name":"Vampires","floor":21,"gold_loss":0},{"damage_healed":0,"gold_gain":0,"cards_transformed":["Strike_B","Strike_B"],"player_choice":"Became Test Subject","damage_taken":0,"max_hp_gain":0,"max_hp_loss":0,"event_name":"Drug Dealer","floor":22,"gold_loss":0,"cards_obtained":["Echo Form","Rebound"]}],"is_beta":true,"boss_relics":[{"not_picked":["Calling Bell","Busted Crown"],"picked":"Inserter"}],"items_purged_floors":[19],"is_endless":false,"potions_floor_spawned":[5,13,14,16],"killed_by":"Book of Stabbing","ascension_level":15}