{"gold_per_floor":[114,64,77,77,92,120,120,139,139,139,166,166,193,204,204,303,303,323,323,248,248,267,299,313,313,313,333,357,391,410,428,428,524,524,538,538,538,549,562,562,662,678,746,779,779,795,795,67,67,67],"floor_reached":51,"playtime":5587,"items_purged":[],"score":727,"play_id":"1d526105-f24c-40d7-bad7-3e11b10379e8","local_time":"20190822232826","is_ascension_mode":false,"campfire_choices":[{"data":"Barrage","floor":7,"key":"SMITH"},{"floor":10,"key":"REST"},{"data":"Ball Lightning","floor":15,"key":"SMITH"},{"data":"Machine Learning","floor":25,"key":"SMITH"},{"floor":32,"key":"REST"},{"floor":40,"key":"REST"},{"floor":47,"key":"REST"},{"data":"Magnetism","floor":49,"key":"SMITH"}],"neow_cost":"NONE","seed_source_timestamp":411684446158500,"circlet_count":0,"master_deck":["Defend_B","Defend_B","Defend_B","Defend_B","Zap","Dualcast","Barrage+1","Melter","Cold Snap","Skim+1","Conserve Battery+1","Rainbow+1","Ball Lightning+1","Fusion+1","Machine Learning+1","Sweeping Beam","Go for the Eyes","Capacitor","Redo+1","Stack+1","Leap+1","Go for the Eyes","Rip and Tear","Electrodynamics","Steam+1","Magnetism+1","Deep Breath+1","Hello World+1","Capacitor+1","Streamline+1","Doom and Gloom+1","FTL","Madness+1","Madness+1","Cold Snap+1","Static Discharge","Violence+1","All For One"],"relics":["Cracked Core","Toxic Egg 2","FossilizedHelix","Gambling Chip","Omamori","Odd Mushroom","Sozu","Shuriken","Orichalcum","Ancient Tea Set","Bronze Scales","Empty Cage","Nunchaku","Bottled Tornado","Juzu Bracelet","Lee\u0027s Waffle","Centennial Puzzle"],"potions_floor_usage":[11,16,16,22],"damage_taken":[{"damage":0,"enemies":"2 Louse","floor":1,"turns":3},{"damage":2,"enemies":"Small Slimes","floor":3,"turns":4},{"damage":1,"enemies":"Jaw Worm","floor":5,"turns":3},{"damage":24,"enemies":"Lagavulin","floor":6,"turns":7},{"damage":3,"enemies":"Looter","floor":8,"turns":3},{"damage":2,"enemies":"3 Sentries","floor":11,"turns":6},{"damage":9,"enemies":"The Mushroom Lair","floor":13,"turns":4},{"damage":0,"enemies":"3 Louse","floor":14,"turns":2},{"damage":9,"enemies":"The Guardian","floor":16,"turns":9},{"damage":0,"enemies":"Shell Parasite","floor":18,"turns":4},{"damage":0,"enemies":"2 Thieves","floor":22,"turns":4},{"damage":18,"enemies":"Book of Stabbing","floor":23,"turns":6},{"damage":0,"enemies":"Centurion and Healer","floor":24,"turns":5},{"damage":0,"enemies":"Sentry and Sphere","floor":27,"turns":3},{"damage":23,"enemies":"Slavers","floor":29,"turns":7},{"damage":5,"enemies":"Cultist and Chosen","floor":30,"turns":7},{"damage":18,"enemies":"3 Cultists","floor":31,"turns":5},{"damage":32,"enemies":"Collector","floor":33,"turns":8},{"damage":10,"enemies":"Orb Walker","floor":35,"turns":4},{"damage":19,"enemies":"3 Darklings","floor":38,"turns":4},{"damage":0,"enemies":"Maw","floor":39,"turns":7},{"damage":7,"enemies":"Mind Bloom Boss Battle","floor":41,"turns":6},{"damage":10,"enemies":"Transient","floor":42,"turns":5},{"damage":30,"enemies":"Nemesis","floor":44,"turns":7},{"damage":1,"enemies":"3 Darklings","floor":46,"turns":6},{"damage":75,"enemies":"Time Eater","floor":50,"turns":11}],"seed_played":"-2533525704781326321","potions_obtained":[{"floor":6,"key":"Fire Potion"},{"floor":8,"key":"SpeedPotion"},{"floor":11,"key":"Fire Potion"},{"floor":14,"key":"Weak Potion"}],"is_trial":false,"path_per_floor":["M","?","M","?","M","E","R","M","T","R","E","?","?","M","R","B",null,"M","?","?","?","M","E","M","R","T","M","T","E","M","M","R","B",null,"M","?","?","M","M","R","?","M","T","E","?","M","R","$","R","B",null],"character_chosen":"DEFECT","items_purchased":["Lee\u0027s Waffle","Centennial Puzzle","Static Discharge","Violence+1","All For One"],"campfire_rested":4,"item_purchase_floors":[48,48,48,48,48],"current_hp_per_floor":[82,82,80,85,84,60,60,57,57,83,81,69,60,60,60,51,87,87,87,87,87,87,69,69,69,69,69,69,46,41,23,49,17,87,77,72,72,53,53,79,72,62,62,32,21,20,46,94,94,19],"gold":67,"neow_bonus":"TEN_PERCENT_HP_BONUS","is_prod":false,"is_daily":false,"chose_seed":false,"campfire_upgraded":4,"win_rate":0.0,"timestamp":1566512906,"path_taken":["M","?","M","?","M","E","R","M","T","R","E","?","?","M","R","BOSS","M","?","?","?","M","E","M","R","T","?","?","E","M","M","R","BOSS","M","?","?","M","M","R","?","M","T","E","?","M","R","$","R","BOSS"],"build_version":"2019-07-17","purchased_purges":0,"victory":true,"max_hp_per_floor":[82,82,82,87,87,87,87,87,87,87,87,87,87,87,87,87,87,87,87,87,87,87,87,87,87,87,87,87,87,87,87,87,87,87,87,87,87,87,87,87,87,87,87,87,87,87,87,94,94,94],"card_choices":[{"not_picked":["Coolheaded","Tempest"],"picked":"Barrage","floor":1},{"not_picked":["Chaos","Static Discharge"],"picked":"Melter","floor":3},{"not_picked":["Streamline","Steam"],"picked":"Cold Snap","floor":5},{"not_picked":["Electrodynamics","Amplify"],"picked":"Skim","floor":6},{"not_picked":["Steam+1","Beam Cell"],"picked":"Conserve Battery+1","floor":8},{"not_picked":["Conserve Battery+1","Compile Driver"],"picked":"Rainbow+1","floor":11},{"not_picked":["Streamline","Leap+1"],"picked":"Ball Lightning","floor":13},{"not_picked":["Coolheaded+1","Go for the Eyes"],"picked":"Fusion+1","floor":14},{"not_picked":["All For One","Rainbow+1"],"picked":"Machine Learning","floor":16},{"not_picked":["Fusion+1","Blizzard"],"picked":"Sweeping Beam","floor":18},{"not_picked":["Skim+1","Barrage"],"picked":"Capacitor","floor":22},{"not_picked":["Gash","Coolheaded+1"],"picked":"Redo+1","floor":23},{"not_picked":["Compile Driver","Melter"],"picked":"Stack+1","floor":24},{"not_picked":["Barrage","Sweeping Beam"],"picked":"Leap+1","floor":27},{"not_picked":["Leap+1","BootSequence+1"],"picked":"Go for the Eyes","floor":30},{"not_picked":["Streamline","Force Field+1"],"picked":"Rip and Tear","floor":31},{"not_picked":["Reboot+1","Rainbow+1"],"picked":"Electrodynamics","floor":33},{"not_picked":["Cold Snap","Ball Lightning+1"],"picked":"Steam+1","floor":35},{"not_picked":["PanicButton+1","Panacea+1"],"picked":"Magnetism","floor":36},{"not_picked":["Transmutation+1","PanicButton+1"],"picked":"Deep Breath+1","floor":36},{"not_picked":["Gash","Ball Lightning"],"picked":"Hello World+1","floor":38},{"not_picked":["Leap+1","Reprogram+1"],"picked":"Capacitor+1","floor":39},{"not_picked":["Chill+1","Scrape"],"picked":"Streamline+1","floor":41},{"not_picked":["Genetic Algorithm+1","Heatsinks+1"],"picked":"Doom and Gloom+1","floor":42},{"not_picked":["Redo+1","Chaos+1"],"picked":"FTL","floor":44},{"not_picked":["Darkness+1","Gash"],"picked":"Cold Snap+1","floor":46}],"player_experience":45514,"relics_obtained":[{"floor":6,"key":"Toxic Egg 2"},{"floor":9,"key":"FossilizedHelix"},{"floor":11,"key":"Gambling Chip"},{"floor":13,"key":"Odd Mushroom"},{"floor":23,"key":"Shuriken"},{"floor":26,"key":"Orichalcum"},{"floor":28,"key":"Ancient Tea Set"},{"floor":29,"key":"Bronze Scales"},{"floor":41,"key":"Nunchaku"},{"floor":43,"key":"Bottled Tornado"},{"floor":44,"key":"Juzu Bracelet"}],"event_choices":[{"cards_removed":["Strike_B"],"damage_healed":0,"gold_gain":0,"player_choice":"Card Removal","damage_taken":0,"max_hp_gain":0,"max_hp_loss":0,"event_name":"The Cleric","floor":2,"gold_loss":50},{"damage_healed":0,"gold_gain":0,"player_choice":"Donut","damage_taken":0,"max_hp_gain":5,"max_hp_loss":0,"event_name":"Big Fish","floor":4,"gold_loss":0},{"damage_healed":0,"gold_gain":0,"player_choice":"Success","damage_taken":12,"relics_obtained":["Omamori"],"max_hp_gain":0,"max_hp_loss":0,"event_name":"Scrap Ooze","floor":12,"gold_loss":0},{"damage_healed":0,"gold_gain":0,"player_choice":"Fought Mushrooms","damage_taken":0,"max_hp_gain":0,"max_hp_loss":0,"event_name":"Mushrooms","floor":13,"gold_loss":0},{"damage_healed":0,"gold_gain":0,"player_choice":"Read","damage_taken":0,"max_hp_gain":0,"max_hp_loss":0,"event_name":"The Library","floor":19,"gold_loss":0,"cards_obtained":["Go for the Eyes"]},{"cards_removed":["Strike_B"],"damage_healed":0,"gold_gain":0,"player_choice":"Gave Gold","damage_taken":0,"max_hp_gain":0,"max_hp_loss":0,"event_name":"Beggar","floor":20,"gold_loss":75},{"damage_healed":0,"gold_gain":0,"player_choice":"Ignored","damage_taken":0,"max_hp_gain":0,"max_hp_loss":0,"event_name":"Ghosts","floor":21,"gold_loss":0},{"damage_healed":0,"gold_gain":0,"player_choice":"Memory 2","damage_taken":5,"max_hp_gain":0,"max_hp_loss":0,"event_name":"SensoryStone","floor":36,"gold_loss":0},{"damage_healed":0,"gold_gain":0,"player_choice":"Ignored","damage_taken":0,"max_hp_gain":0,"max_hp_loss":0,"event_name":"Tomb of Lord Red Mask","floor":37,"gold_loss":0},{"damage_healed":0,"gold_gain":0,"player_choice":"Fight","damage_taken":0,"max_hp_gain":0,"max_hp_loss":0,"event_name":"MindBloom","floor":41,"gold_loss":0},{"damage_healed":0,"gold_gain":0,"player_choice":"Embrace Madness","damage_taken":11,"max_hp_gain":0,"max_hp_loss":0,"event_name":"Winding Halls","floor":45,"gold_loss":0,"cards_obtained":["Madness","Madness"]}],"is_beta":false,"boss_relics":[{"not_picked":["Ectoplasm","Busted Crown"],"picked":"Sozu"},{"not_picked":["Black Star","Runic Dome"],"picked":"Empty Cage"}],"items_purged_floors":[],"is_endless":false,"potions_floor_spawned":[6,8,11,14,22,24,27,30,33,35,44,46],"ascension_level":0}