{"gold_per_floor":[119,139,89,89,89,89,127,146,146,182,195,195,216,43,43,172,235,259,259,284,464,488,488,20,20,20,36,36,161,186,33,33,33],"floor_reached":33,"playtime":2366,"items_purged":["Perfected Strike","Panacea"],"score":280,"play_id":"864598fb-4391-4555-84a4-8a421603f204","local_time":"20190824164303","is_ascension_mode":false,"campfire_choices":[{"data":"Pommel Strike","floor":6,"key":"SMITH"},{"data":"Pommel Strike","floor":12,"key":"SMITH"},{"data":"Flash of Steel","floor":15,"key":"SMITH"},{"floor":23,"key":"REST"},{"data":"Brutality","floor":25,"key":"SMITH"},{"floor":32,"key":"REST"}],"neow_cost":"TEN_PERCENT_HP_LOSS","seed_source_timestamp":563417150067900,"circlet_count":0,"master_deck":["Defend_R","Defend_R","Defend_R","Defend_R","Bash","Anger","Pommel Strike+1","Pommel Strike+1","Battle Trance+1","Flame Barrier","Flex","Cleave","Flash of Steel+1","Sword Boomerang","Pommel Strike+1","Disarm","True Grit","Twin Strike","Panacea","Trip","Brutality+1","Flex","Discovery","Shrug It Off","Bite","Bite","Bite","Bite","Bite"],"relics":["Burning Blood","Golden Idol","Self Forming Clay","Regal Pillow","Bottled Flame","Tiny House","Meat on the Bone","Dodecahedron","Charon\u0027s Ashes","Pear","Omamori"],"potions_floor_usage":[16,16,18,22,33],"damage_taken":[{"damage":1,"enemies":"Jaw Worm","floor":1,"turns":4},{"damage":8,"enemies":"2 Louse","floor":2,"turns":2},{"damage":14,"enemies":"Gremlin Nob","floor":7,"turns":3},{"damage":0,"enemies":"Cultist","floor":8,"turns":2},{"damage":6,"enemies":"Lagavulin","floor":10,"turns":5},{"damage":2,"enemies":"Exordium Thugs","floor":11,"turns":5},{"damage":0,"enemies":"2 Fungi Beasts","floor":13,"turns":3},{"damage":46,"enemies":"The Guardian","floor":16,"turns":9},{"damage":0,"enemies":"Spheric Guardian","floor":18,"turns":3},{"damage":0,"enemies":"3 Byrds","floor":20,"turns":3},{"damage":17,"enemies":"Centurion and Healer","floor":22,"turns":5},{"damage":16,"enemies":"Snake Plant","floor":27,"turns":2},{"damage":24,"enemies":"Colosseum Slavers","floor":29,"turns":4},{"damage":46,"enemies":"Colosseum Nobs","floor":29,"turns":4},{"damage":20,"enemies":"Shelled Parasite and Fungi","floor":30,"turns":5},{"damage":70,"enemies":"Automaton","floor":33,"turns":7}],"seed_played":"-4062215096664183199","potions_obtained":[{"floor":7,"key":"Swift Potion"},{"floor":11,"key":"Swift Potion"},{"floor":17,"key":"Poison Potion"},{"floor":18,"key":"Block Potion"},{"floor":30,"key":"AttackPotion"}],"is_trial":false,"path_per_floor":["M","M","?","?","?","R","E","M","T","E","M","R","M","$","R","B",null,"M","?","M","?","M","R","$","R","T","M","?","?","M","$","R","B"],"character_chosen":"IRONCLAD","items_purchased":["Flash of Steel","Meat on the Bone","Flex","Discovery","Omamori"],"campfire_rested":2,"item_purchase_floors":[14,24,24,24,31],"current_hp_per_floor":[72,70,70,52,72,72,64,70,70,70,72,72,72,72,72,32,77,77,77,77,35,24,62,62,62,62,52,52,34,36,36,63,0],"gold":33,"neow_bonus":"TRANSFORM_TWO_CARDS","is_prod":false,"is_daily":false,"chose_seed":false,"campfire_upgraded":4,"win_rate":0,"timestamp":1566661383,"path_taken":["M","M","?","?","?","R","E","M","T","E","M","R","?","?","R","BOSS","M","?","M","?","?","R","$","R","T","M","?","?","M","$","R","BOSS"],"build_version":"2019-07-17","purchased_purges":2,"victory":false,"max_hp_per_floor":[72,72,72,72,72,72,72,72,72,72,72,72,72,72,72,72,77,77,77,77,77,77,77,77,77,77,77,53,63,63,63,63,63],"card_choices":[{"not_picked":["Reckless Charge","Rupture"],"picked":"Pommel Strike","floor":1},{"not_picked":["Evolve","Clothesline"],"picked":"Pommel Strike","floor":2},{"not_picked":["Warcry","Ghostly Armor"],"picked":"Battle Trance","floor":7},{"not_picked":["Headbutt","Heavy Blade"],"picked":"Flame Barrier","floor":8},{"not_picked":["Sentinel","Dropkick"],"picked":"Perfected Strike","floor":10},{"not_picked":["Thunderclap","Metallicize"],"picked":"Flex","floor":11},{"not_picked":["Clothesline","Twin Strike"],"picked":"Cleave","floor":13},{"not_picked":["Shockwave","Warcry"],"picked":"Sword Boomerang","floor":17},{"not_picked":["Havoc","Perfected Strike"],"picked":"Pommel Strike+1","floor":18},{"not_picked":["Heavy Blade+1","Hemokinesis"],"picked":"Twin Strike","floor":20},{"not_picked":["Clash+1","Fire Breathing"],"picked":"Brutality","floor":22},{"not_picked":["Evolve","Armaments"],"picked":"Shrug It Off","floor":27},{"not_picked":["Cleave","Burning Pact","Warcry"],"picked":"SKIP","floor":30}],"player_experience":66621,"relics_obtained":[{"floor":7,"key":"Self Forming Clay"},{"floor":9,"key":"Regal Pillow"},{"floor":10,"key":"Bottled Flame"},{"floor":26,"key":"Dodecahedron"},{"floor":29,"key":"Charon\u0027s Ashes"},{"floor":29,"key":"Pear"}],"event_choices":[{"cards_removed":["Strike_R"],"damage_healed":0,"gold_gain":0,"player_choice":"Card Removal","damage_taken":0,"max_hp_gain":0,"max_hp_loss":0,"event_name":"The Cleric","floor":3,"gold_loss":50},{"damage_healed":0,"gold_gain":0,"player_choice":"Take Damage","damage_taken":18,"relics_obtained":["Golden Idol"],"max_hp_gain":0,"max_hp_loss":0,"event_name":"Golden Idol","floor":4,"gold_loss":0},{"cards_removed":["Second Wind"],"damage_healed":20,"gold_gain":0,"player_choice":"Offered Uncommon","damage_taken":0,"max_hp_gain":0,"max_hp_loss":0,"event_name":"Bonfire Elementals","floor":5,"gold_loss":0},{"damage_healed":0,"gold_gain":0,"cards_transformed":["Strike_R","Strike_R"],"player_choice":"Became Test Subject","damage_taken":0,"max_hp_gain":0,"max_hp_loss":0,"event_name":"Drug Dealer","floor":19,"gold_loss":0,"cards_obtained":["Disarm","True Grit"]},{"damage_healed":0,"gold_gain":180,"player_choice":"CARD GOLD CARD GOLD CARD ","damage_taken":42,"max_hp_gain":0,"max_hp_loss":0,"event_name":"Knowing Skull","floor":21,"potions_obtained":[],"gold_loss":0,"cards_obtained":["Panacea","Trip","Panacea"]},{"damage_healed":0,"gold_gain":0,"player_choice":"Became a vampire","damage_taken":0,"max_hp_gain":0,"max_hp_loss":24,"event_name":"Vampires","floor":28,"gold_loss":0,"cards_obtained":["Bite","Bite","Bite","Bite","Bite"]},{"damage_healed":0,"gold_gain":0,"player_choice":"Fight","damage_taken":0,"max_hp_gain":0,"max_hp_loss":0,"event_name":"Colosseum","floor":29,"gold_loss":0},{"damage_healed":0,"gold_gain":0,"player_choice":"Fought Nobs","damage_taken":0,"max_hp_gain":0,"max_hp_loss":0,"event_name":"Colosseum","floor":29,"gold_loss":0}],"is_beta":false,"boss_relics":[{"not_picked":["Mark of Pain","Ectoplasm"],"picked":"Tiny House"}],"items_purged_floors":[14,24],"is_endless":false,"potions_floor_spawned":[7,11,18,29,30],"killed_by":"Automaton","ascension_level":0}