{"gold_per_floor":[113,132,132,61,61,72,72,72,72,98,58,90,102,132,132,207,207,224,240,251,251,16,44,44,70,70,83,113,145,145,157,157,229,229,246,246,148,148,168,168,195,195,195,224,224,250,262,102,102,102,102,102,23,50,50],"floor_reached":56,"playtime":2912,"items_purged":["Strike_R"],"score":2203,"play_id":"879f67b1-58a1-4f61-9cda-195739a22102","local_time":"20190710233228","is_ascension_mode":true,"campfire_choices":[{"data":"Bash","floor":8,"key":"SMITH"},{"floor":15,"key":"DIG"},{"floor":24,"key":"DIG"},{"floor":28,"key":"DIG"},{"floor":32,"key":"DIG"},{"floor":40,"key":"DIG"},{"floor":42,"key":"DIG"},{"floor":49,"key":"RECALL"},{"floor":52,"key":"DIG"}],"neow_cost":"NONE","seed_source_timestamp":17399593373690,"circlet_count":0,"master_deck":["AscendersBane","Defend_R","Defend_R","Defend_R","Bash+1","Bludgeon+1","Anger+1","Battle Trance","Battle Trance","Offering","Disarm","Feel No Pain","Headbutt","Reaper","Spot Weakness+1","Reaper","Evolve+1","Impervious","Uppercut","Double Tap","Writhe","Offering","Entrench+1","Wild Strike+1","True Grit+1","Power Through+1","Battle Trance","Shockwave","Heavy Blade+1"],"relics":["Burning Blood","Strawberry","Question Card","Shovel","Happy Flower","Du-Vu Doll","Bag of Preparation","Velvet Choker","Membership Card","Ancient Tea Set","Anchor","Gremlin Horn","Singing Bowl","Tiny Chest","Regal Pillow","Turnip","WingedGreaves","Astrolabe","OrangePellets","Darkstone Periapt","Self Forming Clay","Nunchaku","Mango","Letter Opener","Pantograph","Lee\u0027s Waffle","Blue Candle","Pen Nib","Art of War"],"potions_floor_usage":[10,14,23,33,41,41,46,54,55,55],"damage_taken":[{"damage":0,"enemies":"Small Slimes","floor":1,"turns":2},{"damage":6,"enemies":"2 Louse","floor":2,"turns":3},{"damage":2,"enemies":"Jaw Worm","floor":6,"turns":2},{"damage":0,"enemies":"Lagavulin","floor":10,"turns":3},{"damage":13,"enemies":"Gremlin Nob","floor":12,"turns":3},{"damage":8,"enemies":"3 Louse","floor":13,"turns":3},{"damage":7,"enemies":"Lagavulin","floor":14,"turns":5},{"damage":17,"enemies":"Hexaghost","floor":16,"turns":5},{"damage":18,"enemies":"3 Byrds","floor":18,"turns":5},{"damage":6,"enemies":"Shell Parasite","floor":19,"turns":1},{"damage":6,"enemies":"Centurion and Healer","floor":20,"turns":4},{"damage":13,"enemies":"Slavers","floor":23,"turns":2},{"damage":0,"enemies":"Gremlin Leader","floor":25,"turns":5},{"damage":8,"enemies":"Cultist and Chosen","floor":27,"turns":4},{"damage":26,"enemies":"Book of Stabbing","floor":29,"turns":4},{"damage":16,"enemies":"Shelled Parasite and Fungi","floor":31,"turns":4},{"damage":36,"enemies":"Automaton","floor":33,"turns":8},{"damage":6,"enemies":"3 Shapes","floor":35,"turns":4},{"damage":22,"enemies":"3 Darklings","floor":39,"turns":4},{"damage":47,"enemies":"Giant Head","floor":41,"turns":7},{"damage":43,"enemies":"Reptomancer","floor":44,"turns":8},{"damage":20,"enemies":"Giant Head","floor":46,"turns":6},{"damage":58,"enemies":"Maw","floor":47,"turns":8},{"damage":89,"enemies":"Awakened One","floor":50,"turns":12},{"damage":38,"enemies":"Shield and Spear","floor":54,"turns":5},{"damage":119,"enemies":"The Heart","floor":55,"turns":11}],"seed_played":"-8937713238948063234","potions_obtained":[{"floor":2,"key":"Energy Potion"},{"floor":10,"key":"SneckoOil"},{"floor":11,"key":"Block Potion"},{"floor":11,"key":"SkillPotion"},{"floor":14,"key":"AttackPotion"},{"floor":27,"key":"LiquidBronze"},{"floor":29,"key":"SkillPotion"},{"floor":33,"key":"SkillPotion"},{"floor":41,"key":"Regen Potion"},{"floor":44,"key":"FearPotion"},{"floor":54,"key":"AttackPotion"}],"is_trial":false,"path_per_floor":["M","M","?","$","?","M","?","R","T","E","?","E","M","E","R","B",null,"M","M","M","?","$","E","R","E","T","M","R","E","?","M","R","B",null,"M","?","$","T","M","R","E","R","T","E","?","E","M","$","R","B",null,"R","$","E","B",null],"character_chosen":"IRONCLAD","items_purchased":["Battle Trance","Membership Card","OrangePellets","Lee\u0027s Waffle","Shockwave","SteroidPotion","Pen Nib"],"campfire_rested":0,"item_purchase_floors":[4,22,37,48,48,48,53],"current_hp_per_floor":[74,74,74,74,51,55,57,57,57,63,63,56,54,53,53,42,72,62,62,62,62,62,55,55,82,82,80,80,70,70,84,84,54,77,79,79,79,79,75,75,46,46,60,65,65,66,29,109,109,80,102,102,102,70,9],"gold":50,"neow_bonus":"ONE_RANDOM_RARE_CARD","is_prod":false,"is_daily":false,"chose_seed":false,"campfire_upgraded":1,"win_rate":0,"timestamp":1562815948,"path_taken":["M","M","?","$","?","?","?","R","T","E","?","E","M","E","R","BOSS","M","M","?","?","$","E","R","E","T","M","R","E","?","M","R","BOSS","M","?","$","?","M","R","E","R","T","E","?","E","?","$","R","BOSS","R","$","E","BOSS"],"build_version":"2019-07-10","purchased_purges":1,"victory":true,"max_hp_per_floor":[75,75,75,75,75,75,82,82,82,82,82,82,82,82,82,82,82,82,82,82,82,82,82,82,82,82,82,82,82,82,84,84,84,84,86,82,82,82,84,84,86,86,100,102,102,102,102,109,109,109,109,109,109,109,109],"card_choices":[{"not_picked":["Body Slam","Twin Strike","Thunderclap"],"picked":"SKIP","floor":1},{"not_picked":["Shrug It Off","Feel No Pain"],"picked":"Anger","floor":2},{"not_picked":["Thunderclap","Clash"],"picked":"Battle Trance","floor":6},{"not_picked":["Ghostly Armor","Clash","Second Wind"],"picked":"Offering","floor":10},{"not_picked":["Entrench","Cleave","Anger"],"picked":"Disarm","floor":12},{"not_picked":["Clothesline","True Grit","Rupture"],"picked":"Feel No Pain","floor":13},{"not_picked":["Blood for Blood","True Grit","Sever Soul"],"picked":"Headbutt","floor":14},{"not_picked":["Demon Form","Dark Embrace","Barricade"],"picked":"Reaper","floor":16},{"not_picked":["Rampage","Flex","Warcry","Thunderclap"],"picked":"SKIP","floor":18},{"not_picked":["Dual Wield","Heavy Blade","Reckless Charge","Clothesline"],"picked":"SKIP","floor":19},{"not_picked":["Heavy Blade","Perfected Strike","Iron Wave"],"picked":"Spot Weakness+1","floor":20},{"not_picked":["Uppercut","Pommel Strike","Body Slam"],"picked":"Evolve+1","floor":23},{"not_picked":["Uppercut","Havoc","Flex+1"],"picked":"Impervious","floor":25},{"not_picked":["Flex","Havoc","Dropkick+1"],"picked":"Uppercut","floor":27},{"not_picked":["Shrug It Off","Perfected Strike","Bloodletting"],"picked":"Double Tap","floor":29},{"not_picked":["Sentinel","Entrench","Flex","Pommel Strike"],"picked":"Singing Bowl","floor":31},{"not_picked":["Dark Embrace","Brutality","Barricade"],"picked":"Offering","floor":33},{"not_picked":["Armaments","Body Slam+1","Cleave+1","Sever Soul"],"picked":"Singing Bowl","floor":35},{"not_picked":["Intimidate","Anger","Thunderclap+1","Cleave+1"],"picked":"Singing Bowl","floor":39},{"not_picked":["Havoc","Bloodletting+1","Sword Boomerang","Seeing Red"],"picked":"Singing Bowl","floor":41},{"not_picked":["Armaments","Brutality","Spot Weakness","Blood for Blood"],"picked":"Singing Bowl","floor":44},{"not_picked":["Barricade","Infernal Blade+1","Havoc"],"picked":"Power Through+1","floor":46},{"not_picked":["Entrench+1","Clothesline","Anger"],"picked":"Battle Trance","floor":47},{"not_picked":["Fire Breathing","Wild Strike+1","Sword Boomerang"],"picked":"Heavy Blade+1","floor":54}],"player_experience":2626247,"relics_obtained":[{"floor":9,"key":"Question Card"},{"floor":10,"key":"Shovel"},{"floor":12,"key":"Happy Flower"},{"floor":14,"key":"Du-Vu Doll"},{"floor":15,"key":"Bag of Preparation"},{"floor":23,"key":"Ancient Tea Set"},{"floor":24,"key":"Anchor"},{"floor":25,"key":"Gremlin Horn"},{"floor":26,"key":"Singing Bowl"},{"floor":28,"key":"Tiny Chest"},{"floor":29,"key":"Regal Pillow"},{"floor":32,"key":"WingedGreaves"},{"floor":40,"key":"Darkstone Periapt"},{"floor":41,"key":"Self Forming Clay"},{"floor":42,"key":"Nunchaku"},{"floor":43,"key":"Mango"},{"floor":44,"key":"Letter Opener"},{"floor":46,"key":"Pantograph"},{"floor":52,"key":"Blue Candle"},{"floor":54,"key":"Art of War"}],"event_choices":[{"damage_healed":0,"gold_gain":0,"player_choice":"Grow","damage_taken":0,"max_hp_gain":0,"max_hp_loss":0,"event_name":"Living Wall","floor":3,"gold_loss":0,"cards_upgraded":["Bludgeon"]},{"damage_healed":0,"gold_gain":0,"player_choice":"Entered Light","damage_taken":23,"max_hp_gain":0,"max_hp_loss":0,"event_name":"Shining Light","floor":5,"gold_loss":0,"cards_upgraded":["Defend_R","Anger"]},{"damage_healed":0,"gold_gain":0,"player_choice":"Success","damage_taken":5,"relics_obtained":["Strawberry"],"max_hp_gain":0,"max_hp_loss":0,"event_name":"Scrap Ooze","floor":7,"gold_loss":0},{"damage_healed":0,"gold_gain":0,"player_choice":"Bought 3 Potions","damage_taken":0,"max_hp_gain":0,"max_hp_loss":0,"event_name":"The Woman in Blue","floor":11,"gold_loss":0},{"damage_healed":0,"gold_gain":0,"cards_transformed":["Strike_R","Strike_R"],"player_choice":"Became Test Subject","damage_taken":0,"max_hp_gain":0,"max_hp_loss":0,"event_name":"Drug Dealer","floor":21,"gold_loss":0,"cards_obtained":["Reaper","Flex"]},{"damage_healed":0,"gold_gain":0,"player_choice":"Opened","damage_taken":0,"relics_obtained":["Turnip"],"max_hp_gain":0,"max_hp_loss":0,"event_name":"The Mausoleum","floor":30,"gold_loss":0,"cards_obtained":["Writhe"]},{"damage_healed":0,"gold_gain":0,"player_choice":"Max HP","damage_taken":0,"max_hp_gain":0,"max_hp_loss":4,"event_name":"Winding Halls","floor":36,"gold_loss":0},{"cards_removed":["Defend_R"],"damage_healed":0,"gold_gain":0,"player_choice":"Removed Skill","damage_taken":0,"max_hp_gain":0,"max_hp_loss":0,"event_name":"Falling","floor":45,"gold_loss":0}],"is_beta":true,"boss_relics":[{"not_picked":["Empty Cage","Runic Cube"],"picked":"Velvet Choker"},{"not_picked":["Busted Crown","White Beast Statue"],"picked":"Astrolabe"}],"items_purged_floors":[22],"is_endless":false,"potions_floor_spawned":[2,10,14,16,18,27,29,31,33,35,39,41,44,54],"ascension_level":15}