{"gold_per_floor":[16,34,34,59,59,93,93,128,154,177,201,237,237,252,252,348,348,363,77,90,113,113,113,145,145,172,200,240,252,290,320,332,416,428,450,476,503,527,549,590,602,1014,1026,1068,632,658,658,685,685,685,685],"floor_reached":51,"playtime":2611,"items_purged":["Strike_R","Strike_R"],"score":1536,"play_id":"34571c98-280e-4206-8330-9b22af336098","local_time":"20190727230156","is_ascension_mode":true,"campfire_choices":[{"data":"Bash","floor":7.0,"key":"SMITH"},{"data":"Feed","floor":13.0,"key":"SMITH"},{"data":"Armaments","floor":15.0,"key":"SMITH"},{"data":"Whirlwind","floor":23.0,"key":"SMITH"},{"data":"Corruption","floor":25.0,"key":"SMITH"},{"data":"Metallicize","floor":29.0,"key":"SMITH"},{"data":"Battle Trance","floor":32.0,"key":"SMITH"},{"floor":41.0,"key":"RECALL"},{"data":"Feel No Pain","floor":47,"key":"SMITH"},{"data":"Clothesline","floor":49,"key":"SMITH"}],"neow_cost":"NO_GOLD","seed_source_timestamp":1484725772822070,"circlet_count":0,"master_deck":["AscendersBane","Strike_R","Strike_R","Strike_R","Defend_R","Defend_R","Defend_R","Defend_R","Bash+1","Reaper","Anger","Sword Boomerang","Battle Trance+1","Whirlwind+1","Headbutt","Feed+1","Armaments+1","Offering","Shrug It Off","Corruption+1","Impervious","Offering","Seeing Red+1","Metallicize+1","Rage+1","Exhume","Shockwave+1","Clothesline+1","Flex+1","Battle Trance","Impervious","Feel No Pain+1","Offering"],"special_seed":0,"relics":["Burning Blood","Bloody Idol","Centennial Puzzle","Odd Mushroom","Strawberry","Vajra","Blood Vial","hubris:TerracottaHorce","hubris:ChampionShield","MawBank","Art of War","hubris:ScarierMask","hubris:DisguiseKit","Old Coin","Champion Belt","Bag of Marbles","Happy Flower","FossilizedHelix"],"potions_floor_usage":[44,50,51],"damage_taken":[{"damage":0.0,"enemies":"Small Slimes","floor":1.0,"turns":3.0},{"damage":9.0,"enemies":"Jaw Worm","floor":2.0,"turns":3.0},{"damage":0.0,"enemies":"2 Louse","floor":4.0,"turns":3.0},{"damage":40.0,"enemies":"3 Sentries","floor":6.0,"turns":8.0},{"damage":23.0,"enemies":"The Mushroom Lair","floor":8.0,"turns":5.0},{"damage":1.0,"enemies":"2 Fungi Beasts","floor":10.0,"turns":3.0},{"damage":25.0,"enemies":"Lagavulin","floor":12.0,"turns":5.0},{"damage":4.0,"enemies":"3 Louse","floor":14.0,"turns":2.0},{"damage":54.0,"enemies":"The Guardian","floor":16.0,"turns":12.0},{"damage":6.0,"enemies":"Spheric Guardian","floor":18.0,"turns":3.0},{"damage":0.0,"enemies":"Chosen","floor":20.0,"turns":3.0},{"damage":18.0,"enemies":"3 Cultists","floor":21.0,"turns":4.0},{"damage":6.0,"enemies":"Gremlin Leader","floor":24.0,"turns":4.0},{"damage":48.0,"enemies":"Shelled Parasite and Fungi","floor":27.0,"turns":5.0},{"damage":21.0,"enemies":"Book of Stabbing","floor":28.0,"turns":3.0},{"damage":12.0,"enemies":"Gremlin Leader","floor":30.0,"turns":5.0},{"damage":12.0,"enemies":"Centurion and Healer","floor":31.0,"turns":5.0},{"damage":66.0,"enemies":"Automaton","floor":33.0,"turns":11.0},{"damage":23.0,"enemies":"Orb Walker","floor":35.0,"turns":4.0},{"damage":25.0,"enemies":"3 Shapes","floor":36.0,"turns":7.0},{"damage":111.0,"enemies":"Maw","floor":37.0,"turns":9.0},{"damage":12.0,"enemies":"Sphere and 2 Shapes","floor":38.0,"turns":2.0},{"damage":6.0,"enemies":"Spire Growth","floor":39.0,"turns":5.0},{"damage":27.0,"enemies":"Reptomancer","floor":40.0,"turns":7.0},{"damage":6.0,"enemies":"Mind Bloom Boss Battle","floor":42.0,"turns":7.0},{"damage":28,"enemies":"Giant Head","floor":44,"turns":5},{"damage":26,"enemies":"Nemesis","floor":46,"turns":7},{"damage":29,"enemies":"Reptomancer","floor":48,"turns":6},{"damage":89,"enemies":"Donu and Deca","floor":50,"turns":10},{"damage":81,"enemies":"Awakened One","floor":51,"turns":13}],"seed_played":"5652658936080851425","potions_obtained":[{"floor":1.0,"key":"EssenceOfSteel"},{"floor":2.0,"key":"Energy Potion"},{"floor":4.0,"key":"BloodPotion"},{"floor":8.0,"key":"Fire Potion"},{"floor":14.0,"key":"Fire Potion"},{"floor":18.0,"key":"Ancient Potion"},{"floor":21.0,"key":"SteroidPotion"},{"floor":30.0,"key":"AttackPotion"},{"floor":31.0,"key":"Regen Potion"},{"floor":36.0,"key":"EssenceOfSteel"},{"floor":37.0,"key":"SkillPotion"},{"floor":40.0,"key":"PowerPotion"},{"floor":46,"key":"PowerPotion"}],"is_trial":false,"path_per_floor":["M","M","?","M","?","E","R","?","T","M","T","E","R","M","R","B",null,"M","$","M","M","?","R","E","R","T","M","E","R","E","M","R","B",null,"M","M","M","M","M","E","R","?","T","E","$","E","R","E","R","B","B"],"character_chosen":"IRONCLAD","items_purchased":["Corruption","Impervious","Impervious","Bag of Marbles"],"campfire_rested":0,"item_purchase_floors":[19,19,45,45],"current_hp_per_floor":[74,71,68,68,73,47,47,42,49,62,62,70,70,78,78,45,77,79,79,91,84,84,84,95,95,100,73,70,75,90,100,105,67,105,109,116,44,54,70,78,83,118,123,143,144,129,129,130,130,59,0],"gold":685,"neow_bonus":"THREE_RARE_CARDS","is_prod":false,"is_daily":false,"chose_seed":false,"campfire_upgraded":9,"win_rate":0,"timestamp":1564282916,"path_taken":["M","M","?","M","?","E","R","?","T","M","?","E","R","M","R","BOSS","M","$","M","M","?","R","E","R","T","M","E","R","E","M","R","BOSS","M","M","M","M","M","E","R","?","T","E","$","E","R","E","R","BOSS","BOSS"],"build_version":"2019-07-17","purchased_purges":2,"victory":false,"max_hp_per_floor":[75,75,68,68,73,73,73,73,80,80,80,80,80,84,84,88,88,88,88,92,96,96,96,100,100,100,104,104,104,108,112,112,116,116,116,124,128,132,136,136,136,144,144,144,144,144,144,148,148,148,148],"card_choices":[{"not_picked":["Berserk","Double Tap"],"picked":"Reaper","floor":0.0},{"not_picked":["hubris:SharpeningStone","Iron Wave"],"picked":"Anger","floor":1.0},{"not_picked":["Seeing Red","Perfected Strike"],"picked":"Sword Boomerang","floor":2.0},{"not_picked":["Feel No Pain","Pommel Strike"],"picked":"Battle Trance","floor":4.0},{"not_picked":["Body Slam","Heavy Blade","Iron Wave"],"picked":"SKIP","floor":6.0},{"not_picked":["Warcry","Cleave"],"picked":"Whirlwind","floor":8.0},{"not_picked":["Pummel","Anger"],"picked":"Headbutt","floor":10.0},{"not_picked":["Warcry","Twin Strike"],"picked":"Feed","floor":12.0},{"not_picked":["Havoc","Hemokinesis"],"picked":"Armaments","floor":14.0},{"not_picked":["Fiend Fire","Immolate"],"picked":"Offering","floor":16.0},{"not_picked":["Heavy Blade","Anger"],"picked":"Shrug It Off","floor":18.0},{"not_picked":["True Grit","Second Wind","hubris:SharpeningStone"],"picked":"SKIP","floor":20.0},{"not_picked":["Iron Wave","Sever Soul","Clash"],"picked":"SKIP","floor":21.0},{"not_picked":["Rampage","hubris:SharpeningStone"],"picked":"Offering","floor":24.0},{"not_picked":["hubris:ReadiedAction","Infernal Blade"],"picked":"Seeing Red+1","floor":27.0},{"not_picked":["Reckless Charge","Intimidate"],"picked":"Metallicize","floor":28.0},{"not_picked":["hubris:ReadiedAction","Flex","Body Slam"],"picked":"SKIP","floor":30.0},{"not_picked":["Combust+1","Evolve"],"picked":"Rage+1","floor":31.0},{"not_picked":["Barricade","Brutality"],"picked":"Exhume","floor":33.0},{"not_picked":["Reckless Charge+1","Clash","Pommel Strike"],"picked":"SKIP","floor":35.0},{"not_picked":["Iron Wave+1","Searing Blow","Sword Boomerang"],"picked":"SKIP","floor":36.0},{"not_picked":["Heavy Blade","Clash+1"],"picked":"Shockwave+1","floor":37.0},{"not_picked":["Perfected Strike+1","Wild Strike+1","Cleave+1"],"picked":"SKIP","floor":38.0},{"not_picked":["Havoc+1","Fiend Fire","Perfected Strike"],"picked":"SKIP","floor":39.0},{"not_picked":["Combust","Hemokinesis+1"],"picked":"Clothesline","floor":40.0},{"not_picked":["Intimidate","Clash","Bane"],"picked":"Flex+1","floor":42.0},{"not_picked":["Thunderclap","Searing Blow","hubris:TrickCloak"],"picked":"Battle Trance","floor":44},{"not_picked":["Clothesline","Intimidate","Bouncing Flask"],"picked":"Feel No Pain","floor":46},{"not_picked":["Combust+1","hubris:CleavingFinish+1","Blade Dance"],"picked":"Offering","floor":48}],"player_experience":2622700,"relics_obtained":[{"floor":6.0,"key":"Centennial Puzzle"},{"floor":8.0,"key":"Odd Mushroom"},{"floor":9.0,"key":"Strawberry"},{"floor":11.0,"key":"Vajra"},{"floor":12.0,"key":"Blood Vial"},{"floor":24.0,"key":"hubris:ChampionShield"},{"floor":26.0,"key":"MawBank"},{"floor":28.0,"key":"Art of War"},{"floor":40.0,"key":"hubris:DisguiseKit"},{"floor":42.0,"key":"Old Coin"},{"floor":44,"key":"Champion Belt"},{"floor":46,"key":"Happy Flower"},{"floor":48,"key":"FossilizedHelix"}],"event_choices":[{"damage_healed":0.0,"max_hp_gain":0.0,"max_hp_loss":7.0,"gold_gain":0.0,"event_name":"Golden Idol","player_choice":"Lose Max HP","floor":3.0,"gold_loss":0.0,"damage_taken":0.0,"relics_obtained":["Golden Idol"]},{"damage_healed":0.0,"max_hp_gain":5.0,"max_hp_loss":0.0,"gold_gain":0.0,"event_name":"Big Fish","player_choice":"Donut","floor":5.0,"gold_loss":0.0,"damage_taken":0.0},{"damage_healed":0.0,"max_hp_gain":0.0,"max_hp_loss":0.0,"gold_gain":0.0,"event_name":"Mushrooms","player_choice":"Fought Mushrooms","floor":8.0,"gold_loss":0.0,"damage_taken":0.0},{"damage_healed":0.0,"max_hp_gain":0.0,"max_hp_loss":0.0,"gold_gain":0.0,"event_name":"Forgotten Altar","player_choice":"Gave Idol","floor":22.0,"relics_lost":["Golden Idol"],"gold_loss":0.0,"damage_taken":0.0,"relics_obtained":["Bloody Idol"]},{"damage_healed":0.0,"max_hp_gain":0.0,"max_hp_loss":0.0,"gold_gain":0.0,"event_name":"MindBloom","player_choice":"Fight","floor":42.0,"gold_loss":0.0,"damage_taken":0.0}],"is_beta":false,"boss_relics":[{"not_picked":["hubris:CrackedHourglass","hubris:VirtuousBlindfold"],"picked":"hubris:TerracottaHorce"},{"not_picked":["Velvet Choker","Sozu"],"picked":"hubris:ScarierMask"}],"items_purged_floors":[19,45],"is_endless":false,"potions_floor_spawned":[1,2,4,8,14,18,21,30,31,36,37,40,46,48],"killed_by":"Awakened One","ascension_level":15}