{"gold_per_floor":[119,119,143,161,161,161,196,51,77,77,96,21,35,52,52,150,150,162,147,222,30,30,30,44,78,78,128,148,148,166,166],"floor_reached":31,"playtime":3507,"items_purged":[],"score":255,"play_id":"109c5c3a-0f59-4ab5-880b-4ab51e8db780","local_time":"20190825004631","is_ascension_mode":false,"campfire_choices":[{"data":"Flechettes","floor":6,"key":"SMITH"},{"floor":10,"key":"REST"},{"data":"Backflip","floor":15,"key":"SMITH"},{"floor":23,"key":"REST"}],"neow_cost":"NONE","seed_source_timestamp":303144351885300,"circlet_count":0,"master_deck":["Strike_G+1","Strike_G+1","Strike_G+1","Strike_G+1","Strike_G+1","Defend_G+1","Defend_G+1","Defend_G+1","Defend_G+1","Defend_G+1","Survivor","Neutralize","Slice","Flechettes+1","Calculated Gamble","Crippling Poison","Choke","Malaise","Noxious Fumes","Backflip+1","Poisoned Stab","Die Die Die","Dagger Spray","Backflip","Poisoned Stab","Quick Slash","Doppelganger","Expertise+1","Footwork","Slice","Dagger Spray+1","Escape Plan","Backflip","Predator+1"],"relics":["Ring of the Snake","Pantograph","Vajra","Regal Pillow","Ancient Tea Set","Orrery","Blood Vial","Pen Nib","FossilizedHelix","Dream Catcher"],"potions_floor_usage":[25,28],"damage_taken":[{"damage":0,"enemies":"Small Slimes","floor":1,"turns":7},{"damage":2,"enemies":"Jaw Worm","floor":4,"turns":4},{"damage":10,"enemies":"Lagavulin","floor":7,"turns":6},{"damage":0,"enemies":"Cultist","floor":11,"turns":2},{"damage":0,"enemies":"Exordium Wildlife","floor":13,"turns":4},{"damage":5,"enemies":"Exordium Thugs","floor":14,"turns":4},{"damage":40,"enemies":"Hexaghost","floor":16,"turns":10},{"damage":18,"enemies":"Chosen","floor":18,"turns":7},{"damage":9,"enemies":"2 Thieves","floor":19,"turns":4},{"damage":20,"enemies":"Centurion and Healer","floor":24,"turns":8},{"damage":41,"enemies":"Gremlin Leader","floor":25,"turns":8},{"damage":0,"enemies":"Snecko","floor":28,"turns":5},{"damage":15,"enemies":"Chosen and Byrds","floor":30,"turns":6},{"damage":10,"enemies":"Snake Plant","floor":31,"turns":5}],"seed_played":"2474501139261950019","potions_obtained":[{"floor":4,"key":"SpeedPotion"},{"floor":13,"key":"SpeedPotion"},{"floor":14,"key":"EssenceOfSteel"},{"floor":16,"key":"Dexterity Potion"},{"floor":18,"key":"Energy Potion"},{"floor":25,"key":"Energy Potion"}],"is_trial":false,"path_per_floor":["M","?","T","M","?","R","E","$","T","R","M","$","M","M","R","B",null,"M","M","?","$","$","R","M","E","T","T","M","?","M","M"],"character_chosen":"THE_SILENT","items_purchased":["Crippling Poison","Choke","Noxious Fumes","Slice","Blood Vial"],"campfire_rested":2,"item_purchase_floors":[8,8,12,21,21],"current_hp_per_floor":[77,70,70,68,53,53,43,43,43,77,77,77,77,72,72,37,77,59,50,43,43,43,77,57,18,18,18,20,20,7,0],"gold":166,"neow_bonus":"TEN_PERCENT_HP_BONUS","is_prod":false,"is_daily":false,"chose_seed":false,"campfire_upgraded":2,"win_rate":0.0,"timestamp":1566690391,"path_taken":["M","?","?","M","?","R","E","$","T","R","?","?","M","M","R","BOSS","M","M","?","?","$","R","M","E","T","?","M","?","?","M"],"build_version":"2019-07-17","purchased_purges":0,"victory":false,"max_hp_per_floor":[77,77,77,77,77,77,77,77,77,77,77,77,77,77,77,77,77,77,77,77,77,77,77,77,77,77,77,77,77,77,77],"card_choices":[{"not_picked":["Blade Dance","Deadly Poison"],"picked":"Slice","floor":1},{"not_picked":["Heel Hook","Flying Knee"],"picked":"Flechettes","floor":4},{"not_picked":["PiercingWail","Slice"],"picked":"Calculated Gamble","floor":7},{"not_picked":["Blur","Sucker Punch"],"picked":"Malaise","floor":11},{"not_picked":["Blade Dance","Sucker Punch"],"picked":"Backflip","floor":13},{"not_picked":["Infinite Blades","Tactician"],"picked":"Poisoned Stab","floor":14},{"not_picked":["Phantasmal Killer","Wraith Form v2"],"picked":"Die Die Die","floor":16},{"not_picked":["Terror","Sucker Punch"],"picked":"Dagger Spray","floor":17},{"not_picked":["Acrobatics","Dash"],"picked":"Backflip","floor":17},{"not_picked":["Endless Agony","Masterful Stab"],"picked":"Poisoned Stab","floor":17},{"not_picked":["Tactician","Prepared"],"picked":"Quick Slash","floor":17},{"not_picked":["Outmaneuver","Blade Dance"],"picked":"Doppelganger","floor":17},{"not_picked":["Underhanded Strike","Quick Slash"],"picked":"Expertise+1","floor":18},{"not_picked":["Poisoned Stab","Terror"],"picked":"Footwork","floor":19},{"not_picked":["Slice","Flying Knee"],"picked":"Dagger Spray+1","floor":24},{"not_picked":["Poisoned Stab","Deflect"],"picked":"Escape Plan","floor":25},{"not_picked":["Escape Plan+1","Prepared+1"],"picked":"Backflip","floor":28},{"not_picked":["Crippling Poison","Heel Hook"],"picked":"Predator+1","floor":30}],"player_experience":2930,"relics_obtained":[{"floor":3,"key":"Vajra"},{"floor":7,"key":"Regal Pillow"},{"floor":9,"key":"Ancient Tea Set"},{"floor":25,"key":"Pen Nib"},{"floor":26,"key":"FossilizedHelix"},{"floor":27,"key":"Dream Catcher"}],"event_choices":[{"damage_healed":0,"gold_gain":0,"player_choice":"Success","damage_taken":7,"relics_obtained":["Pantograph"],"max_hp_gain":0,"max_hp_loss":0,"event_name":"Scrap Ooze","floor":2,"gold_loss":0},{"damage_healed":0,"gold_gain":0,"player_choice":"Entered Light","damage_taken":15,"max_hp_gain":0,"max_hp_loss":0,"event_name":"Shining Light","floor":5,"gold_loss":0,"cards_upgraded":["Strike_G","Defend_G"]},{"damage_healed":0,"gold_gain":75,"player_choice":"Touch","damage_taken":7,"max_hp_gain":0,"max_hp_loss":0,"event_name":"FaceTrader","floor":20,"gold_loss":0},{"damage_healed":0,"gold_gain":0,"player_choice":"Simplicity","damage_taken":0,"max_hp_gain":0,"max_hp_loss":0,"event_name":"Back to Basics","floor":29,"gold_loss":0,"cards_upgraded":["Strike_G","Strike_G","Strike_G","Strike_G","Defend_G","Defend_G","Defend_G","Defend_G"]}],"is_beta":false,"boss_relics":[{"not_picked":["Snecko Eye","Runic Dome"],"picked":"Orrery"}],"items_purged_floors":[],"is_endless":false,"potions_floor_spawned":[4,13,14,16,18,25],"killed_by":"Snake Plant","ascension_level":0}