{"gold_per_floor":[116,266,277,7,20,20,33,33,58,29,55,55,75,108,108,182,182,193,193,193,209,222,222,222,239,262,293,293,307,307,30,30,109,109,127,139,139,153,163,191,191,216,216,216,230,263,316,328,328,328],"floor_reached":50,"playtime":2429,"items_purged":["Doubt","Strike_G"],"score":1075,"play_id":"c93650db-f551-4a58-b71b-32798c28f4f7","local_time":"20190513123323","is_ascension_mode":true,"campfire_choices":[{"floor":6.0,"key":"REST"},{"data":"Bouncing Flask","floor":8.0,"key":"SMITH"},{"data":"Crippling Poison","floor":15.0,"key":"SMITH"},{"data":"Footwork","floor":23.0,"key":"SMITH"},{"data":"Ghostly","floor":28.0,"key":"SMITH"},{"data":"Ghostly","floor":30.0,"key":"SMITH"},{"data":"Envenom","floor":32.0,"key":"SMITH"},{"floor":41.0,"key":"RECALL"},{"floor":49.0,"key":"REST"}],"neow_cost":"PERCENT_DAMAGE","seed_source_timestamp":3003892786307,"circlet_count":0,"master_deck":["AscendersBane","Defend_G","Defend_G","Defend_G","Defend_G","Defend_G","Strike_G","Strike_G","Survivor+1","Neutralize","Leg Sweep","Backflip","Flying Knee","Bouncing Flask+1","Crippling Poison+1","Dash","PiercingWail","Skewer","Envenom+1","Dagger Throw+1","Backstab","Flechettes","Footwork+1","Ghostly+1","Ghostly+1","Ghostly+1","Catalyst+1","Dodge and Roll","Corpse Explosion","Footwork","Crippling Poison"],"special_seed":0,"relics":["Ring of the Snake","Incense Burner","Membership Card","Happy Flower","Bag of Marbles","Oddly Smooth Stone","Black Star","War Paint","Omamori","The Specimen","Paper Crane","OrangePellets","Fusion Hammer","Strawberry","Meat on the Bone","Pen Nib","Ancient Tea Set","Shuriken","Snake Skull","Dead Branch"],"potions_floor_usage":[50],"damage_taken":[{"damage":10.0,"enemies":"Small Slimes","floor":1.0,"turns":7.0},{"damage":2.0,"enemies":"Jaw Worm","floor":3.0,"turns":8.0},{"damage":1.0,"enemies":"Cultist","floor":5.0,"turns":4.0},{"damage":0.0,"enemies":"Blue Slaver","floor":7.0,"turns":7.0},{"damage":13.0,"enemies":"Exordium Thugs","floor":10.0,"turns":6.0},{"damage":16.0,"enemies":"3 Sentries","floor":11.0,"turns":9.0},{"damage":0.0,"enemies":"Large Slime","floor":13.0,"turns":5.0},{"damage":5.0,"enemies":"Lagavulin","floor":14.0,"turns":8.0},{"damage":6.0,"enemies":"Hexaghost","floor":16.0,"turns":9.0},{"damage":5.0,"enemies":"Shell Parasite","floor":18.0,"turns":5.0},{"damage":2.0,"enemies":"Spheric Guardian","floor":21.0,"turns":5.0},{"damage":6.0,"enemies":"Chosen and Byrds","floor":22.0,"turns":6.0},{"damage":0.0,"enemies":"Snecko","floor":25.0,"turns":6.0},{"damage":3.0,"enemies":"Gremlin Leader","floor":27.0,"turns":4.0},{"damage":4.0,"enemies":"Cultist and Chosen","floor":29.0,"turns":8.0},{"damage":8.0,"enemies":"Collector","floor":33.0,"turns":9.0},{"damage":0.0,"enemies":"Orb Walker","floor":35.0,"turns":3.0},{"damage":0.0,"enemies":"3 Darklings","floor":36.0,"turns":3.0},{"damage":1.0,"enemies":"Writhing Mass","floor":38.0,"turns":6.0},{"damage":0.0,"enemies":"Maw","floor":39.0,"turns":9.0},{"damage":3.0,"enemies":"Nemesis","floor":40.0,"turns":9.0},{"damage":15.0,"enemies":"Reptomancer","floor":42.0,"turns":6.0},{"damage":0.0,"enemies":"4 Shapes","floor":45.0,"turns":8.0},{"damage":0.0,"enemies":"Giant Head","floor":46.0,"turns":10.0},{"damage":15.0,"enemies":"2 Orb Walkers","floor":47.0,"turns":5.0},{"damage":0.0,"enemies":"3 Darklings","floor":48.0,"turns":3.0},{"damage":39,"enemies":"Awakened One","floor":50,"turns":14}],"seed_played":"7729571271275212921","potions_obtained":[{"floor":1.0,"key":"PowerPotion"},{"floor":3.0,"key":"SpeedPotion"},{"floor":10.0,"key":"Explosive Potion"},{"floor":12.0,"key":"Block Potion"},{"floor":16.0,"key":"Block Potion"},{"floor":18.0,"key":"Fire Potion"},{"floor":29.0,"key":"PowerPotion"},{"floor":35.0,"key":"Explosive Potion"},{"floor":39.0,"key":"SpeedPotion"},{"floor":48.0,"key":"FearPotion"}],"is_trial":false,"path_per_floor":["M","?","M","$","M","R","M","R","T","M","E","?","M","E","R","B",null,"M","?","?","M","M","R","?","M","T","E","R","M","R","$","R","B",null,"M","M","?","M","M","E","R","E","T","?","M","E","?","M","R","B"],"character_chosen":"THE_SILENT","items_purchased":["Membership Card","Flying Knee","Paper Crane","OrangePellets"],"campfire_rested":2,"item_purchase_floors":[4,4,31,31],"current_hp_per_floor":[34,34,32,32,31,50,50,50,50,37,21,21,21,16,16,10,52,47,47,47,45,39,39,33,33,33,30,30,26,26,26,26,18,29,29,29,29,28,28,32,32,29,29,29,29,29,26,26,38,0],"gold":328,"neow_bonus":"ONE_RARE_RELIC","is_prod":false,"is_daily":false,"chose_seed":false,"campfire_upgraded":6,"win_rate":0,"timestamp":1557765203,"path_taken":["M","?","M","$","M","R","M","R","T","M","E","?","M","E","R","BOSS","M","?","?","?","M","R","?","M","T","E","R","M","R","$","R","BOSS","M","M","?","M","?","E","R","E","T","?","M","E","?","M","R","BOSS"],"build_version":"2019-04-23","purchased_purges":2,"victory":false,"max_hp_per_floor":[66,66,66,66,66,66,66,66,66,66,66,66,66,66,66,66,66,66,66,66,66,66,66,33,33,33,33,33,33,33,33,33,33,33,33,33,33,33,33,40,40,40,40,40,40,40,40,40,40,40],"card_choices":[{"not_picked":["Cloak And Dagger","Finisher"],"picked":"Leg Sweep","floor":1.0},{"not_picked":["Distraction","Accuracy"],"picked":"Backflip","floor":3.0},{"not_picked":["Outmaneuver","Blade Dance","Finisher"],"picked":"SKIP","floor":5.0},{"not_picked":["Envenom","Dagger Throw"],"picked":"Bouncing Flask","floor":7.0},{"not_picked":["PiercingWail","Flying Knee"],"picked":"Crippling Poison","floor":10.0},{"not_picked":["Bane","Tactician"],"picked":"Dash","floor":11.0},{"not_picked":["Tactician","Blade Dance"],"picked":"PiercingWail","floor":13.0},{"not_picked":["Acrobatics","Expertise"],"picked":"Skewer","floor":14.0},{"not_picked":["Doppelganger","Phantasmal Killer"],"picked":"Envenom","floor":16.0},{"not_picked":["Quick Slash","Dagger Spray"],"picked":"Dagger Throw+1","floor":18.0},{"not_picked":["Terror","Poisoned Stab","Grand Finale"],"picked":"SKIP","floor":21.0},{"not_picked":["Sucker Punch","Dagger Throw"],"picked":"Footwork","floor":22.0},{"not_picked":["Cloak And Dagger","Underhanded Strike"],"picked":"Catalyst+1","floor":25.0},{"not_picked":["Eviscerate","Terror","Distraction"],"picked":"SKIP","floor":27.0},{"not_picked":["Accuracy","Backflip"],"picked":"Dodge and Roll","floor":29.0},{"not_picked":["Malaise","Adrenaline"],"picked":"Corpse Explosion","floor":33.0},{"not_picked":["Poisoned Stab","Deadly Poison","Caltrops+1"],"picked":"SKIP","floor":35.0},{"not_picked":["Prepared","Sucker Punch+1"],"picked":"Footwork","floor":36.0},{"not_picked":["Outmaneuver","Underhanded Strike","Skewer"],"picked":"SKIP","floor":38.0},{"not_picked":["Backstab+1","Blade Dance+1","A Thousand Cuts"],"picked":"SKIP","floor":39.0},{"not_picked":["Dash+1","Caltrops","Cloak And Dagger"],"picked":"SKIP","floor":40.0},{"not_picked":["Prepared","Deadly Poison+1","Backstab"],"picked":"SKIP","floor":42.0},{"not_picked":["Dagger Throw","Slice+1"],"picked":"Crippling Poison","floor":45.0},{"not_picked":["Bane+1","Eviscerate","Quick Slash+1"],"picked":"SKIP","floor":46.0},{"not_picked":["Dagger Throw","Choke","Outmaneuver"],"picked":"SKIP","floor":48.0}],"player_experience":2497385,"relics_obtained":[{"floor":9.0,"key":"Happy Flower"},{"floor":11.0,"key":"Bag of Marbles"},{"floor":14.0,"key":"Oddly Smooth Stone"},{"floor":26.0,"key":"War Paint"},{"floor":27.0,"key":"Omamori"},{"floor":27.0,"key":"The Specimen"},{"floor":40.0,"key":"Strawberry"},{"floor":40.0,"key":"Meat on the Bone"},{"floor":42.0,"key":"Pen Nib"},{"floor":42.0,"key":"Ancient Tea Set"},{"floor":46.0,"key":"Shuriken"},{"floor":46.0,"key":"Snake Skull"},{"floor":47.0,"key":"Dead Branch"}],"event_choices":[{"damage_healed":0.0,"max_hp_gain":0.0,"max_hp_loss":0.0,"gold_gain":150.0,"event_name":"Liars Game","player_choice":"AGREE","floor":2.0,"gold_loss":0.0,"damage_taken":0.0,"cards_obtained":["Doubt"]},{"damage_healed":0.0,"max_hp_gain":0.0,"max_hp_loss":0.0,"gold_gain":0.0,"event_name":"Lab","player_choice":"Got Potions","floor":12.0,"gold_loss":0.0,"damage_taken":0.0},{"damage_healed":0.0,"max_hp_gain":0.0,"max_hp_loss":0.0,"gold_gain":0.0,"event_name":"Vampires","player_choice":"Ignored","floor":19.0,"gold_loss":0.0,"damage_taken":0.0},{"damage_healed":0.0,"max_hp_gain":0.0,"max_hp_loss":0.0,"gold_gain":0.0,"cards_transformed":["Strike_G","Strike_G"],"event_name":"Drug Dealer","player_choice":"Became Test Subject","floor":20.0,"gold_loss":0.0,"damage_taken":0.0,"cards_obtained":["Backstab","Flechettes"]},{"damage_healed":0.0,"max_hp_gain":0.0,"max_hp_loss":33.0,"gold_gain":0.0,"event_name":"Ghosts","player_choice":"Became a Ghost","floor":24.0,"gold_loss":0.0,"damage_taken":0.0,"cards_obtained":["Ghostly","Ghostly","Ghostly"]},{"damage_healed":0.0,"max_hp_gain":0.0,"max_hp_loss":0.0,"gold_gain":0.0,"event_name":"SecretPortal","player_choice":"Ignored","floor":37.0,"gold_loss":0.0,"damage_taken":0.0},{"damage_healed":0.0,"max_hp_gain":0.0,"max_hp_loss":0.0,"gold_gain":0.0,"event_name":"SensoryStone","player_choice":"Memory 1","floor":44.0,"gold_loss":0.0,"damage_taken":0.0},{"damage_healed":0.0,"max_hp_gain":0.0,"max_hp_loss":0.0,"gold_gain":0.0,"event_name":"Mysterious Sphere","player_choice":"Fight","floor":47.0,"gold_loss":0.0,"damage_taken":0.0}],"is_beta":true,"boss_relics":[{"not_picked":["White Beast Statue","Runic Dome"],"picked":"Black Star"},{"not_picked":["Busted Crown","WristBlade"],"picked":"Fusion Hammer"}],"items_purged_floors":[4,31],"is_endless":false,"potions_floor_spawned":[1,3,10,16,18,22,25,29,35,39,48],"killed_by":"Awakened One","ascension_level":15}