{"gold_per_floor":[11,11,24,24,38,63,95,382,420,461,473,497,23,37,37,109,109,125,125,16,29,29,64,64,91,114,124,124,155,155,190,190,269,269,279,279,109,126,140,140,167,167,167,198,210,245,257,80,80,80,80,80,6,32,32],"floor_reached":56,"playtime":1699,"items_purged":["Regret","Anger"],"score":2159,"play_id":"4a83711c-d901-4bdd-ba42-8926d19d4a5c","local_time":"20190707172326","is_ascension_mode":true,"campfire_choices":[{"data":"Flame Barrier","floor":11.0,"key":"SMITH"},{"data":"Limit Break","floor":15.0,"key":"SMITH"},{"data":"Heavy Blade","floor":24.0,"key":"SMITH"},{"data":"Inflame","floor":28.0,"key":"SMITH"},{"floor":32.0,"key":"REST"},{"data":"Uppercut","floor":40.0,"key":"SMITH"},{"floor":42.0,"key":"RECALL"},{"data":"Heavy Blade","floor":49.0,"key":"SMITH"},{"data":"Power Through","floor":52.0,"key":"SMITH"}],"neow_cost":"NO_GOLD","seed_source_timestamp":241437043962578,"circlet_count":0,"master_deck":["AscendersBane","Strike_R+1","Strike_R+1","Strike_R+1","Strike_R+1","Strike_R+1","Defend_R+1","Defend_R+1","Defend_R+1","Defend_R+1","Bash","Immolate+1","Flame Barrier+1","Inflame+1","Shrug It Off","Metallicize","Limit Break+1","Headbutt","Heavy Blade+1","Uppercut+1","Evolve","Power Through+1","Spot Weakness+1","Barricade","Second Wind","Heavy Blade+1","Disarm","Shockwave+1","Mayhem","Clothesline","Demon Form"],"special_seed":0,"relics":["Burning Blood","Art of War","MawBank","Lantern","Potion Belt","Du-Vu Doll","Snecko Eye","Thread and Needle","PreservedInsect","Charon\u0027s Ashes","Bronze Scales","Black Star","Dream Catcher","Gambling Chip","Letter Opener","Ginger","Bag of Marbles","War Paint","Pen Nib","Mummified Hand","Pear"],"potions_floor_usage":[54,55,55],"damage_taken":[{"damage":4.0,"enemies":"Jaw Worm","floor":1.0,"turns":3.0},{"damage":0.0,"enemies":"Small Slimes","floor":3.0,"turns":1.0},{"damage":1.0,"enemies":"Cultist","floor":5.0,"turns":3.0},{"damage":17.0,"enemies":"Gremlin Nob","floor":6.0,"turns":4.0},{"damage":1.0,"enemies":"Exordium Thugs","floor":7.0,"turns":3.0},{"damage":20.0,"enemies":"Lagavulin","floor":10.0,"turns":5.0},{"damage":3.0,"enemies":"Blue Slaver","floor":12.0,"turns":3.0},{"damage":0.0,"enemies":"Large Slime","floor":14.0,"turns":2.0},{"damage":18.0,"enemies":"The Guardian","floor":16.0,"turns":6.0},{"damage":16.0,"enemies":"Chosen","floor":18.0,"turns":4.0},{"damage":0.0,"enemies":"Spheric Guardian","floor":21.0,"turns":1.0},{"damage":30.0,"enemies":"Book of Stabbing","floor":23.0,"turns":4.0},{"damage":5.0,"enemies":"Gremlin Leader","floor":25.0,"turns":4.0},{"damage":1.0,"enemies":"Snecko","floor":27.0,"turns":3.0},{"damage":27.0,"enemies":"Book of Stabbing","floor":29.0,"turns":5.0},{"damage":6.0,"enemies":"Gremlin Leader","floor":31.0,"turns":5.0},{"damage":5.0,"enemies":"Collector","floor":33.0,"turns":7.0},{"damage":3.0,"enemies":"3 Shapes","floor":35.0,"turns":6.0},{"damage":0.0,"enemies":"Orb Walker","floor":38.0,"turns":3.0},{"damage":21.0,"enemies":"3 Darklings","floor":39.0,"turns":4.0},{"damage":10.0,"enemies":"Reptomancer","floor":41.0,"turns":4.0},{"damage":7.0,"enemies":"Nemesis","floor":44.0,"turns":5.0},{"damage":16.0,"enemies":"Spire Growth","floor":45.0,"turns":7.0},{"damage":0.0,"enemies":"Reptomancer","floor":46.0,"turns":1.0},{"damage":10.0,"enemies":"Transient","floor":47.0,"turns":5.0},{"damage":40.0,"enemies":"Donu and Deca","floor":50.0,"turns":5.0},{"damage":13,"enemies":"Shield and Spear","floor":54,"turns":4},{"damage":42,"enemies":"The Heart","floor":55,"turns":7}],"seed_played":"-5253727424655990462","potions_obtained":[{"floor":5.0,"key":"Block Potion"},{"floor":6.0,"key":"Poison Potion"},{"floor":10.0,"key":"BloodPotion"},{"floor":12.0,"key":"Fruit Juice"},{"floor":16.0,"key":"Regen Potion"},{"floor":19.0,"key":"EssenceOfSteel"},{"floor":21.0,"key":"Regen Potion"},{"floor":27.0,"key":"SkillPotion"},{"floor":35.0,"key":"BloodPotion"},{"floor":39.0,"key":"Block Potion"},{"floor":45.0,"key":"Energy Potion"},{"floor":46.0,"key":"LiquidBronze"},{"floor":47.0,"key":"Strength Potion"}],"is_trial":false,"path_per_floor":["M","?","M","?","M","E","M","?","T","E","R","M","$","M","R","B",null,"M","?","$","M","$","E","R","E","T","M","R","E","?","E","R","B",null,"M","?","$","M","M","R","E","R","T","E","M","E","M","$","R","B",null,"R","$","E","B",null],"character_chosen":"IRONCLAD","items_purchased":["Du-Vu Doll","Limit Break","Headbutt","Uppercut","Second Wind","Mayhem","SkillPotion","Clothesline"],"campfire_rested":1,"item_purchase_floors":[13,13,13,20,37,48,53,53],"current_hp_per_floor":[70,70,75,49,54,43,48,48,48,34,34,37,37,43,43,31,64,54,59,59,65,65,60,60,61,61,66,66,45,45,45,69,70,78,80,76,76,80,65,65,61,61,61,60,50,56,52,52,52,38,70,70,70,73,59],"gold":32,"neow_bonus":"THREE_RARE_CARDS","is_prod":false,"is_daily":false,"chose_seed":false,"campfire_upgraded":7,"win_rate":0,"timestamp":1562534606,"path_taken":["M","?","M","?","M","E","M","?","T","E","R","M","$","?","R","BOSS","M","?","$","M","?","E","R","E","T","M","R","E","?","E","R","BOSS","M","?","$","M","?","R","E","R","T","E","M","E","M","$","R","BOSS","R","$","E","BOSS"],"build_version":"2019-07-03","purchased_purges":2,"victory":true,"max_hp_per_floor":[75,75,75,75,75,75,75,75,75,75,75,75,75,75,75,75,75,75,80,80,80,80,80,80,80,80,80,80,80,80,80,80,80,80,80,80,80,80,80,80,80,80,80,80,80,80,80,80,80,80,80,80,80,90,90],"card_choices":[{"not_picked":["Reaper","Demon Form"],"picked":"Immolate","floor":0.0},{"not_picked":["Sword Boomerang","Havoc","Wild Strike"],"picked":"SKIP","floor":1.0},{"not_picked":["Intimidate","Wild Strike"],"picked":"Flame Barrier","floor":3.0},{"not_picked":["Warcry","Evolve"],"picked":"Anger","floor":5.0},{"not_picked":["Headbutt","Uppercut"],"picked":"Inflame","floor":6.0},{"not_picked":["Spot Weakness","Corruption"],"picked":"Shrug It Off","floor":7.0},{"not_picked":["Wild Strike","True Grit"],"picked":"Metallicize","floor":10.0},{"not_picked":["Carnage","Havoc","Clothesline"],"picked":"SKIP","floor":12.0},{"not_picked":["Juggernaut","Second Wind"],"picked":"Heavy Blade","floor":14.0},{"not_picked":["Twin Strike","Hemokinesis","Pummel"],"picked":"SKIP","floor":18.0},{"not_picked":["Perfected Strike","Clothesline","Carnage+1"],"picked":"SKIP","floor":21.0},{"not_picked":["Entrench","Body Slam","Clash"],"picked":"SKIP","floor":23.0},{"not_picked":["Battle Trance","Headbutt"],"picked":"Evolve","floor":25.0},{"not_picked":["True Grit","Clothesline"],"picked":"Power Through","floor":27.0},{"not_picked":["Anger","Bloodletting"],"picked":"Spot Weakness","floor":29.0},{"not_picked":["Twin Strike","Clash","Iron Wave"],"picked":"SKIP","floor":31.0},{"not_picked":["Double Tap","Impervious"],"picked":"Barricade","floor":33.0},{"not_picked":["Headbutt","Intimidate+1","Perfected Strike"],"picked":"SKIP","floor":35.0},{"not_picked":["Second Wind","Perfected Strike"],"picked":"Heavy Blade","floor":38.0},{"not_picked":["Rage","Fire Breathing"],"picked":"Disarm","floor":39.0},{"not_picked":["Havoc","Rage","Armaments"],"picked":"SKIP","floor":41.0},{"not_picked":["Seeing Red+1","Pummel","Wild Strike"],"picked":"SKIP","floor":44.0},{"not_picked":["Heavy Blade+1","Clothesline"],"picked":"Shockwave","floor":45.0},{"not_picked":["Ghostly Armor","Cleave+1","Inflame"],"picked":"SKIP","floor":46.0},{"not_picked":["Thunderclap","Rage","Twin Strike"],"picked":"SKIP","floor":47.0},{"not_picked":["Wild Strike+1","Havoc"],"picked":"Demon Form","floor":54}],"player_experience":2607565,"relics_obtained":[{"floor":6.0,"key":"MawBank"},{"floor":9.0,"key":"Lantern"},{"floor":10.0,"key":"Potion Belt"},{"floor":23.0,"key":"Thread and Needle"},{"floor":25.0,"key":"PreservedInsect"},{"floor":29.0,"key":"Charon\u0027s Ashes"},{"floor":31.0,"key":"Bronze Scales"},{"floor":41.0,"key":"Dream Catcher"},{"floor":41.0,"key":"Gambling Chip"},{"floor":43.0,"key":"Letter Opener"},{"floor":44.0,"key":"Ginger"},{"floor":44.0,"key":"Bag of Marbles"},{"floor":46.0,"key":"War Paint"},{"floor":46.0,"key":"Pen Nib"},{"floor":54,"key":"Mummified Hand"},{"floor":54,"key":"Pear"}],"event_choices":[{"damage_healed":0.0,"max_hp_gain":0.0,"max_hp_loss":0.0,"gold_gain":0.0,"event_name":"Living Wall","player_choice":"Grow","floor":2.0,"gold_loss":0.0,"damage_taken":0.0,"cards_upgraded":["Immolate"]},{"damage_healed":0.0,"max_hp_gain":0.0,"max_hp_loss":0.0,"gold_gain":0.0,"event_name":"Scrap Ooze","player_choice":"Success","floor":4.0,"gold_loss":0.0,"damage_taken":26.0,"relics_obtained":["Art of War"]},{"damage_healed":0.0,"max_hp_gain":0.0,"max_hp_loss":0.0,"gold_gain":275.0,"event_name":"Golden Shrine","player_choice":"Desecrate","floor":8.0,"gold_loss":0.0,"damage_taken":0.0,"cards_obtained":["Regret"]},{"damage_healed":0.0,"max_hp_gain":0.0,"max_hp_loss":0.0,"gold_gain":0.0,"event_name":"Lab","player_choice":"Got Potions","floor":19.0,"gold_loss":0.0,"damage_taken":0.0},{"damage_healed":0.0,"max_hp_gain":0.0,"max_hp_loss":0.0,"gold_gain":0.0,"event_name":"Back to Basics","player_choice":"Simplicity","floor":30.0,"gold_loss":0.0,"damage_taken":0.0,"cards_upgraded":["Strike_R","Strike_R","Strike_R","Strike_R","Strike_R","Defend_R","Defend_R","Defend_R","Defend_R"]},{"damage_healed":0.0,"max_hp_gain":0.0,"max_hp_loss":0.0,"gold_gain":0.0,"event_name":"The Woman in Blue","player_choice":"Bought 0 Potions","floor":36.0,"gold_loss":0.0,"damage_taken":0.0}],"is_beta":true,"boss_relics":[{"not_picked":["Velvet Choker","White Beast Statue"],"picked":"Snecko Eye"},{"not_picked":["Tiny House","Lizard Tail"],"picked":"Black Star"}],"items_purged_floors":[20,37],"is_endless":false,"potions_floor_spawned":[5,6,10,12,16,21,27,35,39,45,46,47],"ascension_level":15}