{"gold_per_floor":[119,119,133,153,153,153,179,179,179,206,206,217,232,242,242,340,340,360,124,39,39,53,82,102,131,210,210,227,227,262,278,278,380,380,392,392,129,129,145,177,177,77,77,90,106,138,238,254,254,254,254,254,13,13],"floor_reached":54,"playtime":3169,"items_purged":["Strike_B","Strike_B"],"score":779,"play_id":"b7e337e5-347b-48b5-b13b-921c379a9335","local_time":"20190815222412","is_ascension_mode":true,"campfire_choices":[{"data":"Zap","floor":6,"key":"SMITH"},{"floor":11,"key":"REST"},{"floor":15,"key":"REST"},{"data":"Defragment","floor":27,"key":"SMITH"},{"floor":29,"key":"REST"},{"floor":32,"key":"RECALL"},{"data":"Amplify","floor":41,"key":"SMITH"},{"data":"Machine Learning","floor":49,"key":"SMITH"},{"data":"Go for the Eyes","floor":52,"key":"SMITH"}],"neow_cost":"NONE","seed_source_timestamp":33098739350700,"circlet_count":0,"master_deck":["Strike_B","Defend_B","Defend_B","Defend_B+1","Zap+1","Dualcast+1","Go for the Eyes+1","Machine Learning+1","Defragment+1","Streamline","Leap","Melter","Storm+1","Sweeping Beam","Electrodynamics+1","Sunder+1","Bandage Up","Rebound","Self Repair+1","Capacitor+1","Self Repair+1","Static Discharge+1","Self Repair+1","Rebound","Amplify+1","Apotheosis+1","Stack+1","Barrage","Redo+1","Compile Driver+1","Doom and Gloom","Barrage"],"relics":["Cracked Core","Question Card","Frozen Egg 2","Art of War","Inserter","Boot","FossilizedHelix","Anchor","Mercury Hourglass","Letter Opener","Sundial","Philosopher\u0027s Stone","Darkstone Periapt","Orichalcum","Unceasing Top","Toy Ornithopter"],"potions_floor_usage":[10,23,31,50,50,54],"damage_taken":[{"damage":6,"enemies":"Jaw Worm","floor":1,"turns":3},{"damage":1,"enemies":"2 Louse","floor":3,"turns":3},{"damage":0,"enemies":"Small Slimes","floor":4,"turns":3},{"damage":40,"enemies":"3 Sentries","floor":7,"turns":8},{"damage":6,"enemies":"Gremlin Nob","floor":10,"turns":3},{"damage":0,"enemies":"Exordium Wildlife","floor":12,"turns":3},{"damage":1,"enemies":"Looter","floor":13,"turns":3},{"damage":9,"enemies":"Red Slaver","floor":14,"turns":3},{"damage":30,"enemies":"The Guardian","floor":16,"turns":9},{"damage":10,"enemies":"Spheric Guardian","floor":18,"turns":3},{"damage":5,"enemies":"Chosen","floor":22,"turns":4},{"damage":25,"enemies":"Gremlin Leader","floor":23,"turns":5},{"damage":0,"enemies":"3 Cultists","floor":24,"turns":3},{"damage":43,"enemies":"Book of Stabbing","floor":25,"turns":5},{"damage":34,"enemies":"Shelled Parasite and Fungi","floor":28,"turns":5},{"damage":20,"enemies":"Slavers","floor":30,"turns":3},{"damage":10,"enemies":"Cultist and Chosen","floor":31,"turns":4},{"damage":76,"enemies":"Champ","floor":33,"turns":6},{"damage":0,"enemies":"Orb Walker","floor":35,"turns":3},{"damage":0,"enemies":"3 Shapes","floor":39,"turns":4},{"damage":35,"enemies":"Giant Head","floor":40,"turns":7},{"damage":0,"enemies":"Transient","floor":44,"turns":5},{"damage":11,"enemies":"Sphere and 2 Shapes","floor":45,"turns":4},{"damage":26,"enemies":"Nemesis","floor":46,"turns":5},{"damage":10,"enemies":"Mind Bloom Boss Battle","floor":47,"turns":6},{"damage":0,"enemies":"Maw","floor":48,"turns":6},{"damage":83,"enemies":"Donu and Deca","floor":50,"turns":4},{"damage":91,"enemies":"Shield and Spear","floor":54,"turns":3}],"seed_played":"-6523242408567222091","potions_obtained":[{"floor":7,"key":"AttackPotion"},{"floor":12,"key":"Swift Potion"},{"floor":13,"key":"SpeedPotion"},{"floor":14,"key":"SpeedPotion"},{"floor":16,"key":"FocusPotion"},{"floor":22,"key":"Fire Potion"},{"floor":23,"key":"Fire Potion"},{"floor":33,"key":"Ancient Potion"},{"floor":35,"key":"LiquidBronze"},{"floor":44,"key":"PowerPotion"}],"is_trial":false,"path_per_floor":["M","?","M","M","?","R","E","?","T","E","R","M","M","M","R","B",null,"M","$","?","?","M","E","M","E","T","R","M","R","E","M","R","B",null,"M","?","$","?","M","E","R","$","T","M","M","E","?","M","R","B",null,"R","$","E"],"character_chosen":"DEFECT","items_purchased":["Boot","Bandage Up","Apotheosis","Toy Ornithopter","Fire Potion"],"campfire_rested":3,"item_purchase_floors":[19,19,37,53,53],"current_hp_per_floor":[69,62,61,61,46,46,6,11,11,5,29,29,28,19,43,13,80,70,70,70,70,73,55,63,38,38,38,32,56,54,80,80,38,80,80,80,80,80,80,75,75,75,75,80,79,80,80,80,80,11,80,80,80,0],"gold":13,"neow_bonus":"REMOVE_CARD","is_prod":false,"is_daily":false,"chose_seed":false,"campfire_upgraded":5,"win_rate":0,"timestamp":1565900652,"path_taken":["M","?","M","M","?","R","E","?","T","E","R","M","?","M","R","BOSS","M","$","?","?","M","E","?","E","T","R","M","R","E","M","R","BOSS","M","?","$","?","M","E","R","$","T","?","M","E","?","M","R","BOSS","R","$","E"],"build_version":"2019-07-17","purchased_purges":2,"victory":false,"max_hp_per_floor":[75,75,75,75,75,75,75,80,80,80,80,80,80,80,80,80,80,80,80,80,80,80,80,80,80,80,80,80,80,80,80,80,80,80,80,80,80,80,80,80,80,80,80,80,80,80,80,80,80,80,80,80,80,80],"card_choices":[{"not_picked":["Sweeping Beam","Rebound"],"picked":"Go for the Eyes","floor":1},{"not_picked":["Coolheaded","Undo"],"picked":"Machine Learning","floor":3},{"not_picked":["Heatsinks","Loop"],"picked":"Defragment","floor":4},{"not_picked":["Aggregate","Coolheaded"],"picked":"Streamline","floor":7},{"not_picked":["Sweeping Beam","Consume","Scrape"],"picked":"Leap","floor":10},{"not_picked":["Auto Shields","Steam","Genetic Algorithm"],"picked":"Melter","floor":12},{"not_picked":["Stack","Sweeping Beam","Rip and Tear"],"picked":"Storm+1","floor":13},{"not_picked":["Rip and Tear","Auto Shields","Streamline"],"picked":"Sweeping Beam","floor":14},{"not_picked":["Echo Form+1","Machine Learning+1","Creative AI+1"],"picked":"Electrodynamics+1","floor":16},{"not_picked":["Sweeping Beam","Go for the Eyes","Force Field"],"picked":"Sunder+1","floor":18},{"not_picked":["Storm+1","Compile Driver+1","Streamline"],"picked":"Rebound","floor":22},{"not_picked":["Barrage","Coolheaded","Stack"],"picked":"Self Repair+1","floor":23},{"not_picked":["Beam Cell","Reprogram+1","Biased Cognition+1"],"picked":"Capacitor+1","floor":24},{"not_picked":["Force Field","Go for the Eyes+1","Recycle+1"],"picked":"Self Repair+1","floor":25},{"not_picked":["Genetic Algorithm","Melter","Blizzard"],"picked":"Static Discharge+1","floor":28},{"not_picked":["Go for the Eyes+1","Buffer+1","Barrage+1"],"picked":"Self Repair+1","floor":30},{"not_picked":["Hologram","Consume","Skim"],"picked":"Rebound","floor":31},{"not_picked":["Core Surge","Echo Form+1","Fission"],"picked":"Amplify","floor":33},{"not_picked":["Chill","Ball Lightning+1","White Noise","Sweeping Beam+1"],"picked":"SKIP","floor":35},{"not_picked":["Cold Snap","Compile Driver+1","Streamline+1"],"picked":"Stack+1","floor":39},{"not_picked":["Go for the Eyes","Hologram","Streamline"],"picked":"Barrage","floor":40},{"not_picked":["Recycle","Tempest","Compile Driver+1"],"picked":"Redo+1","floor":44},{"not_picked":["Gash+1","Stack+1","Multi-Cast","Turbo"],"picked":"SKIP","floor":45},{"not_picked":["Fusion+1","Stack+1","Coolheaded"],"picked":"Compile Driver+1","floor":46},{"not_picked":["Compile Driver+1","White Noise+1","Ball Lightning+1"],"picked":"Doom and Gloom","floor":47},{"not_picked":["Scrape","Sweeping Beam+1","Chill"],"picked":"Barrage","floor":48}],"player_experience":106249,"relics_obtained":[{"floor":7,"key":"Question Card"},{"floor":9,"key":"Frozen Egg 2"},{"floor":10,"key":"Art of War"},{"floor":23,"key":"Anchor"},{"floor":25,"key":"Mercury Hourglass"},{"floor":26,"key":"Letter Opener"},{"floor":30,"key":"Sundial"},{"floor":40,"key":"Darkstone Periapt"},{"floor":46,"key":"Orichalcum"},{"floor":47,"key":"Unceasing Top"}],"event_choices":[{"cards_removed":["Defend_B"],"damage_healed":0,"gold_gain":0,"player_choice":"Card Removal","damage_taken":7,"max_hp_gain":0,"max_hp_loss":0,"event_name":"Golden Wing","floor":2,"gold_loss":0},{"damage_healed":0,"gold_gain":0,"player_choice":"Entered Light","damage_taken":15,"max_hp_gain":0,"max_hp_loss":0,"event_name":"Shining Light","floor":5,"gold_loss":0,"cards_upgraded":["Defend_B","Dualcast"]},{"damage_healed":0,"gold_gain":0,"player_choice":"Donut","damage_taken":0,"max_hp_gain":5,"max_hp_loss":0,"event_name":"Big Fish","floor":8,"gold_loss":0},{"damage_healed":0,"gold_gain":0,"player_choice":"Obtained Relic","damage_taken":0,"relics_obtained":["FossilizedHelix"],"max_hp_gain":0,"max_hp_loss":0,"event_name":"Addict","floor":20,"gold_loss":85},{"damage_healed":0,"gold_gain":0,"player_choice":"Copied","damage_taken":0,"max_hp_gain":0,"max_hp_loss":0,"event_name":"Duplicator","floor":21,"gold_loss":0,"cards_obtained":["Bandage Up"]},{"cards_removed":["Bandage Up"],"damage_healed":0,"gold_gain":0,"player_choice":"Removed Skill","damage_taken":0,"max_hp_gain":0,"max_hp_loss":0,"event_name":"Falling","floor":36,"gold_loss":0},{"damage_healed":0,"gold_gain":0,"player_choice":"Upgraded","damage_taken":0,"max_hp_gain":0,"max_hp_loss":0,"event_name":"Upgrade Shrine","floor":38,"gold_loss":0,"cards_upgraded":["Apotheosis"]},{"damage_healed":0,"gold_gain":0,"player_choice":"Fight","damage_taken":0,"max_hp_gain":0,"max_hp_loss":0,"event_name":"MindBloom","floor":47,"gold_loss":0}],"is_beta":false,"boss_relics":[{"not_picked":["Orrery","Eternal Feather"],"picked":"Inserter"},{"not_picked":["Runic Pyramid","FrozenCore"],"picked":"Philosopher\u0027s Stone"}],"items_purged_floors":[37,42],"is_endless":false,"potions_floor_spawned":[7,12,13,14,16,22,23,33,35,44,45,46],"killed_by":"Shield and Spear","ascension_level":1}