{"gold_per_floor":[115,125,125,139,150,150,178,178,178,26,26,59,84,159,159,287,287,306,320,320,42,67,91,91],"floor_reached":24,"playtime":2131,"items_purged":["Defend_B"],"score":208,"play_id":"5bf31506-c1ad-4a80-9df9-dd6ffe20b35c","local_time":"20190330190619","is_ascension_mode":false,"campfire_choices":[{"data":"Dualcast","floor":6,"key":"SMITH"},{"data":"White Noise","floor":8,"key":"SMITH"},{"data":"Creative AI","floor":15,"key":"SMITH"}],"neow_cost":"NONE","seed_source_timestamp":25869390280400,"circlet_count":0,"master_deck":["Strike_B","Strike_B","Defend_B","Defend_B","Defend_B","Zap","Dualcast+1","Blind","Undo","Cold Snap","Cold Snap","Compile Driver","White Noise+1","Creative AI+1","Redo","Amplify","Fusion+1","Consume","Buffer","Coolheaded","Fission","Loop"],"relics":["Cracked Core","PreservedInsect","Centennial Puzzle","Happy Flower","Golden Idol","Ornamental Fan","Inserter"],"potions_floor_usage":[7,12],"damage_taken":[{"damage":1,"enemies":"2 Louse","floor":1,"turns":3},{"damage":0,"enemies":"Cultist","floor":2,"turns":3},{"damage":1,"enemies":"Small Slimes","floor":4,"turns":3},{"damage":0,"enemies":"Blue Slaver","floor":5,"turns":5},{"damage":11,"enemies":"Lagavulin","floor":7,"turns":7},{"damage":2,"enemies":"3 Sentries","floor":12,"turns":4},{"damage":0,"enemies":"Looter","floor":13,"turns":3},{"damage":18,"enemies":"Slime Boss","floor":16,"turns":8},{"damage":16,"enemies":"Spheric Guardian","floor":18,"turns":6},{"damage":13,"enemies":"Shell Parasite","floor":19,"turns":8},{"damage":37,"enemies":"Cultist and Chosen","floor":22,"turns":9},{"damage":7,"enemies":"Snecko","floor":23,"turns":12},{"damage":4,"enemies":"Chosen and Byrds","floor":24,"turns":1}],"seed_played":"-8300834096946242874","potions_obtained":[{"floor":4,"key":"EssenceOfSteel"},{"floor":5,"key":"Fire Potion"},{"floor":22,"key":"LiquidBronze"},{"floor":23,"key":"AttackPotion"}],"is_trial":false,"path_per_floor":["M","M","?","M","M","R","E","R","T","$","?","E","M","?","R","B",null,"M","M","?","$","M","M","M"],"character_chosen":"DEFECT","items_purchased":["Happy Flower","Buffer","Coolheaded"],"campfire_rested":0,"item_purchase_floors":[10,21,21],"current_hp_per_floor":[74,74,74,73,73,73,62,62,62,62,44,42,42,31,31,13,75,59,46,46,46,9,2,0],"gold":91,"neow_bonus":"RANDOM_COLORLESS","is_prod":false,"is_daily":false,"chose_seed":false,"campfire_upgraded":3,"win_rate":0,"timestamp":1553969179,"path_taken":["M","M","?","M","?","R","E","R","T","$","?","E","M","?","R","BOSS","M","M","?","$","M","M","M"],"build_version":"2019-01-23","purchased_purges":1,"victory":false,"max_hp_per_floor":[75,75,75,75,75,75,75,75,75,75,75,75,75,75,75,75,75,75,75,75,75,75,75,75],"card_choices":[{"not_picked":["Turbo","Barrage"],"picked":"Undo","floor":1},{"not_picked":["Hello World","Recycle"],"picked":"Cold Snap","floor":2},{"not_picked":["Leap","FTL"],"picked":"Cold Snap","floor":4},{"not_picked":["Reinforced Body","Barrage"],"picked":"Compile Driver","floor":5},{"not_picked":["Gash","Darkness"],"picked":"White Noise","floor":7},{"not_picked":["Gash","Beam Cell"],"picked":"Creative AI","floor":12},{"not_picked":["Streamline","Barrage"],"picked":"Redo","floor":13},{"not_picked":["Biased Cognition","Electrodynamics"],"picked":"Amplify","floor":16},{"not_picked":["Steam","Redo"],"picked":"Fusion+1","floor":18},{"not_picked":["Hologram","Stack"],"picked":"Consume","floor":19},{"not_picked":["Hologram","Barrage"],"picked":"Fission","floor":22},{"not_picked":["Gash+1","Skim+1"],"picked":"Loop","floor":23}],"player_experience":269508,"relics_obtained":[{"floor":7,"key":"PreservedInsect"},{"floor":9,"key":"Centennial Puzzle"},{"floor":12,"key":"Ornamental Fan"}],"event_choices":[{"cards_removed":["Strike_B"],"damage_healed":0,"gold_gain":0,"player_choice":"Purged","damage_taken":0,"max_hp_gain":0,"max_hp_loss":0,"event_name":"Purifier","floor":3,"gold_loss":0},{"damage_healed":0,"gold_gain":0,"player_choice":"Take Damage","damage_taken":18,"relics_obtained":["Golden Idol"],"max_hp_gain":0,"max_hp_loss":0,"event_name":"Golden Idol","floor":11,"gold_loss":0},{"damage_healed":0,"gold_gain":75,"player_choice":"Gather Gold","damage_taken":11,"max_hp_gain":0,"max_hp_loss":0,"event_name":"World of Goop","floor":14,"gold_loss":0},{"cards_removed":["Strike_B"],"damage_healed":0,"gold_gain":0,"player_choice":"Elegance","damage_taken":0,"max_hp_gain":0,"max_hp_loss":0,"event_name":"Back to Basics","floor":20,"gold_loss":0}],"is_beta":false,"boss_relics":[{"not_picked":["Empty Cage","Cursed Key"],"picked":"Inserter"}],"items_purged_floors":[21],"is_endless":false,"potions_floor_spawned":[4,5,22,23],"killed_by":"Chosen and Byrds","ascension_level":0}