{"gold_per_floor":[109,126,0,13,30,30,55,55,55,65,65,65,76,107,107,204,204,220,220,100,15,15,15,45,45,45,45,55,72,72,106,106,203,203,214,214,64,75,87,120,120,120,120,136,16,16,16,33,33,33],"floor_reached":50,"playtime":2875,"items_purged":["Strike_R+1"],"score":595,"play_id":"dadfec80-eb9d-43ad-98ab-33b9126d12af","local_time":"20190101214052","is_ascension_mode":true,"campfire_choices":[{"data":"Flame Barrier","floor":6,"key":"SMITH"},{"data":"1","floor":8,"key":"LIFT"},{"data":"2","floor":11,"key":"LIFT"},{"data":"Blood for Blood","floor":15,"key":"SMITH"},{"data":"True Grit","floor":23,"key":"SMITH"},{"data":"Flame Barrier","floor":25,"key":"SMITH"},{"data":"3","floor":27,"key":"LIFT"},{"data":"Armaments","floor":30,"key":"SMITH"},{"floor":32,"key":"REST"},{"data":"Whirlwind","floor":42,"key":"SMITH"},{"floor":46,"key":"REST"},{"data":"Shockwave","floor":49,"key":"SMITH"}],"neow_cost":"NONE","seed_source_timestamp":290115613904400,"circlet_count":0,"master_deck":["Strike_R+1","Strike_R+1","Strike_R+1","Strike_R+1","Defend_R+1","Defend_R+1","Defend_R+1","Defend_R+1","Bash","Blood for Blood+1","Headbutt","Flame Barrier+1","True Grit+1","Flame Barrier+1","Shrug It Off","Intimidate","Headbutt","Shockwave+1","Bludgeon","Sword Boomerang+1","Whirlwind+1","Uppercut+1","Armaments+1","Pommel Strike+1","Double Tap","Shrug It Off+1","Headbutt+1","Flash of Steel+1","Carnage+1","Spot Weakness+1","Flame Barrier+1","Flex+1","Heavy Blade+1"],"relics":["Burning Blood","Red Skull","Girya","Pear","Mercury Hourglass","Runic Cube","Potion Belt","Omamori","Molten Egg 2","Strawberry","Mark of Pain","Bronze Scales","Toxic Egg 2","Question Card"],"potions_floor_usage":[7,7,14,29,31,33,33,40,40,50],"damage_taken":[{"damage":15,"enemies":"Cultist","floor":1,"turns":5},{"damage":13,"enemies":"Jaw Worm","floor":2,"turns":4},{"damage":1,"enemies":"2 Louse","floor":4,"turns":4},{"damage":5,"enemies":"2 Fungi Beasts","floor":5,"turns":5},{"damage":27,"enemies":"Gremlin Nob","floor":7,"turns":5},{"damage":3,"enemies":"Gremlin Gang","floor":10,"turns":6},{"damage":0,"enemies":"3 Louse","floor":13,"turns":4},{"damage":9,"enemies":"3 Sentries","floor":14,"turns":10},{"damage":9,"enemies":"The Guardian","floor":16,"turns":14},{"damage":3,"enemies":"Chosen","floor":18,"turns":3},{"damage":26,"enemies":"Gremlin Leader","floor":24,"turns":5},{"damage":6,"enemies":"2 Thieves","floor":28,"turns":3},{"damage":6,"enemies":"Sentry and Sphere","floor":29,"turns":7},{"damage":24,"enemies":"Slavers","floor":31,"turns":5},{"damage":74,"enemies":"Collector","floor":33,"turns":11},{"damage":7,"enemies":"3 Darklings","floor":35,"turns":7},{"damage":0,"enemies":"Orb Walker","floor":38,"turns":2},{"damage":16,"enemies":"3 Darklings","floor":39,"turns":4},{"damage":60,"enemies":"Reptomancer","floor":40,"turns":4},{"damage":11,"enemies":"Jaw Worm Horde","floor":44,"turns":3},{"damage":3,"enemies":"Maw","floor":48,"turns":6},{"damage":87,"enemies":"Donu and Deca","floor":50,"turns":9}],"seed_played":"-5550343184853272305","potions_obtained":[{"floor":1,"key":"SteroidPotion"},{"floor":2,"key":"GamblersBrew"},{"floor":5,"key":"Dexterity Potion"},{"floor":10,"key":"Ancient Potion"},{"floor":13,"key":"Fire Potion"},{"floor":24,"key":"EssenceOfSteel"},{"floor":29,"key":"Swift Potion"},{"floor":31,"key":"AttackPotion"},{"floor":35,"key":"Poison Potion"}],"is_trial":false,"path_per_floor":["M","M","$","M","M","R","E","R","T","M","R","$","M","E","R","B",null,"M","?","$","?","?","R","E","R","T","R","M","M","R","E","R","B",null,"M","?","$","M","M","E","?","R","T","M","$","R","?","M","R","B"],"character_chosen":"IRONCLAD","items_purchased":["Flame Barrier","True Grit","Whirlwind","Strength Potion","Bronze Scales","Flex+1"],"campfire_rested":2,"item_purchase_floors":[3,3,20,20,37,45],"current_hp_per_floor":[71,64,64,69,70,70,49,49,59,62,62,62,68,65,65,62,90,90,90,90,90,90,90,70,70,70,70,70,70,70,59,88,20,97,96,96,96,97,87,33,57,57,57,52,52,81,81,84,84,0],"gold":33,"neow_bonus":"RANDOM_COMMON_RELIC","is_prod":false,"is_daily":false,"chose_seed":false,"campfire_upgraded":7,"win_rate":0,"timestamp":1546375252,"path_taken":["M","M","$","M","M","R","E","R","T","?","R","$","M","E","R","BOSS","M","?","$","?","?","R","E","R","T","R","M","M","R","E","R","BOSS","M","?","$","M","?","E","?","R","T","M","$","R","?","M","R","BOSS"],"build_version":"2018-12-20","purchased_purges":1,"victory":false,"max_hp_per_floor":[80,80,80,80,80,80,80,80,90,90,90,90,90,90,90,90,90,90,90,90,90,90,90,90,90,90,90,90,90,90,97,97,97,97,97,97,97,97,97,97,97,97,97,97,97,97,97,97,97,97],"card_choices":[{"not_picked":["Pummel","Havoc"],"picked":"Blood for Blood","floor":1},{"not_picked":["Twin Strike","Anger"],"picked":"Headbutt","floor":2},{"not_picked":["Pummel","Combust"],"picked":"Flame Barrier","floor":4},{"not_picked":["Thunderclap","Pommel Strike"],"picked":"Shrug It Off","floor":5},{"not_picked":["Clothesline","Uppercut"],"picked":"Intimidate","floor":7},{"not_picked":["Twin Strike","Dual Wield"],"picked":"Headbutt","floor":10},{"not_picked":["Perfected Strike","Dropkick"],"picked":"Disarm","floor":13},{"not_picked":["Flex","Anger"],"picked":"Shockwave","floor":14},{"not_picked":["Brutality","Berserk"],"picked":"Bludgeon","floor":16},{"not_picked":["Warcry","Evolve"],"picked":"Sword Boomerang+1","floor":18},{"not_picked":["Flex","Reaper"],"picked":"Uppercut+1","floor":24},{"not_picked":["Evolve","Feel No Pain","Flex"],"picked":"SKIP","floor":28},{"not_picked":["Bloodletting","Shockwave"],"picked":"Armaments","floor":29},{"not_picked":["Power Through","Havoc"],"picked":"Pommel Strike+1","floor":31},{"not_picked":["Juggernaut","Feed+1"],"picked":"Double Tap","floor":33},{"not_picked":["Power Through","Wild Strike+1"],"picked":"Shrug It Off+1","floor":35},{"not_picked":["Anger+1","Perfected Strike+1","Searing Blow+1"],"picked":"SKIP","floor":38},{"not_picked":["Wild Strike+1","Fire Breathing"],"picked":"Carnage+1","floor":39},{"not_picked":["Sword Boomerang+1","Clash+1"],"picked":"Spot Weakness","floor":40},{"not_picked":["Reckless Charge+1","Sever Soul+1","Battle Trance+1"],"picked":"Flame Barrier+1","floor":44},{"not_picked":["Feel No Pain+1","Thunderclap+1","Shrug It Off+1"],"picked":"Heavy Blade+1","floor":48}],"player_experience":123655,"relics_obtained":[{"floor":7,"key":"Girya"},{"floor":9,"key":"Pear"},{"floor":14,"key":"Mercury Hourglass"},{"floor":24,"key":"Omamori"},{"floor":26,"key":"Molten Egg 2"},{"floor":31,"key":"Strawberry"},{"floor":40,"key":"Toxic Egg 2"},{"floor":43,"key":"Question Card"}],"event_choices":[{"damage_healed":0,"gold_gain":0,"player_choice":"Simplicity","damage_taken":0,"max_hp_gain":0,"max_hp_loss":0,"event_name":"Back to Basics","floor":19,"gold_loss":0,"cards_upgraded":["Strike_R","Strike_R","Strike_R","Strike_R","Strike_R","Defend_R","Defend_R","Defend_R","Defend_R"]},{"damage_healed":0,"gold_gain":0,"player_choice":"Obtained Relic","damage_taken":0,"relics_obtained":["Potion Belt"],"max_hp_gain":0,"max_hp_loss":0,"event_name":"Addict","floor":21,"gold_loss":85},{"damage_healed":0,"gold_gain":0,"player_choice":"Ignored","damage_taken":0,"max_hp_gain":0,"max_hp_loss":0,"event_name":"Vampires","floor":22,"gold_loss":0},{"damage_healed":0,"gold_gain":0,"player_choice":"2 cards matched","damage_taken":0,"max_hp_gain":0,"max_hp_loss":0,"event_name":"Match and Keep!","floor":36,"gold_loss":0,"cards_obtained":["Headbutt","Flash of Steel"]},{"damage_healed":24,"gold_gain":0,"player_choice":"Writhe","damage_taken":0,"max_hp_gain":0,"max_hp_loss":0,"event_name":"Winding Halls","floor":41,"gold_loss":0,"cards_obtained":["Writhe"]},{"cards_removed":["Disarm"],"damage_healed":0,"gold_gain":0,"player_choice":"Removed Skill","damage_taken":0,"max_hp_gain":0,"max_hp_loss":0,"event_name":"Falling","floor":47,"gold_loss":0}],"is_beta":false,"boss_relics":[{"not_picked":["Velvet Choker","Eternal Feather"],"picked":"Runic Cube"},{"not_picked":["Empty Cage","Snecko Eye"],"picked":"Mark of Pain"}],"items_purged_floors":[45],"is_endless":false,"potions_floor_spawned":[1,2,5,10,13,24,29,31,35],"killed_by":"Donu and Deca","ascension_level":2}