{"gold_per_floor":[110,120,140,140,153,153,186,186,211,242,254,7,22,43,43,174,174,195,19,19,50,66,107,107,150,150,150,175,175,211,227,227,347,347,365,365,378,711,24,57,73,73,73,88,39,49,75,297,297,297,297,297,101,132,132],"floor_reached":56,"playtime":4682,"items_purged":["Strike_G","Strike_G","Strike_G"],"score":1475,"play_id":"d5872b67-e842-4c28-847f-92ecb5107205","local_time":"20190201214407","is_ascension_mode":true,"campfire_choices":[{"data":"Glass Knife","floor":6,"key":"SMITH"},{"floor":8,"key":"REST"},{"data":"Crippling Poison","floor":11,"key":"SMITH"},{"data":"Leg Sweep","floor":15,"key":"SMITH"},{"data":"Noxious Fumes","floor":24,"key":"SMITH"},{"data":"Catalyst","floor":27,"key":"SMITH"},{"data":"Envenom","floor":29,"key":"SMITH"},{"floor":32,"key":"REST"},{"data":"Wraith Form v2","floor":42,"key":"SMITH"},{"floor":49,"key":"RECALL"},{"data":"Caltrops","floor":52,"key":"SMITH"}],"neow_cost":"NONE","seed_source_timestamp":385377122018700,"circlet_count":0,"master_deck":["Defend_G","Defend_G","Defend_G","Defend_G","Defend_G","Strike_G","Survivor","Neutralize","Glass Knife+1","Crippling Poison+1","Endless Agony","Dagger Spray","Leg Sweep+1","PiercingWail","Dodge and Roll","Catalyst+1","Acrobatics+1","Bullet Time+1","Corpse Explosion+1","Caltrops+1","Deadly Poison+1","Footwork","Bouncing Flask+1","Catalyst+1","Noxious Fumes+1","Flechettes","Envenom+1","Prepared+1","Cloak And Dagger+1","Deadly Poison+1","Wraith Form v2+1","Blade Dance+1","Madness+1","Madness+1","After Image","Poisoned Stab","Caltrops+1","Bouncing Flask+1","Blade Dance+1","Leg Sweep+1","Outmaneuver+1","Malaise+1"],"relics":["Ring of the Serpent","Dream Catcher","Snake Skull","MawBank","Toxic Egg 2","Red Mask","Blood Vial","Bag of Preparation","Unceasing Top","Shuriken","Runic Pyramid","Strange Spoon","Mango","Tough Bandages","Dead Branch","Bottled Flame"],"potions_floor_usage":[7,10,14,23,30,33,50,50,50,54,55],"damage_taken":[{"damage":1,"enemies":"Cultist","floor":1,"turns":4},{"damage":1,"enemies":"Jaw Worm","floor":2,"turns":5},{"damage":0,"enemies":"Small Slimes","floor":3,"turns":3},{"damage":0,"enemies":"2 Fungi Beasts","floor":5,"turns":2},{"damage":14,"enemies":"Lagavulin","floor":7,"turns":5},{"damage":13,"enemies":"Gremlin Nob","floor":10,"turns":3},{"damage":0,"enemies":"3 Louse","floor":13,"turns":3},{"damage":1,"enemies":"Large Slime","floor":14,"turns":6},{"damage":19,"enemies":"Hexaghost","floor":16,"turns":11},{"damage":0,"enemies":"3 Byrds","floor":18,"turns":2},{"damage":5,"enemies":"Masked Bandits","floor":21,"turns":4},{"damage":6,"enemies":"Chosen","floor":22,"turns":4},{"damage":15,"enemies":"Gremlin Leader","floor":23,"turns":6},{"damage":5,"enemies":"Slavers","floor":25,"turns":3},{"damage":9,"enemies":"Centurion and Healer","floor":28,"turns":3},{"damage":10,"enemies":"Gremlin Leader","floor":30,"turns":5},{"damage":0,"enemies":"Snake Plant","floor":31,"turns":3},{"damage":19,"enemies":"Collector","floor":33,"turns":5},{"damage":4,"enemies":"3 Darklings","floor":35,"turns":3},{"damage":1,"enemies":"Orb Walker","floor":37,"turns":4},{"damage":0,"enemies":"Giant Head","floor":40,"turns":8},{"damage":2,"enemies":"Jaw Worm Horde","floor":41,"turns":3},{"damage":16,"enemies":"Sphere and 2 Shapes","floor":44,"turns":5},{"damage":0,"enemies":"4 Shapes","floor":46,"turns":3},{"damage":2,"enemies":"Nemesis","floor":47,"turns":5},{"damage":22,"enemies":"Awakened One","floor":50,"turns":9},{"damage":10,"enemies":"Shield and Spear","floor":54,"turns":6},{"damage":7,"enemies":"The Heart","floor":55,"turns":8}],"seed_played":"3783285001661762436","potions_obtained":[{"floor":1,"key":"SteroidPotion"},{"floor":2,"key":"Explosive Potion"},{"floor":14,"key":"Fruit Juice"},{"floor":22,"key":"AttackPotion"},{"floor":23,"key":"Poison Potion"},{"floor":28,"key":"Swift Potion"},{"floor":33,"key":"EssenceOfSteel"},{"floor":37,"key":"Strength Potion"},{"floor":41,"key":"Poison Potion"},{"floor":54,"key":"GhostInAJar"}],"is_trial":false,"path_per_floor":["M","M","M","?","M","R","E","R","T","E","R","$","M","M","R","B",null,"M","$","?","?","M","E","R","E","T","R","M","R","E","M","R","B",null,"M","?","M","?","$","E","M","R","T","M","$","M","E","?","R","B",null,"R","$","E","B",null],"character_chosen":"THE_SILENT","items_purchased":["Toxic Egg 2","Deadly Poison+1","Footwork","Strange Spoon","Mango","Poisoned Stab","Caltrops","Energy Potion","GamblersBrew"],"campfire_rested":2,"item_purchase_floors":[12,19,19,39,39,39,39,45,53],"current_hp_per_floor":[69,68,68,51,51,51,37,58,58,45,45,45,45,49,49,30,75,75,75,75,70,64,49,49,46,46,46,39,39,31,33,55,38,75,71,62,63,63,77,79,79,79,79,65,65,67,67,67,67,47,89,89,89,79,74],"gold":132,"neow_bonus":"ONE_RANDOM_RARE_CARD","is_prod":false,"is_daily":false,"chose_seed":false,"campfire_upgraded":8,"win_rate":0,"timestamp":1549053847,"path_taken":["M","?","M","?","M","R","E","R","T","E","R","$","M","M","R","BOSS","M","$","?","?","M","E","R","E","T","R","M","R","E","M","R","BOSS","M","?","M","?","?","E","M","R","T","M","$","M","E","?","R","BOSS","R","$","E","BOSS"],"build_version":"2019-01-23","purchased_purges":3,"victory":true,"max_hp_per_floor":[70,70,70,70,70,70,70,70,70,70,70,70,70,75,75,75,75,75,75,75,75,75,75,75,75,75,75,75,75,75,75,75,75,75,75,75,75,75,89,89,89,89,89,89,89,89,89,89,89,89,89,89,89,89,89],"card_choices":[{"not_picked":["Cloak And Dagger","Escape Plan"],"picked":"Crippling Poison","floor":1},{"not_picked":["PiercingWail","Deflect"],"picked":"Endless Agony","floor":2},{"not_picked":["Deflect","Deadly Poison"],"picked":"Dagger Spray","floor":3},{"not_picked":["Setup","Escape Plan"],"picked":"Leg Sweep","floor":5},{"not_picked":["Deflect","Slice"],"picked":"PiercingWail","floor":7},{"not_picked":["Calculated Gamble","Dagger Spray"],"picked":"Dodge and Roll","floor":8},{"not_picked":["Escape Plan","Predator"],"picked":"Catalyst","floor":10},{"not_picked":["Dagger Spray","Eviscerate"],"picked":"Acrobatics+1","floor":13},{"not_picked":["Terror+1","Predator"],"picked":"Bullet Time+1","floor":14},{"not_picked":["Burst+1","Phantasmal Killer+1"],"picked":"Corpse Explosion+1","floor":16},{"not_picked":["Dagger Spray","Slice+1"],"picked":"Caltrops+1","floor":18},{"not_picked":["Heel Hook","Escape Plan+1"],"picked":"Bouncing Flask+1","floor":21},{"not_picked":["All Out Attack+1","Outmaneuver+1"],"picked":"Catalyst+1","floor":22},{"not_picked":["Choke","Sucker Punch"],"picked":"Noxious Fumes","floor":23},{"not_picked":["Masterful Stab","Reflex+1"],"picked":"Flechettes","floor":25},{"not_picked":["Cloak And Dagger+1","Quick Slash+1"],"picked":"Envenom","floor":28},{"not_picked":["Underhanded Strike","Finisher"],"picked":"Prepared+1","floor":30},{"not_picked":["Slice","Storm of Steel+1"],"picked":"Cloak And Dagger+1","floor":31},{"not_picked":["Outmaneuver+1","Accuracy+1"],"picked":"Deadly Poison+1","floor":32},{"not_picked":["Venomology+1","Adrenaline+1"],"picked":"Wraith Form v2","floor":33},{"not_picked":["Dodge and Roll+1","Outmaneuver+1"],"picked":"Blade Dance+1","floor":35},{"not_picked":["Well Laid Plans","PiercingWail+1"],"picked":"After Image","floor":37},{"not_picked":["Outmaneuver+1","Setup+1"],"picked":"Bouncing Flask+1","floor":40},{"not_picked":["Dodge and Roll+1","Eviscerate"],"picked":"Blade Dance+1","floor":41},{"not_picked":["Acrobatics+1","Slice+1","PiercingWail+1"],"picked":"SKIP","floor":44},{"not_picked":["Backflip+1","Deflect+1"],"picked":"Leg Sweep+1","floor":46},{"not_picked":["Backflip+1","Distraction+1"],"picked":"Outmaneuver+1","floor":47},{"not_picked":["Dodge and Roll+1","Noxious Fumes"],"picked":"Malaise+1","floor":54}],"player_experience":219201,"relics_obtained":[{"floor":7,"key":"Dream Catcher"},{"floor":9,"key":"Snake Skull"},{"floor":10,"key":"MawBank"},{"floor":21,"key":"Red Mask"},{"floor":23,"key":"Blood Vial"},{"floor":25,"key":"Bag of Preparation"},{"floor":26,"key":"Unceasing Top"},{"floor":30,"key":"Shuriken"},{"floor":40,"key":"Tough Bandages"},{"floor":47,"key":"Dead Branch"},{"floor":54,"key":"Bottled Flame"}],"event_choices":[{"damage_healed":0,"gold_gain":0,"player_choice":"Take Damage","damage_taken":17,"relics_obtained":["Golden Idol"],"max_hp_gain":0,"max_hp_loss":0,"event_name":"Golden Idol","floor":4,"gold_loss":0},{"cards_removed":["Strike_G"],"damage_healed":0,"gold_gain":0,"player_choice":"Elegance","damage_taken":0,"max_hp_gain":0,"max_hp_loss":0,"event_name":"Back to Basics","floor":20,"gold_loss":0},{"damage_healed":0,"gold_gain":0,"player_choice":"Fought Bandits","damage_taken":0,"max_hp_gain":0,"max_hp_loss":0,"event_name":"Masked Bandits","floor":21,"gold_loss":0},{"damage_healed":0,"gold_gain":0,"player_choice":"Embrace Madness","damage_taken":9,"max_hp_gain":0,"max_hp_loss":0,"event_name":"Winding Halls","floor":36,"gold_loss":0,"cards_obtained":["Madness","Madness"]},{"damage_healed":0,"gold_gain":333,"player_choice":"Gave Idol","damage_taken":0,"max_hp_gain":0,"max_hp_loss":0,"event_name":"The Moai Head","floor":38,"relics_lost":["Golden Idol"],"gold_loss":0},{"damage_healed":0,"gold_gain":222,"player_choice":"Wore Mask","damage_taken":0,"max_hp_gain":0,"max_hp_loss":0,"event_name":"Tomb of Lord Red Mask","floor":48,"gold_loss":0}],"is_beta":false,"boss_relics":[{"not_picked":["Fusion Hammer","Coffee Dripper"],"picked":"Ring of the Serpent"},{"not_picked":["Cursed Key","Snecko Eye"],"picked":"Runic Pyramid"}],"items_purged_floors":[19,39,53],"is_endless":false,"potions_floor_spawned":[1,2,14,22,23,28,33,37,41,44,46,54],"ascension_level":3}