{"gold_per_floor":[116,27,27,45,62,62,97,110,187,214,239,112,125,157,157,234,234,251,265,265,276,291,291,305,334,404,404,404,438,438,465,465,539,539,553,5,5,0,47,47,47,81,81,81,116,216,247,269,281,293,305,317,12,47,47],"floor_reached":55,"playtime":2006,"items_purged":["Strike_R"],"score":1562,"play_id":"c0cb2126-f7f7-4dfa-971c-c65f3080cc50","local_time":"20190807220805","is_ascension_mode":true,"campfire_choices":[{"data":"Inflame","floor":6.0,"key":"SMITH"},{"data":"Armaments","floor":15.0,"key":"SMITH"},{"data":"Heavy Blade","floor":23.0,"key":"SMITH"},{"data":"Offering","floor":27.0,"key":"SMITH"},{"floor":32.0,"key":"REST"},{"data":"Feed","floor":40.0,"key":"SMITH"},{"floor":41.0,"key":"RECALL"},{"data":"1","floor":49.0,"key":"LIFT"},{"floor":52.0,"key":"REST"}],"neow_cost":"NONE","seed_source_timestamp":2432484630124391,"circlet_count":0,"master_deck":["AscendersBane","Strike_R","Strike_R","Strike_R","Defend_R","Defend_R","Defend_R","Defend_R","Bash","Inflame+1","Sword Boomerang","Inflame","Anger","Cleave","Armaments+1","Impervious","Rage","Heavy Blade+1","Offering+1","True Grit+1","Whirlwind+1","Shrug It Off","Metallicize","Necronomicurse","Headbutt","Feed+1","Demon Form","Barricade","Apotheosis+1","Uppercut","Impervious","Battle Trance+1","Flame Barrier"],"special_seed":0,"relics":["Burning Blood","WingedGreaves","Self Forming Clay","Bronze Scales","Mummified Hand","Velvet Choker","Kunai","Bottled Lightning","Necronomicon","Happy Flower","Centennial Puzzle","Snecko Eye","Medical Kit","Red Mask","Ginger","Darkstone Periapt","Girya","Peace Pipe","MawBank","Oddly Smooth Stone","War Paint"],"potions_floor_usage":[55,55],"damage_taken":[{"damage":2.0,"enemies":"2 Louse","floor":1.0,"turns":3.0},{"damage":1.0,"enemies":"Cultist","floor":4.0,"turns":4.0},{"damage":17.0,"enemies":"Small Slimes","floor":5.0,"turns":4.0},{"damage":20.0,"enemies":"Gremlin Nob","floor":7.0,"turns":4.0},{"damage":17.0,"enemies":"Looter","floor":8.0,"turns":3.0},{"damage":17.0,"enemies":"Lagavulin","floor":10.0,"turns":6.0},{"damage":9.0,"enemies":"3 Sentries","floor":11.0,"turns":4.0},{"damage":1.0,"enemies":"2 Fungi Beasts","floor":13.0,"turns":3.0},{"damage":15.0,"enemies":"Gremlin Nob","floor":14.0,"turns":4.0},{"damage":9.0,"enemies":"Slime Boss","floor":16.0,"turns":5.0},{"damage":6.0,"enemies":"Shell Parasite","floor":18.0,"turns":3.0},{"damage":12.0,"enemies":"Spheric Guardian","floor":19.0,"turns":4.0},{"damage":9.0,"enemies":"Shelled Parasite and Fungi","floor":21.0,"turns":3.0},{"damage":8.0,"enemies":"Cultist and Chosen","floor":22.0,"turns":4.0},{"damage":3.0,"enemies":"Centurion and Healer","floor":24.0,"turns":4.0},{"damage":6.0,"enemies":"Gremlin Leader","floor":25.0,"turns":4.0},{"damage":12.0,"enemies":"Book of Stabbing","floor":29.0,"turns":4.0},{"damage":10.0,"enemies":"Gremlin Leader","floor":31.0,"turns":3.0},{"damage":28.0,"enemies":"Collector","floor":33.0,"turns":6.0},{"damage":6.0,"enemies":"Orb Walker","floor":35.0,"turns":3.0},{"damage":13.0,"enemies":"2 Orb Walkers","floor":39.0,"turns":4.0},{"damage":44.0,"enemies":"Reptomancer","floor":42.0,"turns":6.0},{"damage":6.0,"enemies":"Giant Head","floor":45.0,"turns":7.0},{"damage":0.0,"enemies":"Mind Bloom Boss Battle","floor":46.0,"turns":4.0},{"damage":6.0,"enemies":"Nemesis","floor":47.0,"turns":9.0},{"damage":0.0,"enemies":"3 Shapes","floor":48.0,"turns":1.0},{"damage":39.0,"enemies":"Donu and Deca","floor":50.0,"turns":7.0},{"damage":62.0,"enemies":"Shield and Spear","floor":54.0,"turns":6.0},{"damage":48,"enemies":"The Heart","floor":55,"turns":5}],"seed_played":"5904407591579836272","potions_obtained":[{"floor":4.0,"key":"LiquidBronze"},{"floor":5.0,"key":"SpeedPotion"},{"floor":10.0,"key":"PowerPotion"},{"floor":16.0,"key":"Swift Potion"},{"floor":18.0,"key":"Strength Potion"},{"floor":24.0,"key":"Swift Potion"},{"floor":29.0,"key":"SteroidPotion"},{"floor":35.0,"key":"EssenceOfSteel"},{"floor":42.0,"key":"Swift Potion"}],"is_trial":false,"path_per_floor":["M","$","?","M","M","R","E","M","T","E","E","$","M","E","R","B",null,"M","M","$","M","M","R","M","E","T","R","?","E","?","E","R","B",null,"M","$","?","?","?","R","R","E","T","?","E","?","E","M","R","B",null,"R","$","E","B"],"character_chosen":"IRONCLAD","items_purchased":["Inflame","Sword Boomerang","SkillPotion","Barricade","Apotheosis","Medical Kit","Uppercut","PowerPotion","Oddly Smooth Stone","Ancient Potion","Battle Trance"],"campfire_rested":2,"item_purchase_floors":[2,2,12,36,36,36,36,53,53,53,53],"current_hp_per_floor":[79,79,79,82,71,71,57,46,46,35,32,32,37,28,28,25,68,68,62,62,59,57,57,60,60,60,60,39,33,33,29,53,31,69,72,72,72,72,68,68,68,34,34,34,38,44,44,54,54,21,77,96,96,40,0],"gold":47,"neow_bonus":"TEN_PERCENT_HP_BONUS","is_prod":false,"is_daily":false,"chose_seed":false,"campfire_upgraded":5,"win_rate":0,"timestamp":1565230085,"path_taken":["M","$","?","M","M","R","E","M","T","E","E","$","M","E","R","BOSS","M","M","?","M","M","R","M","E","T","R","?","E","?","E","R","BOSS","M","$","?","?","?","R","R","E","T","?","E","?","E","M","R","BOSS","R","$","E","BOSS"],"build_version":"2019-07-17","purchased_purges":1,"victory":false,"max_hp_per_floor":[82,82,82,82,82,82,82,82,82,82,82,82,82,82,82,82,82,82,82,82,82,82,82,82,82,82,82,82,82,82,82,82,82,82,85,85,81,81,84,84,84,88,88,88,92,92,92,96,96,96,96,96,96,96,96],"card_choices":[{"not_picked":["Havoc","Wild Strike","Evolve"],"picked":"SKIP","floor":1.0},{"not_picked":["Headbutt","Ghostly Armor"],"picked":"Inflame","floor":4.0},{"not_picked":["Rupture","Blood for Blood","Iron Wave"],"picked":"SKIP","floor":5.0},{"not_picked":["Dual Wield","Havoc"],"picked":"Anger","floor":7.0},{"not_picked":["Warcry","Reckless Charge"],"picked":"Cleave","floor":8.0},{"not_picked":["Wild Strike","Burning Pact"],"picked":"Armaments","floor":10.0},{"not_picked":["Sentinel","Pommel Strike"],"picked":"Impervious","floor":11.0},{"not_picked":["Perfected Strike","Reckless Charge"],"picked":"Rage","floor":13.0},{"not_picked":["Clash","Warcry"],"picked":"Heavy Blade","floor":14.0},{"not_picked":["Limit Break","Demon Form"],"picked":"Offering","floor":16.0},{"not_picked":["Metallicize","Pommel Strike"],"picked":"True Grit+1","floor":18.0},{"not_picked":["Body Slam","Perfected Strike","Pommel Strike"],"picked":"SKIP","floor":19.0},{"not_picked":["Dropkick","Rampage","Rupture"],"picked":"SKIP","floor":21.0},{"not_picked":["Pommel Strike","Body Slam"],"picked":"Whirlwind+1","floor":22.0},{"not_picked":["Rage","Searing Blow"],"picked":"Shrug It Off","floor":24.0},{"not_picked":["Burning Pact","Fire Breathing"],"picked":"Metallicize","floor":25.0},{"not_picked":["Sword Boomerang","Anger"],"picked":"Headbutt","floor":29.0},{"not_picked":["Warcry","Pommel Strike"],"picked":"Feed","floor":31.0},{"not_picked":["Feed","Fiend Fire"],"picked":"Demon Form","floor":33.0},{"not_picked":["Cleave","Anger","Headbutt"],"picked":"SKIP","floor":35.0},{"not_picked":["Combust","Dual Wield"],"picked":"Impervious","floor":42.0},{"not_picked":["Cleave","Thunderclap","Brutality"],"picked":"SKIP","floor":45.0},{"not_picked":["Clash+1","Twin Strike","Inflame"],"picked":"SKIP","floor":47.0},{"not_picked":["Whirlwind","Headbutt","Blood for Blood"],"picked":"SKIP","floor":48.0},{"not_picked":["Shockwave","Seeing Red+1"],"picked":"Flame Barrier","floor":54.0}],"player_experience":2645952,"relics_obtained":[{"floor":7.0,"key":"WingedGreaves"},{"floor":9.0,"key":"Self Forming Clay"},{"floor":10.0,"key":"Bronze Scales"},{"floor":14.0,"key":"Mummified Hand"},{"floor":25.0,"key":"Kunai"},{"floor":26.0,"key":"Bottled Lightning"},{"floor":28.0,"key":"Necronomicon"},{"floor":29.0,"key":"Happy Flower"},{"floor":31.0,"key":"Centennial Puzzle"},{"floor":39.0,"key":"Ginger"},{"floor":42.0,"key":"Darkstone Periapt"},{"floor":45.0,"key":"Girya"},{"floor":46.0,"key":"Peace Pipe"},{"floor":47.0,"key":"MawBank"},{"floor":54.0,"key":"War Paint"}],"event_choices":[{"cards_removed":["Strike_R"],"damage_healed":0.0,"max_hp_gain":0.0,"max_hp_loss":0.0,"gold_gain":0.0,"event_name":"Bonfire Elementals","player_choice":"Offered Basic","floor":3.0,"gold_loss":0.0,"damage_taken":0.0},{"damage_healed":0.0,"max_hp_gain":0.0,"max_hp_loss":0.0,"gold_gain":0.0,"event_name":"Cursed Tome","player_choice":"Obtained Book","floor":28.0,"gold_loss":0.0,"damage_taken":21.0},{"damage_healed":0.0,"max_hp_gain":0.0,"max_hp_loss":0.0,"gold_gain":0.0,"event_name":"Vampires","player_choice":"Ignored","floor":30.0,"gold_loss":0.0,"damage_taken":0.0},{"damage_healed":0.0,"max_hp_gain":0.0,"max_hp_loss":4.0,"gold_gain":0.0,"event_name":"Winding Halls","player_choice":"Max HP","floor":37.0,"gold_loss":0.0,"damage_taken":0.0},{"damage_healed":0.0,"max_hp_gain":0.0,"max_hp_loss":0.0,"gold_gain":0.0,"event_name":"Tomb of Lord Red Mask","player_choice":"Paid","floor":38.0,"gold_loss":5.0,"damage_taken":0.0,"relics_obtained":["Red Mask"]},{"damage_healed":0.0,"max_hp_gain":0.0,"max_hp_loss":0.0,"gold_gain":0.0,"event_name":"Mysterious Sphere","player_choice":"Fight","floor":39.0,"gold_loss":0.0,"damage_taken":0.0},{"damage_healed":0.0,"max_hp_gain":0.0,"max_hp_loss":0.0,"gold_gain":0.0,"event_name":"The Moai Head","player_choice":"Ignored","floor":44.0,"gold_loss":0.0,"damage_taken":0.0},{"damage_healed":0.0,"max_hp_gain":0.0,"max_hp_loss":0.0,"gold_gain":0.0,"event_name":"MindBloom","player_choice":"Fight","floor":46.0,"gold_loss":0.0,"damage_taken":0.0}],"is_beta":false,"boss_relics":[{"not_picked":["Tiny House","Orrery"],"picked":"Velvet Choker"},{"not_picked":["Lizard Tail","Busted Crown"],"picked":"Snecko Eye"}],"items_purged_floors":[12],"is_endless":false,"potions_floor_spawned":[4,5,10,14,16,18,24,29,31,35,42,45],"killed_by":"The Heart","ascension_level":15}