{"gold_per_floor":[109,109,259,109,130,165,165,199,199,233,247,247,247,283,283,381,381,406,406,59,59,59,97,110,150,173,187,211,94,129,150,150,249,249,267,288,288,307,363,403,403,437,511,511,844,844,206,217,217,217,217,217,17,44,44],"floor_reached":56,"playtime":3676,"items_purged":["Doubt","Strike_G","Strike_G"],"score":2693,"play_id":"bdee1f55-36a8-4995-bd8b-635a762d3d94","local_time":"20190810010656","is_ascension_mode":true,"campfire_choices":[{"data":"Footwork","floor":7.0,"key":"SMITH"},{"data":"Cloak And Dagger","floor":15.0,"key":"SMITH"},{"data":"Burst","floor":32.0,"key":"SMITH"},{"floor":41.0,"key":"RECALL"},{"data":"Cloak And Dagger","floor":46,"key":"SMITH"},{"data":"Noxious Fumes","floor":49,"key":"SMITH"},{"data":"Well Laid Plans","floor":52,"key":"SMITH"}],"neow_cost":"NONE","seed_source_timestamp":2614477534212787,"circlet_count":0,"master_deck":["AscendersBane","Strike_G","Defend_G","Defend_G","Defend_G","Defend_G+1","Defend_G","Survivor","Neutralize+1","Footwork+1","Predator","Terror","Backstab","Backstab","Cloak And Dagger+1","Burst+1","Venomology","Leg Sweep+1","Ghostly","Ghostly","Ghostly","Acrobatics","Acrobatics","Cloak And Dagger+1","Adrenaline","Dagger Throw","Backflip","Well Laid Plans+1","PiercingWail","Corpse Explosion","Blur","Choke","Die Die Die","Noxious Fumes+1","Infinite Blades","Blur","Leg Sweep","Adrenaline","PiercingWail","Dodge and Roll"],"special_seed":0,"relics":["Ring of the Snake","NeowsBlessing","Dodecahedron","Kunai","Bag of Preparation","The Courier","Singing Bowl","Coffee Dripper","Bottled Lightning","Snake Skull","Turnip","Art of War","Orichalcum","Gambling Chip","Eternal Feather","Mango","Happy Flower","Lantern","Membership Card","Paper Crane","Bird Faced Urn","Bronze Scales","War Paint","Oddly Smooth Stone","Vajra"],"potions_floor_usage":[50,55,55,55],"damage_taken":[{"damage":0.0,"enemies":"2 Louse","floor":1.0,"turns":1.0},{"damage":0.0,"enemies":"Small Slimes","floor":5.0,"turns":1.0},{"damage":0.0,"enemies":"Gremlin Nob","floor":6.0,"turns":1.0},{"damage":8.0,"enemies":"Lagavulin","floor":8.0,"turns":8.0},{"damage":22.0,"enemies":"3 Sentries","floor":10.0,"turns":12.0},{"damage":0.0,"enemies":"Cultist","floor":11.0,"turns":2.0},{"damage":2.0,"enemies":"Lagavulin","floor":14.0,"turns":7.0},{"damage":0.0,"enemies":"The Guardian","floor":16.0,"turns":12.0},{"damage":0.0,"enemies":"Chosen","floor":18.0,"turns":5.0},{"damage":0.0,"enemies":"Book of Stabbing","floor":23.0,"turns":7.0},{"damage":0.0,"enemies":"Shell Parasite","floor":24.0,"turns":5.0},{"damage":48.0,"enemies":"Gremlin Leader","floor":25.0,"turns":12.0},{"damage":0.0,"enemies":"Cultist and Chosen","floor":27.0,"turns":10.0},{"damage":3.0,"enemies":"Chosen and Byrds","floor":28.0,"turns":8.0},{"damage":0.0,"enemies":"Book of Stabbing","floor":30.0,"turns":9.0},{"damage":9.0,"enemies":"3 Cultists","floor":31.0,"turns":8.0},{"damage":0.0,"enemies":"Collector","floor":33.0,"turns":7.0},{"damage":0.0,"enemies":"Orb Walker","floor":35.0,"turns":4.0},{"damage":0.0,"enemies":"3 Shapes","floor":36.0,"turns":6.0},{"damage":0.0,"enemies":"Sphere and 2 Shapes","floor":38.0,"turns":6.0},{"damage":0.0,"enemies":"2 Orb Walkers","floor":39.0,"turns":4.0},{"damage":0.0,"enemies":"Reptomancer","floor":40.0,"turns":6.0},{"damage":0,"enemies":"Giant Head","floor":42,"turns":10},{"damage":0,"enemies":"Writhing Mass","floor":48,"turns":7},{"damage":0,"enemies":"Time Eater","floor":50,"turns":15},{"damage":0,"enemies":"Shield and Spear","floor":54,"turns":5},{"damage":20,"enemies":"The Heart","floor":55,"turns":11}],"seed_played":"2579866690312708253","potions_obtained":[{"floor":1.0,"key":"Poison Potion"},{"floor":8.0,"key":"Block Potion"},{"floor":23.0,"key":"SteroidPotion"},{"floor":27.0,"key":"Regen Potion"},{"floor":30.0,"key":"PowerPotion"},{"floor":35.0,"key":"SkillPotion"},{"floor":40.0,"key":"SneckoOil"}],"is_trial":false,"path_per_floor":["M","?","?","$","M","E","R","E","T","E","M","?","?","E","R","B",null,"M","?","$","?","?","E","M","E","T","M","M","$","E","M","R","B",null,"M","M","?","M","?","E","R","E","T","?","?","R","$","M","R","B",null,"R","$","E","B",null],"character_chosen":"THE_SILENT","items_purchased":["Predator","Bottled Lightning","Acrobatics","Acrobatics","Backflip","Well Laid Plans","SteroidPotion","Membership Card","Paper Crane","Bird Faced Urn","Bronze Scales","Noxious Fumes","Infinite Blades","Blur","Leg Sweep","Adrenaline","PiercingWail","War Paint","Oddly Smooth Stone","PowerPotion"],"campfire_rested":0,"item_purchase_floors":[4,20,20,20,29,29,29,47,47,47,47,47,47,47,47,47,47,53,53,53],"current_hp_per_floor":[59,59,59,59,59,59,59,51,51,29,29,22,22,20,20,20,50,50,30,30,30,30,32,34,3,3,5,17,17,19,10,10,10,31,33,33,33,35,49,51,58,60,60,60,60,60,60,60,60,60,60,60,60,62,44],"gold":44,"neow_bonus":"THREE_ENEMY_KILL","is_prod":false,"is_daily":false,"chose_seed":false,"campfire_upgraded":6,"win_rate":0,"timestamp":1565413616,"path_taken":["M","?","?","$","M","E","R","E","T","E","M","?","?","E","R","BOSS","M","?","$","?","?","E","M","E","T","?","M","$","E","M","R","BOSS","M","M","?","?","?","E","R","E","T","?","?","R","$","M","R","BOSS","R","$","E","BOSS"],"build_version":"2019-07-17","purchased_purges":3,"victory":true,"max_hp_per_floor":[66,60,60,60,60,60,60,60,60,60,60,60,60,60,60,60,60,60,30,30,30,30,32,34,34,34,36,36,36,38,38,38,38,38,40,40,40,42,56,58,58,60,60,60,60,60,60,60,60,60,60,60,60,62,62],"card_choices":[{"not_picked":["Quick Slash","Blade Dance"],"picked":"Footwork","floor":1.0},{"not_picked":["Slice","Dagger Throw"],"picked":"Terror","floor":5.0},{"not_picked":["Masterful Stab","Cloak And Dagger"],"picked":"Backstab","floor":6.0},{"not_picked":["Concentrate","Deflect","Calculated Gamble"],"picked":"SKIP","floor":8.0},{"not_picked":["Catalyst","Poisoned Stab"],"picked":"Backstab","floor":10.0},{"not_picked":["Dodge and Roll","Crippling Poison"],"picked":"Cloak And Dagger","floor":11.0},{"not_picked":["Footwork","Masterful Stab"],"picked":"Burst","floor":14.0},{"not_picked":["Night Terror","Storm of Steel"],"picked":"Venomology","floor":16.0},{"not_picked":["Bane+1","Blade Dance"],"picked":"Leg Sweep","floor":18.0},{"not_picked":["Eviscerate","Backstab","Prepared"],"picked":"Singing Bowl","floor":23.0},{"not_picked":["Poisoned Stab","Reflex","Dagger Spray"],"picked":"Singing Bowl","floor":24.0},{"not_picked":["Backstab","Expertise"],"picked":"Adrenaline","floor":25.0},{"not_picked":["Flying Knee","Concentrate+1","Distraction"],"picked":"Singing Bowl","floor":27.0},{"not_picked":["Catalyst+1","Flying Knee"],"picked":"Dagger Throw","floor":28.0},{"not_picked":["Sucker Punch","Dagger Spray","Calculated Gamble"],"picked":"Singing Bowl","floor":30.0},{"not_picked":["Bouncing Flask","Cloak And Dagger"],"picked":"PiercingWail","floor":31.0},{"not_picked":["Doppelganger","Venomology"],"picked":"Corpse Explosion","floor":33.0},{"not_picked":["Slice+1","All Out Attack+1","Deflect"],"picked":"Singing Bowl","floor":35.0},{"not_picked":["Deadly Poison","Leg Sweep+1"],"picked":"Blur","floor":36.0},{"not_picked":["Acrobatics","Skewer","Outmaneuver"],"picked":"Singing Bowl","floor":38.0},{"not_picked":["Heel Hook","Quick Slash+1"],"picked":"Die Die Die","floor":39.0},{"not_picked":["Doppelganger","Acrobatics","Accuracy"],"picked":"Singing Bowl","floor":40.0},{"not_picked":["Catalyst+1","Well Laid Plans","Footwork"],"picked":"Singing Bowl","floor":42},{"not_picked":["Bane+1","Sucker Punch"],"picked":"Dodge and Roll","floor":48},{"not_picked":["Blade Dance","Distraction","Skewer"],"picked":"Singing Bowl","floor":54}],"player_experience":2659299,"relics_obtained":[{"floor":6.0,"key":"Dodecahedron"},{"floor":8.0,"key":"Kunai"},{"floor":9.0,"key":"Bag of Preparation"},{"floor":10.0,"key":"The Courier"},{"floor":14.0,"key":"Singing Bowl"},{"floor":23.0,"key":"Turnip"},{"floor":25.0,"key":"Art of War"},{"floor":26.0,"key":"Orichalcum"},{"floor":30.0,"key":"Gambling Chip"},{"floor":39.0,"key":"Mango"},{"floor":40.0,"key":"Happy Flower"},{"floor":42,"key":"Lantern"},{"floor":54,"key":"Vajra"}],"event_choices":[{"damage_healed":0.0,"max_hp_gain":0.0,"max_hp_loss":6.0,"gold_gain":0.0,"event_name":"Golden Idol","player_choice":"Lose Max HP","floor":2.0,"gold_loss":0.0,"damage_taken":0.0,"relics_obtained":["Golden Idol"]},{"damage_healed":0.0,"max_hp_gain":0.0,"max_hp_loss":0.0,"gold_gain":150.0,"event_name":"Liars Game","player_choice":"AGREE","floor":3.0,"gold_loss":0.0,"damage_taken":0.0,"cards_obtained":["Doubt"]},{"cards_removed":["Strike_G"],"damage_healed":0.0,"max_hp_gain":0.0,"max_hp_loss":0.0,"gold_gain":0.0,"event_name":"Golden Wing","player_choice":"Card Removal","floor":12.0,"gold_loss":0.0,"damage_taken":7.0},{"damage_healed":0.0,"max_hp_gain":0.0,"max_hp_loss":0.0,"gold_gain":0.0,"event_name":"Living Wall","player_choice":"Grow","floor":13.0,"gold_loss":0.0,"damage_taken":0.0,"cards_upgraded":["Neutralize"]},{"damage_healed":0.0,"max_hp_gain":0.0,"max_hp_loss":30.0,"gold_gain":0.0,"event_name":"Ghosts","player_choice":"Became a Ghost","floor":19.0,"gold_loss":0.0,"damage_taken":0.0,"cards_obtained":["Ghostly","Ghostly","Ghostly"]},{"damage_healed":0.0,"max_hp_gain":0.0,"max_hp_loss":0.0,"gold_gain":0.0,"event_name":"The Library","player_choice":"Read","floor":21.0,"gold_loss":0.0,"damage_taken":0.0,"cards_obtained":["Cloak And Dagger"]},{"damage_healed":0.0,"max_hp_gain":0.0,"max_hp_loss":0.0,"gold_gain":0.0,"event_name":"WeMeetAgain","player_choice":"Gave Potion","floor":22.0,"gold_loss":0.0,"damage_taken":0.0,"relics_obtained":["Snake Skull"]},{"damage_healed":0.0,"max_hp_gain":0.0,"max_hp_loss":0.0,"gold_gain":0.0,"cards_transformed":["Strike_G"],"event_name":"Transmorgrifier","player_choice":"Transformed","floor":37.0,"gold_loss":0.0,"damage_taken":0.0,"cards_obtained":["Choke"]},{"damage_healed":0.0,"max_hp_gain":0.0,"max_hp_loss":0.0,"gold_gain":0.0,"event_name":"Mysterious Sphere","player_choice":"Fight","floor":39.0,"gold_loss":0.0,"damage_taken":0.0},{"damage_healed":0,"gold_gain":0,"player_choice":"Ignored","damage_taken":0,"max_hp_gain":0,"max_hp_loss":0,"event_name":"Tomb of Lord Red Mask","floor":44,"gold_loss":0},{"damage_healed":0,"gold_gain":333,"player_choice":"Gave Idol","damage_taken":0,"max_hp_gain":0,"max_hp_loss":0,"event_name":"The Moai Head","floor":45,"relics_lost":["Golden Idol"],"gold_loss":0}],"is_beta":false,"boss_relics":[{"not_picked":["Ectoplasm","Busted Crown"],"picked":"Coffee Dripper"},{"not_picked":["Runic Pyramid","WristBlade"],"picked":"Eternal Feather"}],"items_purged_floors":[4,20,53],"is_endless":false,"potions_floor_spawned":[1,8,10,16,18,23,27,30,35,40,42],"ascension_level":15}