{"gold_per_floor":[109,123,135,135,152,152,165,165,165,193,223,223,235,246,246,351,351,369,369,387,401,58,72,105,105,105,105,122,140,55,67,67,164,164,177,87,105,105,120,120,131,131,158,158],"floor_reached":44,"playtime":2500,"items_purged":["Clumsy"],"score":436,"play_id":"4512e781-a13f-41f5-9b0e-00469ada3fc6","local_time":"20190117223158","is_ascension_mode":false,"campfire_choices":[{"data":"Juggernaut","floor":6,"key":"SMITH"},{"data":"Bash","floor":8,"key":"SMITH"},{"floor":12,"key":"REST"},{"data":"Body Slam","floor":15,"key":"SMITH"},{"data":"Rage","floor":27,"key":"SMITH"},{"floor":32,"key":"REST"},{"data":"Iron Wave","floor":40,"key":"SMITH"},{"floor":42,"key":"REST"}],"neow_cost":"CURSE","seed_source_timestamp":92656769679600,"circlet_count":0,"master_deck":["Strike_R","Strike_R","Strike_R","Strike_R","Defend_R","Defend_R","Defend_R","Defend_R","Bash+1","Juggernaut+1","Iron Wave+1","Cleave","Clothesline","Body Slam+1","Sentinel","Offering","Demon Form+1","Ghostly Armor","Iron Wave","Headbutt","Limit Break","Body Slam","Clothesline+1","Iron Wave+1","Heavy Blade","Rage+1","Rage","Flex+1","Ghostly Armor+1","Intimidate+1","Bludgeon","Twin Strike+1","Body Slam","Juggernaut+1"],"relics":["Burning Blood","Mummified Hand","Singing Bowl","Odd Mushroom","Velvet Choker","Gremlin Horn","Meat on the Bone","Oddly Smooth Stone","Toxic Egg 2","Regal Pillow","Runic Pyramid","Bag of Marbles"],"potions_floor_usage":[10,24,24,28,28,31],"damage_taken":[{"damage":2,"enemies":"2 Louse","floor":1,"turns":3},{"damage":0,"enemies":"Small Slimes","floor":2,"turns":4},{"damage":13,"enemies":"Jaw Worm","floor":3,"turns":4},{"damage":13,"enemies":"3 Louse","floor":5,"turns":3},{"damage":15,"enemies":"Large Slime","floor":7,"turns":8},{"damage":16,"enemies":"Gremlin Nob","floor":10,"turns":4},{"damage":30,"enemies":"The Mushroom Lair","floor":11,"turns":5},{"damage":6,"enemies":"Lots of Slimes","floor":13,"turns":4},{"damage":0,"enemies":"2 Fungi Beasts","floor":14,"turns":3},{"damage":16,"enemies":"The Guardian","floor":16,"turns":8},{"damage":6,"enemies":"3 Byrds","floor":18,"turns":4},{"damage":22,"enemies":"2 Thieves","floor":20,"turns":4},{"damage":2,"enemies":"Snecko","floor":21,"turns":5},{"damage":6,"enemies":"Cultist and Chosen","floor":23,"turns":6},{"damage":42,"enemies":"Slavers","floor":24,"turns":6},{"damage":1,"enemies":"Shelled Parasite and Fungi","floor":28,"turns":3},{"damage":23,"enemies":"Snecko","floor":29,"turns":5},{"damage":17,"enemies":"Centurion and Healer","floor":31,"turns":8},{"damage":47,"enemies":"Champ","floor":33,"turns":13},{"damage":13,"enemies":"3 Darklings","floor":35,"turns":6},{"damage":11,"enemies":"3 Shapes","floor":37,"turns":5},{"damage":17,"enemies":"Spire Growth","floor":39,"turns":4},{"damage":45,"enemies":"4 Shapes","floor":41,"turns":7},{"damage":0,"enemies":"Maw","floor":44,"turns":1}],"seed_played":"48505664196917204","potions_obtained":[{"floor":3,"key":"Strength Potion"},{"floor":7,"key":"Swift Potion"},{"floor":13,"key":"Dexterity Potion"},{"floor":16,"key":"Poison Potion"},{"floor":18,"key":"Ancient Potion"},{"floor":24,"key":"Poison Potion"},{"floor":28,"key":"Regen Potion"},{"floor":31,"key":"BloodPotion"},{"floor":41,"key":"SkillPotion"}],"is_trial":false,"path_per_floor":["M","M","M","?","M","R","M","R","T","E","?","R","M","M","R","B",null,"M","?","M","M","$","M","E","?","T","R","M","M","?","M","R","B",null,"M","?","M","?","M","R","M","R","T","M"],"character_chosen":"IRONCLAD","items_purchased":["Gremlin Horn","Heavy Blade"],"campfire_rested":3,"item_purchase_floors":[22,22],"current_hp_per_floor":[80,80,73,73,66,66,57,57,57,47,23,47,47,53,53,43,80,80,80,64,68,68,68,32,32,32,32,49,44,44,47,80,51,80,73,73,68,68,59,59,34,74,74,74],"gold":158,"neow_bonus":"THREE_RARE_CARDS","is_prod":false,"is_daily":false,"chose_seed":false,"campfire_upgraded":5,"win_rate":0,"timestamp":1547760718,"path_taken":["M","M","M","?","M","R","M","R","T","E","?","R","M","M","R","BOSS","M","?","M","M","$","M","E","?","T","R","M","M","?","M","R","BOSS","M","?","?","?","?","R","M","R","T","M"],"build_version":"2019-01-10","purchased_purges":1,"victory":false,"max_hp_per_floor":[80,80,80,80,80,80,80,80,80,80,80,80,80,80,80,80,80,80,80,80,80,80,80,80,80,80,80,80,80,80,80,80,80,80,80,80,80,80,82,82,84,84,84,84],"card_choices":[{"not_picked":["Brutality","Limit Break"],"picked":"Juggernaut","floor":0},{"not_picked":["Havoc","Clothesline"],"picked":"Iron Wave","floor":1},{"not_picked":["Warcry","Heavy Blade"],"picked":"Cleave","floor":2},{"not_picked":["Searing Blow","Pummel"],"picked":"Clothesline","floor":3},{"not_picked":["Heavy Blade","Body Slam"],"picked":"Sentinel","floor":5},{"not_picked":["Ghostly Armor","Armaments"],"picked":"Offering","floor":7},{"not_picked":["Dropkick","Perfected Strike"],"picked":"Demon Form","floor":10},{"not_picked":["Bloodletting","Headbutt"],"picked":"Ghostly Armor","floor":11},{"not_picked":["Wild Strike","Inflame"],"picked":"Iron Wave","floor":13},{"not_picked":["Bloodletting","Blood for Blood"],"picked":"Headbutt","floor":14},{"not_picked":["Fiend Fire","Offering"],"picked":"Limit Break","floor":16},{"not_picked":["Warcry","Reckless Charge"],"picked":"Body Slam","floor":18},{"not_picked":["Thunderclap","Evolve"],"picked":"Clothesline+1","floor":20},{"not_picked":["Carnage+1","Rampage"],"picked":"Iron Wave+1","floor":21},{"not_picked":["True Grit","Pummel+1"],"picked":"Rage","floor":23},{"not_picked":["Armaments","Dropkick+1"],"picked":"Rage","floor":24},{"not_picked":["Burning Pact+1","Dropkick"],"picked":"Flex+1","floor":28},{"not_picked":["Sword Boomerang","Offering+1"],"picked":"Ghostly Armor+1","floor":29},{"not_picked":["Flex+1","Warcry+1"],"picked":"Intimidate+1","floor":31},{"not_picked":["Reaper","Brutality"],"picked":"Bludgeon","floor":33},{"not_picked":["Thunderclap","Headbutt"],"picked":"Twin Strike+1","floor":35},{"not_picked":["Anger","Thunderclap"],"picked":"Body Slam","floor":37},{"not_picked":["Flex+1","Clothesline","Hemokinesis+1"],"picked":"Singing Bowl","floor":39},{"not_picked":["Flex+1","Armaments+1","Headbutt"],"picked":"Singing Bowl","floor":41}],"player_experience":188454,"relics_obtained":[{"floor":9,"key":"Mummified Hand"},{"floor":10,"key":"Singing Bowl"},{"floor":11,"key":"Odd Mushroom"},{"floor":24,"key":"Meat on the Bone"},{"floor":26,"key":"Toxic Egg 2"},{"floor":43,"key":"Bag of Marbles"}],"event_choices":[{"damage_healed":0,"gold_gain":0,"cards_transformed":["Strike_R"],"player_choice":"Change","damage_taken":0,"max_hp_gain":0,"max_hp_loss":0,"event_name":"Living Wall","floor":4,"gold_loss":0,"cards_obtained":["Body Slam"]},{"damage_healed":0,"gold_gain":0,"player_choice":"Fought Mushrooms","damage_taken":0,"max_hp_gain":0,"max_hp_loss":0,"event_name":"Mushrooms","floor":11,"gold_loss":0},{"damage_healed":0,"gold_gain":0,"player_choice":"Ignored","damage_taken":0,"max_hp_gain":0,"max_hp_loss":0,"event_name":"Ghosts","floor":19,"gold_loss":0},{"damage_healed":0,"gold_gain":0,"player_choice":"Opened","damage_taken":0,"relics_obtained":["Oddly Smooth Stone"],"max_hp_gain":0,"max_hp_loss":0,"event_name":"The Mausoleum","floor":25,"gold_loss":0,"cards_obtained":["Writhe"]},{"damage_healed":0,"gold_gain":0,"player_choice":"Obtained Relic","damage_taken":0,"relics_obtained":["Regal Pillow"],"max_hp_gain":0,"max_hp_loss":0,"event_name":"Addict","floor":30,"gold_loss":85},{"cards_removed":["Writhe"],"damage_healed":0,"gold_gain":0,"player_choice":"Upgrade and Remove","damage_taken":0,"max_hp_gain":0,"max_hp_loss":0,"event_name":"Designer","floor":36,"gold_loss":90,"cards_upgraded":["Demon Form"]},{"damage_healed":0,"gold_gain":0,"player_choice":"Copied","damage_taken":0,"max_hp_gain":0,"max_hp_loss":0,"event_name":"Duplicator","floor":38,"gold_loss":0,"cards_obtained":["Juggernaut"]}],"is_beta":false,"boss_relics":[{"not_picked":["Snecko Eye","Tiny House"],"picked":"Velvet Choker"},{"not_picked":["Calling Bell","Eternal Feather"],"picked":"Runic Pyramid"}],"items_purged_floors":[22],"is_endless":false,"potions_floor_spawned":[3,7,13,16,18,24,28,31,41],"killed_by":"Maw","ascension_level":0}