{"gold_per_floor":[11,11,22,32,50,50,50,50,50,67,67,86,114,126,126,227,277,292,292,308,308,308],"floor_reached":22,"playtime":2344,"items_purged":[],"score":190,"play_id":"113859b5-7a6d-41b0-9129-cc4f2622fa70","local_time":"20190824014630","is_ascension_mode":false,"campfire_choices":[{"data":"A Thousand Cuts","floor":6.0,"key":"SMITH"},{"data":"Acrobatics","floor":8.0,"key":"SMITH"},{"data":"Acrobatics","floor":15.0,"key":"SMITH"}],"neow_cost":"NO_GOLD","seed_source_timestamp":9100386902700,"circlet_count":0,"master_deck":["Strike_G+1","Strike_G","Strike_G","Strike_G","Strike_G+1","Defend_G","Defend_G","Defend_G","Defend_G","Defend_G","Survivor","Neutralize+1","A Thousand Cuts+1","Endless Agony+1","Tactician","Backstab","Acrobatics+1","Escape Plan","Acrobatics+1","Finisher","Deflect","Phantasmal Killer","Flying Knee","Outmaneuver+1","RitualDagger","Riddle With Holes+1"],"special_seed":0,"relics":["Ring of the Snake","Whetstone","Ninja Scroll","Tiny House"],"potions_floor_usage":[],"damage_taken":[{"damage":0.0,"enemies":"2 Louse","floor":1.0,"turns":4.0},{"damage":0.0,"enemies":"Cultist","floor":3.0,"turns":4.0},{"damage":6.0,"enemies":"Jaw Worm","floor":4.0,"turns":5.0},{"damage":0.0,"enemies":"Exordium Thugs","floor":5.0,"turns":5.0},{"damage":2.0,"enemies":"Looter","floor":10.0,"turns":3.0},{"damage":1.0,"enemies":"Red Slaver","floor":12.0,"turns":5.0},{"damage":8.0,"enemies":"Gremlin Nob","floor":13.0,"turns":4.0},{"damage":0.0,"enemies":"3 Louse","floor":14.0,"turns":2.0},{"damage":40.0,"enemies":"The Guardian","floor":16.0,"turns":13.0},{"damage":10.0,"enemies":"Shell Parasite","floor":18.0,"turns":4.0},{"damage":0.0,"enemies":"3 Byrds","floor":20.0,"turns":3.0},{"damage":46.0,"enemies":"Cultist and Chosen","floor":21.0,"turns":6.0},{"damage":14,"enemies":"Shelled Parasite and Fungi","floor":22,"turns":2}],"seed_played":"2596001006522614418","potions_obtained":[{"floor":1.0,"key":"SkillPotion"},{"floor":2.0,"key":"Swift Potion"},{"floor":2.0,"key":"Dexterity Potion"},{"floor":3.0,"key":"Fire Potion"},{"floor":5.0,"key":"SpeedPotion"},{"floor":16.0,"key":"Explosive Potion"},{"floor":17.0,"key":"SmokeBomb"}],"is_trial":false,"path_per_floor":["M","?","M","M","M","R","?","R","T","M","$","M","E","M","R","B",null,"M","?","M","M","M"],"character_chosen":"THE_SILENT","items_purchased":[],"campfire_rested":0,"item_purchase_floors":[],"current_hp_per_floor":[70,70,70,64,64,64,64,64,64,62,62,61,53,53,53,13,75,65,59,59,13,0],"gold":308,"neow_bonus":"THREE_RARE_CARDS","is_prod":false,"is_daily":false,"chose_seed":false,"campfire_upgraded":3,"win_rate":0.0,"timestamp":1566625590,"path_taken":["M","?","?","M","M","R","?","R","T","M","?","M","E","M","R","BOSS","M","?","M","M","M"],"build_version":"2019-07-17","purchased_purges":0,"victory":false,"max_hp_per_floor":[70,70,70,70,70,70,70,70,70,70,70,70,70,70,70,70,75,75,75,75,75,75],"card_choices":[{"not_picked":["Corpse Explosion","After Image"],"picked":"A Thousand Cuts","floor":0.0},{"not_picked":["Tactician","Outmaneuver"],"picked":"Endless Agony","floor":1.0},{"not_picked":["Dagger Spray","Bouncing Flask"],"picked":"Tactician","floor":3.0},{"not_picked":["Dodge and Roll","Bane"],"picked":"Backstab","floor":4.0},{"not_picked":["Bane","Masterful Stab"],"picked":"Acrobatics","floor":5.0},{"not_picked":["Outmaneuver","Catalyst"],"picked":"Escape Plan","floor":10.0},{"not_picked":["PiercingWail","Slice"],"picked":"Acrobatics","floor":12.0},{"not_picked":["Acrobatics","Dagger Spray"],"picked":"Finisher","floor":13.0},{"not_picked":["Blade Dance","Bane"],"picked":"Deflect","floor":14.0},{"not_picked":["Unload","Night Terror"],"picked":"Phantasmal Killer","floor":16.0},{"not_picked":["Slice","Blade Dance"],"picked":"Flying Knee","floor":17.0},{"not_picked":["Bane","PiercingWail"],"picked":"Outmaneuver+1","floor":18.0},{"not_picked":["Choke+1","Backstab"],"picked":"Riddle With Holes+1","floor":20.0}],"player_experience":32447,"relics_obtained":[{"floor":9.0,"key":"Whetstone"},{"floor":13.0,"key":"Ninja Scroll"}],"event_choices":[{"damage_healed":0.0,"max_hp_gain":0.0,"max_hp_loss":0.0,"gold_gain":0.0,"event_name":"Lab","player_choice":"Got Potions","floor":2.0,"gold_loss":0.0,"damage_taken":0.0},{"damage_healed":0.0,"max_hp_gain":0.0,"max_hp_loss":0.0,"gold_gain":0.0,"event_name":"Living Wall","player_choice":"Grow","floor":7.0,"gold_loss":0.0,"damage_taken":0.0,"cards_upgraded":["Endless Agony"]},{"damage_healed":0.0,"max_hp_gain":0.0,"max_hp_loss":0.0,"gold_gain":0.0,"event_name":"Nest","player_choice":"Joined the Cult","floor":19.0,"gold_loss":0.0,"damage_taken":6.0,"cards_obtained":["RitualDagger"]}],"is_beta":false,"boss_relics":[{"not_picked":["Black Star","Philosopher\u0027s Stone"],"picked":"Tiny House"}],"items_purged_floors":[],"is_endless":false,"potions_floor_spawned":[1,3,5,10,16,21],"killed_by":"Shelled Parasite and Fungi","ascension_level":0}