{"gold_per_floor":[114,114,134,147,165,165,182,182,182,201,212,240,258,268,268,367,417,430,445,40,58,73,73,89,102,156,172,172,188,287,313,313,313],"floor_reached":33,"playtime":2233,"items_purged":["Defend_B"],"score":279,"play_id":"5863e3b6-ebb5-44ee-984c-c9d387277784","local_time":"20190404204739","is_ascension_mode":false,"campfire_choices":[{"data":"Echo Form","floor":6,"key":"SMITH"},{"data":"Dualcast","floor":8,"key":"SMITH"},{"data":"White Noise","floor":15,"key":"SMITH"},{"floor":23,"key":"REST"},{"data":"Armaments","floor":28,"key":"SMITH"},{"floor":32,"key":"REST"}],"neow_cost":"NONE","seed_source_timestamp":375857914646100,"circlet_count":0,"master_deck":["Strike_B","Strike_B","Strike_B","Defend_B","Defend_B","Defend_B","Zap","Dualcast+1","Coolheaded","Echo Form+1","White Noise+1","Stack","Redo","Capacitor","Chaos","Go for the Eyes","Steam","Darkness","Turbo+1","Rainbow","Storm","Coolheaded","Force Field+1","Loop","Conserve Battery","Body Slam","Loop","Armaments+1","Acrobatics","Flame Barrier+1","Body Slam","Bullet Time"],"relics":["Cracked Core","Blood Vial","Mercury Hourglass","FossilizedHelix","Tiny House","PrismaticShard","Happy Flower","Letter Opener"],"potions_floor_usage":[33],"damage_taken":[{"damage":6,"enemies":"Jaw Worm","floor":1,"turns":3},{"damage":0,"enemies":"Cultist","floor":3,"turns":4},{"damage":3,"enemies":"2 Louse","floor":4,"turns":3},{"damage":6,"enemies":"2 Fungi Beasts","floor":5,"turns":4},{"damage":5,"enemies":"Blue Slaver","floor":7,"turns":4},{"damage":13,"enemies":"Lots of Slimes","floor":10,"turns":4},{"damage":0,"enemies":"Exordium Wildlife","floor":11,"turns":2},{"damage":21,"enemies":"3 Sentries","floor":12,"turns":6},{"damage":0,"enemies":"Large Slime","floor":13,"turns":4},{"damage":0,"enemies":"Red Slaver","floor":14,"turns":3},{"damage":1,"enemies":"Hexaghost","floor":16,"turns":9},{"damage":5,"enemies":"Shell Parasite","floor":18,"turns":5},{"damage":12,"enemies":"Chosen","floor":19,"turns":6},{"damage":0,"enemies":"Snecko","floor":21,"turns":6},{"damage":51,"enemies":"3 Cultists","floor":22,"turns":6},{"damage":11,"enemies":"Snake Plant","floor":24,"turns":5},{"damage":0,"enemies":"Snecko","floor":25,"turns":5},{"damage":9,"enemies":"Centurion and Healer","floor":27,"turns":8},{"damage":0,"enemies":"Shelled Parasite and Fungi","floor":29,"turns":6},{"damage":16,"enemies":"Book of Stabbing","floor":31,"turns":7},{"damage":54,"enemies":"Automaton","floor":33,"turns":6}],"seed_played":"3158382762526140093","potions_obtained":[{"floor":5,"key":"AttackPotion"},{"floor":7,"key":"SkillPotion"},{"floor":12,"key":"Swift Potion"},{"floor":16,"key":"Ancient Potion"},{"floor":17,"key":"FearPotion"},{"floor":29,"key":"Block Potion"}],"is_trial":false,"path_per_floor":["M","?","M","M","M","R","M","R","T","M","M","E","M","M","R","B",null,"M","M","$","M","M","R","M","M","T","M","R","M","?","E","R","B"],"character_chosen":"DEFECT","items_purchased":["PrismaticShard","Loop","Conserve Battery"],"campfire_rested":2,"item_purchase_floors":[20,20,20],"current_hp_per_floor":[69,69,71,70,66,66,63,63,63,52,54,35,37,39,39,40,80,75,65,65,67,18,42,33,35,35,28,28,30,30,16,40,0],"gold":313,"neow_bonus":"RANDOM_COMMON_RELIC","is_prod":false,"is_daily":false,"chose_seed":false,"campfire_upgraded":4,"win_rate":0,"timestamp":1554403659,"path_taken":["M","?","?","M","M","R","M","R","T","?","M","E","M","M","R","BOSS","M","M","$","M","M","R","M","M","T","M","R","M","?","E","R","BOSS"],"build_version":"2019-01-23","purchased_purges":1,"victory":false,"max_hp_per_floor":[75,75,75,75,75,75,75,75,75,75,75,75,75,75,75,75,80,80,80,80,80,80,80,80,80,80,80,80,80,80,80,80,80],"card_choices":[{"not_picked":["Gash","Go for the Eyes"],"picked":"Coolheaded","floor":1},{"not_picked":["Gash","Steam Power"],"picked":"White Noise","floor":3},{"not_picked":["Reprogram","Coolheaded"],"picked":"Stack","floor":4},{"not_picked":["Consume","Go for the Eyes"],"picked":"Redo","floor":5},{"not_picked":["Sweeping Beam","Ball Lightning"],"picked":"Capacitor","floor":7},{"not_picked":["All For One","Sunder"],"picked":"Chaos","floor":10},{"not_picked":["Turbo","BootSequence"],"picked":"Go for the Eyes","floor":11},{"not_picked":["Beam Cell","Stack"],"picked":"Steam","floor":12},{"not_picked":["Sweeping Beam","Melter"],"picked":"Darkness","floor":13},{"not_picked":["Stack","Reprogram"],"picked":"Turbo","floor":14},{"not_picked":["Thunder Strike","Meteor Strike"],"picked":"Rainbow","floor":16},{"not_picked":["Barrage","Darkness"],"picked":"Storm","floor":17},{"not_picked":["Barrage","Ball Lightning"],"picked":"Coolheaded","floor":18},{"not_picked":["Hello World","FTL"],"picked":"Force Field+1","floor":19},{"not_picked":["Outmaneuver","Consume"],"picked":"Body Slam","floor":21},{"not_picked":["Dropkick","Dagger Throw"],"picked":"Loop","floor":22},{"not_picked":["Dagger Spray","Evolve"],"picked":"Armaments","floor":24},{"not_picked":["Hemokinesis+1","Steam Power"],"picked":"Acrobatics","floor":25},{"not_picked":["Finesse+1","Coolheaded+1"],"picked":"Flame Barrier+1","floor":27},{"not_picked":["Swift Strike","Searing Blow"],"picked":"Body Slam","floor":29},{"not_picked":["Aggregate+1","Blood for Blood"],"picked":"Bullet Time","floor":31}],"player_experience":279113,"relics_obtained":[{"floor":9,"key":"Mercury Hourglass"},{"floor":12,"key":"FossilizedHelix"},{"floor":26,"key":"Happy Flower"},{"floor":31,"key":"Letter Opener"}],"event_choices":[{"damage_healed":0,"gold_gain":0,"cards_transformed":["Strike_B"],"player_choice":"Transformed","damage_taken":0,"max_hp_gain":0,"max_hp_loss":0,"event_name":"Transmorgrifier","floor":2,"gold_loss":0,"cards_obtained":["Echo Form"]},{"damage_healed":0,"gold_gain":99,"player_choice":"Stole From Cult","damage_taken":0,"max_hp_gain":0,"max_hp_loss":0,"event_name":"Nest","floor":30,"gold_loss":0}],"is_beta":false,"boss_relics":[{"not_picked":["White Beast Statue","Empty Cage"],"picked":"Tiny House"}],"items_purged_floors":[20],"is_endless":false,"potions_floor_spawned":[5,7,12,14,16,18,19,27,29,31],"killed_by":"Automaton","ascension_level":0}