{"gold_per_floor":[119,139,42,42,59,59,91,91,91,103,103,114,147,163,163,239,239,255,170,170,98,115,115,130,130,130,148,148,183,209,227,227,300,300,311,1310,971,987,987,1018,1031,1064,1064,1093,1093,1107,1127,815,815,815,815,815,316,348,348],"floor_reached":55,"playtime":2702,"items_purged":["Strike_R","Normality","Normality","Strike_R"],"score":1471,"play_id":"b2b22238-c485-4481-89cd-5c88b926a76d","local_time":"20190718201904","is_ascension_mode":true,"campfire_choices":[{"data":"Armaments","floor":6,"key":"SMITH"},{"data":"Bash","floor":11,"key":"SMITH"},{"data":"Spot Weakness","floor":15,"key":"SMITH"},{"data":"Corruption","floor":23,"key":"SMITH"},{"data":"Bloodletting","floor":25,"key":"SMITH"},{"floor":28,"key":"REST"},{"data":"Body Slam","floor":32,"key":"SMITH"},{"floor":45,"key":"RECALL"},{"data":"hubris:EnhanceAbility","floor":49,"key":"SMITH"},{"data":"hubris:StunningStrike","floor":52,"key":"SMITH"}],"neow_cost":"NONE","seed_source_timestamp":697271734833135,"circlet_count":0,"master_deck":["AscendersBane","Strike_R+1","Strike_R","Defend_R","Defend_R","Defend_R","Defend_R","Bash+1","Pommel Strike+1","Cleave","Armaments+1","Headbutt","Body Slam+1","Spot Weakness+1","Demon Form","Corruption+1","Spot Weakness","Bloodletting+1","Armaments+1","Offering","hubris:StunningStrike+1","Warcry+1","Second Wind","hubris:EnhanceAbility+1","Thinking Ahead","Dark Shackles","Battle Trance+1","Juggernaut","hubris:Insight","Offering","hubris:EnhanceAbility","Havoc"],"relics":["Burning Blood","PreservedInsect","Unceasing Top","Bag of Preparation","hubris:PeanutButter","Runic Pyramid","Art of War","Singing Bowl","Ancient Tea Set","Ice Cream","Red Mask","Sozu","Membership Card","hubris:ChampionShield","Oddly Smooth Stone","Bag of Marbles","Pen Nib","Centennial Puzzle","Mercury Hourglass","Incense Burner","DollysMirror","Whetstone","Boot"],"potions_floor_usage":[5,7,10,16,24,30,46],"damage_taken":[{"damage":4,"enemies":"Small Slimes","floor":1,"turns":4},{"damage":1,"enemies":"Cultist","floor":2,"turns":3},{"damage":7,"enemies":"Jaw Worm","floor":5,"turns":3},{"damage":21,"enemies":"3 Sentries","floor":7,"turns":7},{"damage":11,"enemies":"Gremlin Gang","floor":10,"turns":4},{"damage":0,"enemies":"Large Slime","floor":12,"turns":6},{"damage":7,"enemies":"Lagavulin","floor":13,"turns":6},{"damage":0,"enemies":"Exordium Wildlife","floor":14,"turns":4},{"damage":50,"enemies":"Hexaghost","floor":16,"turns":10},{"damage":0,"enemies":"Chosen","floor":18,"turns":4},{"damage":5,"enemies":"Spheric Guardian","floor":22,"turns":4},{"damage":32,"enemies":"Centurion and Healer","floor":24,"turns":5},{"damage":9,"enemies":"Sentry and Sphere","floor":27,"turns":4},{"damage":23,"enemies":"Book of Stabbing","floor":29,"turns":4},{"damage":14,"enemies":"Masked Bandits","floor":30,"turns":4},{"damage":20,"enemies":"Shelled Parasite and Fungi","floor":31,"turns":4},{"damage":30,"enemies":"Champ","floor":33,"turns":8},{"damage":1,"enemies":"3 Darklings","floor":35,"turns":4},{"damage":12,"enemies":"Orb Walker","floor":38,"turns":5},{"damage":9,"enemies":"Giant Head","floor":40,"turns":6},{"damage":8,"enemies":"4 Shapes","floor":41,"turns":5},{"damage":0,"enemies":"Nemesis","floor":42,"turns":5},{"damage":14,"enemies":"Giant Head","floor":44,"turns":6},{"damage":0,"enemies":"3 Darklings","floor":46,"turns":4},{"damage":0,"enemies":"Transient","floor":47,"turns":5},{"damage":26,"enemies":"Donu and Deca","floor":50,"turns":6},{"damage":4,"enemies":"Shield and Spear","floor":54,"turns":4},{"damage":90,"enemies":"The Heart","floor":55,"turns":9}],"seed_played":"-2155728172362070882","potions_obtained":[{"floor":2,"key":"AttackPotion"},{"floor":4,"key":"Poison Potion"},{"floor":5,"key":"SpeedPotion"},{"floor":13,"key":"Block Potion"},{"floor":14,"key":"Fruit Juice"},{"floor":18,"key":"Explosive Potion"},{"floor":24,"key":"Swift Potion"},{"floor":27,"key":"BloodPotion"},{"floor":33,"key":"Energy Potion"}],"is_trial":false,"path_per_floor":["M","M","$","?","M","R","E","?","T","M","R","M","E","M","R","B",null,"M","?","T","$","M","R","M","R","T","M","R","E","?","M","R","B",null,"M","?","$","M","?","E","M","E","T","E","R","M","M","$","R","B",null,"R","$","E","B"],"character_chosen":"IRONCLAD","items_purchased":["Cleave","Spot Weakness","Membership Card","hubris:ChampionShield","Second Wind","Centennial Puzzle","Mercury Hourglass","hubris:Insight","Incense Burner","DollysMirror","Whetstone","hubris:EnhanceAbility","Havoc"],"campfire_rested":1,"item_purchase_floors":[3,21,37,37,37,48,48,48,53,53,53,53,53],"current_hp_per_floor":[70,75,75,75,74,74,59,59,59,54,54,60,59,65,65,21,62,68,68,68,68,69,69,50,50,50,49,74,57,72,58,58,34,73,78,78,78,74,64,63,61,69,69,63,63,71,77,77,77,57,86,86,86,90,0],"gold":348,"neow_bonus":"RANDOM_COMMON_RELIC","is_prod":false,"is_daily":false,"chose_seed":false,"campfire_upgraded":8,"win_rate":0,"timestamp":1563495544,"path_taken":["M","M","$","?","?","R","E","?","T","M","R","M","E","M","R","BOSS","M","?","?","$","M","R","M","R","T","?","R","E","?","M","R","BOSS","M","?","$","M","?","E","M","E","T","E","R","M","M","$","R","BOSS","R","$","E","BOSS"],"build_version":"2019-07-17","purchased_purges":4,"victory":false,"max_hp_per_floor":[75,75,75,75,75,75,75,75,75,75,75,75,75,75,75,75,75,75,75,75,75,75,75,82,82,82,84,84,84,86,86,86,86,86,86,86,86,88,88,90,90,92,92,94,94,96,96,96,96,96,96,96,96,98,98],"card_choices":[{"not_picked":["True Grit","Armaments"],"picked":"Pommel Strike","floor":1},{"not_picked":["Flex","Heavy Blade","Searing Blow"],"picked":"SKIP","floor":2},{"not_picked":["Iron Wave","hubris:CleavingFinish"],"picked":"Armaments","floor":5},{"not_picked":["hubris:ReadiedAction","Reckless Charge","Sever Soul"],"picked":"SKIP","floor":7},{"not_picked":["Rupture","Pummel"],"picked":"Headbutt","floor":10},{"not_picked":["Clothesline","Cleave"],"picked":"Body Slam","floor":12},{"not_picked":["Evolve","Sever Soul"],"picked":"Spot Weakness","floor":13},{"not_picked":["Armaments","Havoc","Second Wind"],"picked":"SKIP","floor":14},{"not_picked":["Double Tap","Berserk"],"picked":"Demon Form","floor":16},{"not_picked":["Headbutt","Heavy Blade"],"picked":"Corruption","floor":18},{"not_picked":["Searing Blow","Wild Strike"],"picked":"Bloodletting","floor":22},{"not_picked":["Thunderclap+1","Heavy Blade","Entrench"],"picked":"Singing Bowl","floor":24},{"not_picked":["Searing Blow","Carnage+1","Rampage+1"],"picked":"Singing Bowl","floor":27},{"not_picked":["hubris:ReadiedAction","Warcry"],"picked":"Armaments+1","floor":29},{"not_picked":["Thunderclap","Headbutt","Body Slam"],"picked":"Singing Bowl","floor":30},{"not_picked":["Entrench","Perfected Strike"],"picked":"Offering","floor":31},{"not_picked":["Brutality","Exhume"],"picked":"hubris:StunningStrike","floor":33},{"not_picked":["Cleave","Seeing Red"],"picked":"Warcry+1","floor":35},{"not_picked":["Armaments+1","Cleave","Combust+1"],"picked":"Singing Bowl","floor":38},{"not_picked":["Trip","Sadistic Nature"],"picked":"hubris:EnhanceAbility","floor":39},{"not_picked":["Panacea","Madness"],"picked":"Thinking Ahead","floor":39},{"not_picked":["Mind Blast","Good Instincts"],"picked":"Dark Shackles","floor":39},{"not_picked":["Clothesline","Combust","Clash"],"picked":"Singing Bowl","floor":40},{"not_picked":["Iron Wave","Bloodletting"],"picked":"Battle Trance+1","floor":41},{"not_picked":["Fire Breathing","Sever Soul+1","Uppercut"],"picked":"Singing Bowl","floor":42},{"not_picked":["Combust","Perfected Strike","Wild Strike+1"],"picked":"Singing Bowl","floor":44},{"not_picked":["Clash","Clothesline","Sever Soul+1"],"picked":"Singing Bowl","floor":46},{"not_picked":["Battle Trance","Pommel Strike+1"],"picked":"Juggernaut","floor":47},{"not_picked":["Warcry","Thunderclap","Iron Wave"],"picked":"Singing Bowl","floor":54}],"player_experience":2600112,"relics_obtained":[{"floor":7,"key":"Unceasing Top"},{"floor":9,"key":"Bag of Preparation"},{"floor":13,"key":"hubris:PeanutButter"},{"floor":20,"key":"Singing Bowl"},{"floor":26,"key":"Ancient Tea Set"},{"floor":29,"key":"Ice Cream"},{"floor":30,"key":"Red Mask"},{"floor":40,"key":"Oddly Smooth Stone"},{"floor":42,"key":"Bag of Marbles"},{"floor":44,"key":"Pen Nib"},{"floor":54,"key":"Boot"}],"event_choices":[{"damage_healed":0,"gold_gain":0,"player_choice":"Got Potions","damage_taken":0,"max_hp_gain":0,"max_hp_loss":0,"event_name":"Lab","floor":4,"gold_loss":0},{"cards_removed":["Strike_R"],"damage_healed":0,"gold_gain":0,"player_choice":"Offered Basic","damage_taken":0,"max_hp_gain":0,"max_hp_loss":0,"event_name":"Bonfire Elementals","floor":8,"gold_loss":0},{"damage_healed":0,"gold_gain":0,"player_choice":"Obtained Relic","damage_taken":0,"relics_obtained":["Art of War"],"max_hp_gain":0,"max_hp_loss":0,"event_name":"Addict","floor":19,"gold_loss":85},{"damage_healed":0,"gold_gain":0,"player_choice":"Fought Bandits","damage_taken":0,"max_hp_gain":0,"max_hp_loss":0,"event_name":"Masked Bandits","floor":30,"gold_loss":0},{"damage_healed":0,"gold_gain":999,"player_choice":"Gold","damage_taken":0,"max_hp_gain":0,"max_hp_loss":0,"event_name":"MindBloom","floor":36,"gold_loss":0,"cards_obtained":["Normality","Normality"]},{"damage_healed":0,"gold_gain":0,"player_choice":"Memory 3","damage_taken":10,"max_hp_gain":0,"max_hp_loss":0,"event_name":"SensoryStone","floor":39,"gold_loss":0}],"is_beta":false,"boss_relics":[{"not_picked":["Cursed Key","Black Star"],"picked":"Runic Pyramid"},{"not_picked":["hubris:BlackHole","Tiny House"],"picked":"Sozu"}],"items_purged_floors":[3,37,48,53],"is_endless":false,"potions_floor_spawned":[2,5,13,14,18,24,27,33,38,41,44,46,47],"killed_by":"The Heart","ascension_level":15}