{"gold_per_floor":[117,127,52,63,83,83,116,133,133,133,150,178,193,219,219,297,297,310,344,358,54,70,103,103,120,146,163,163,178,188,216,216,293,293,307,207,207,221,231,231,266,266,290,320,68,97,116,134,134,134,134,134,7,35,35],"floor_reached":55,"playtime":2368,"items_purged":["Strike_R","Rampage"],"score":1447,"play_id":"06a5ab9b-c094-4e95-bc05-5dee91a2895d","local_time":"20190804204827","is_ascension_mode":true,"campfire_choices":[{"data":"Feed","floor":6.0,"key":"SMITH"},{"data":"Armaments","floor":10.0,"key":"SMITH"},{"data":"Bludgeon","floor":15.0,"key":"SMITH"},{"floor":28.0,"key":"REST"},{"floor":32.0,"key":"REST"},{"floor":40.0,"key":"RECALL"},{"floor":42.0,"key":"REST"},{"floor":49.0,"key":"REST"},{"floor":52.0,"key":"REST"}],"neow_cost":"NONE","seed_source_timestamp":0,"circlet_count":0,"master_deck":["AscendersBane","Bash","Clothesline","Headbutt","Feed+1","Carnage","Feel No Pain","Flame Barrier","Armaments+1","Flame Barrier","Cleave","Bludgeon+1","Inflame","Burning Pact","Shrug It Off","Whirlwind","Battle Trance","Limit Break","Disarm","Demon Form","Battle Trance","Feel No Pain","Body Slam","Twin Strike","Offering","Pommel Strike","Armaments+1","Shrug It Off+1","Pummel"],"special_seed":0,"relics":["Burning Blood","Boot","Mercury Hourglass","Sundial","Regal Pillow","Fusion Hammer","Red Mask","Red Skull","Strawberry","Lantern","PreservedInsect","Pandora\u0027s Box","Blood Vial","Bag of Preparation","Bottled Lightning","Ginger","Kunai"],"potions_floor_usage":[54,54],"damage_taken":[{"damage":4.0,"enemies":"2 Louse","floor":1.0,"turns":4.0},{"damage":0.0,"enemies":"Small Slimes","floor":2.0,"turns":3.0},{"damage":7.0,"enemies":"Jaw Worm","floor":4.0,"turns":5.0},{"damage":21.0,"enemies":"Lots of Slimes","floor":5.0,"turns":5.0},{"damage":20.0,"enemies":"3 Sentries","floor":7.0,"turns":12.0},{"damage":17.0,"enemies":"Exordium Thugs","floor":8.0,"turns":4.0},{"damage":4.0,"enemies":"Looter","floor":11.0,"turns":3.0},{"damage":28.0,"enemies":"Lagavulin","floor":12.0,"turns":7.0},{"damage":0.0,"enemies":"3 Louse","floor":13.0,"turns":3.0},{"damage":8.0,"enemies":"Gremlin Nob","floor":14.0,"turns":3.0},{"damage":43.0,"enemies":"Hexaghost","floor":16.0,"turns":12.0},{"damage":21.0,"enemies":"Shell Parasite","floor":18.0,"turns":5.0},{"damage":25.0,"enemies":"Masked Bandits","floor":19.0,"turns":5.0},{"damage":3.0,"enemies":"Chosen","floor":20.0,"turns":4.0},{"damage":7.0,"enemies":"3 Cultists","floor":22.0,"turns":5.0},{"damage":26.0,"enemies":"Book of Stabbing","floor":23.0,"turns":6.0},{"damage":13.0,"enemies":"Snake Plant","floor":25.0,"turns":3.0},{"damage":0.0,"enemies":"Snecko","floor":27.0,"turns":2.0},{"damage":14.0,"enemies":"Centurion and Healer","floor":29.0,"turns":5.0},{"damage":0.0,"enemies":"Shelled Parasite and Fungi","floor":30.0,"turns":6.0},{"damage":38.0,"enemies":"Gremlin Leader","floor":31.0,"turns":8.0},{"damage":76.0,"enemies":"Automaton","floor":33.0,"turns":9.0},{"damage":12.0,"enemies":"Orb Walker","floor":35.0,"turns":4.0},{"damage":34.0,"enemies":"3 Darklings","floor":38.0,"turns":7.0},{"damage":10.0,"enemies":"Jaw Worm Horde","floor":39.0,"turns":5.0},{"damage":23.0,"enemies":"Giant Head","floor":41.0,"turns":7.0},{"damage":54.0,"enemies":"Reptomancer","floor":44.0,"turns":6.0},{"damage":6.0,"enemies":"Nemesis","floor":46.0,"turns":3.0},{"damage":22.0,"enemies":"Sphere and 2 Shapes","floor":47.0,"turns":5.0},{"damage":38.0,"enemies":"Writhing Mass","floor":48.0,"turns":6.0},{"damage":69.0,"enemies":"Donu and Deca","floor":50.0,"turns":9.0},{"damage":32,"enemies":"Shield and Spear","floor":54,"turns":4},{"damage":162,"enemies":"The Heart","floor":55,"turns":8}],"seed_played":"-941626969189802592","potions_obtained":[{"floor":2.0,"key":"Dexterity Potion"},{"floor":4.0,"key":"SteroidPotion"},{"floor":5.0,"key":"SteroidPotion"},{"floor":13.0,"key":"Poison Potion"},{"floor":14.0,"key":"SteroidPotion"},{"floor":19.0,"key":"Block Potion"},{"floor":25.0,"key":"SkillPotion"},{"floor":29.0,"key":"Poison Potion"},{"floor":31.0,"key":"Weak Potion"},{"floor":39.0,"key":"SteroidPotion"},{"floor":41.0,"key":"Strength Potion"}],"is_trial":false,"path_per_floor":["M","M","?","M","M","R","E","M","T","R","M","E","M","E","R","B",null,"M","?","M","$","M","E","?","M","T","M","R","M","M","E","R","B",null,"M","$","?","M","M","R","E","R","T","E","$","E","M","M","R","B",null,"R","$","E","B"],"character_chosen":"IRONCLAD","items_purchased":["Burning Pact","Red Skull","Bottled Lightning","Weak Potion","Pummel"],"campfire_rested":5,"item_purchase_floors":[21,21,45,53,53],"current_hp_per_floor":[70,75,75,77,65,65,55,48,48,48,54,36,46,44,44,7,78,67,52,55,55,58,45,45,38,38,44,95,91,101,73,127,57,113,111,111,111,87,87,87,74,133,133,91,91,97,87,61,125,68,143,168,168,146,0],"gold":35,"neow_bonus":"THREE_CARDS","is_prod":false,"is_daily":false,"chose_seed":false,"campfire_upgraded":3,"win_rate":0,"timestamp":1564966107,"path_taken":["M","M","?","M","M","R","E","M","T","R","M","E","M","E","R","BOSS","M","?","M","$","M","E","?","M","T","M","R","M","M","E","R","BOSS","M","$","?","M","M","R","E","R","T","E","$","E","M","M","R","BOSS","R","$","E","BOSS"],"build_version":"2019-07-17","purchased_purges":2,"victory":false,"max_hp_per_floor":[75,75,75,78,81,81,85,89,89,89,93,97,101,101,101,101,101,105,109,109,109,113,120,120,120,120,120,120,124,128,132,132,132,132,136,136,136,140,144,144,148,148,148,152,152,156,160,164,164,168,168,168,168,172,172],"card_choices":[{"not_picked":["Fire Breathing","Clash"],"picked":"Clothesline","floor":0.0},{"not_picked":["Armaments","Havoc"],"picked":"Headbutt","floor":1.0},{"not_picked":["Sentinel","True Grit"],"picked":"Feed","floor":2.0},{"not_picked":["Body Slam","Anger"],"picked":"Carnage","floor":4.0},{"not_picked":["Clothesline","True Grit"],"picked":"Feel No Pain","floor":5.0},{"not_picked":["Flex","Heavy Blade"],"picked":"Flame Barrier","floor":7.0},{"not_picked":["Twin Strike","Thunderclap"],"picked":"Armaments","floor":8.0},{"not_picked":["Flex","Perfected Strike"],"picked":"Flame Barrier","floor":11.0},{"not_picked":["Flex","Dark Embrace","Wild Strike"],"picked":"SKIP","floor":12.0},{"not_picked":["Clash","Ghostly Armor"],"picked":"Cleave","floor":13.0},{"not_picked":["Body Slam","Iron Wave"],"picked":"Bludgeon","floor":14.0},{"not_picked":["Demon Form","Barricade"],"picked":"Berserk","floor":16.0},{"not_picked":["Combust","Iron Wave","Pommel Strike"],"picked":"SKIP","floor":18.0},{"not_picked":["Clothesline","Body Slam"],"picked":"Inflame","floor":20.0},{"not_picked":["Intimidate","Clash"],"picked":"Shrug It Off","floor":22.0},{"not_picked":["Shrug It Off","Infernal Blade"],"picked":"Whirlwind","floor":23.0},{"not_picked":["Rage","Rupture"],"picked":"Limit Break","floor":25.0},{"not_picked":["Metallicize","Clash"],"picked":"Disarm","floor":27.0},{"not_picked":["Hemokinesis","Fire Breathing","Clash"],"picked":"SKIP","floor":29.0},{"not_picked":["Heavy Blade+1","Sever Soul","Carnage"],"picked":"SKIP","floor":30.0},{"not_picked":["Rampage+1","Clothesline","Iron Wave"],"picked":"SKIP","floor":31.0},{"not_picked":["Feed","Barricade"],"picked":"Demon Form","floor":33.0},{"not_picked":["Iron Wave","Havoc","Blood for Blood"],"picked":"SKIP","floor":35.0},{"not_picked":["Iron Wave","Wild Strike","Havoc"],"picked":"SKIP","floor":38.0},{"not_picked":["Perfected Strike","Havoc","Hemokinesis"],"picked":"SKIP","floor":39.0},{"not_picked":["Evolve","Flex"],"picked":"Armaments+1","floor":41.0},{"not_picked":["Sword Boomerang","Flex"],"picked":"Shrug It Off+1","floor":44.0},{"not_picked":["Armaments","Thunderclap","Infernal Blade+1"],"picked":"SKIP","floor":46.0},{"not_picked":["Sentinel+1","Rupture","Iron Wave+1"],"picked":"SKIP","floor":47.0},{"not_picked":["Burning Pact","Cleave+1","Wild Strike"],"picked":"SKIP","floor":48.0},{"not_picked":["Reckless Charge","Clash+1","Sever Soul"],"picked":"SKIP","floor":54}],"player_experience":2638355,"relics_obtained":[{"floor":7.0,"key":"Boot"},{"floor":9.0,"key":"Mercury Hourglass"},{"floor":12.0,"key":"Sundial"},{"floor":14.0,"key":"Regal Pillow"},{"floor":19.0,"key":"Red Mask"},{"floor":23.0,"key":"Strawberry"},{"floor":26.0,"key":"Lantern"},{"floor":31.0,"key":"PreservedInsect"},{"floor":41.0,"key":"Blood Vial"},{"floor":44.0,"key":"Bag of Preparation"},{"floor":46.0,"key":"Ginger"},{"floor":54,"key":"Kunai"}],"event_choices":[{"cards_removed":["Strike_R"],"damage_healed":0.0,"max_hp_gain":0.0,"max_hp_loss":0.0,"gold_gain":0.0,"event_name":"The Cleric","player_choice":"Card Removal","floor":3.0,"gold_loss":75.0,"damage_taken":0.0},{"damage_healed":0.0,"max_hp_gain":0.0,"max_hp_loss":0.0,"gold_gain":0.0,"event_name":"Masked Bandits","player_choice":"Fought Bandits","floor":19.0,"gold_loss":0.0,"damage_taken":0.0},{"damage_healed":0.0,"max_hp_gain":0.0,"max_hp_loss":0.0,"gold_gain":0.0,"event_name":"The Library","player_choice":"Read","floor":24.0,"gold_loss":0.0,"damage_taken":0.0,"cards_obtained":["Battle Trance"]},{"cards_removed":["Berserk"],"damage_healed":0.0,"max_hp_gain":0.0,"max_hp_loss":0.0,"gold_gain":0.0,"event_name":"Falling","player_choice":"Removed Power","floor":37.0,"gold_loss":0.0,"damage_taken":0.0}],"is_beta":false,"boss_relics":[{"not_picked":["White Beast Statue","Busted Crown"],"picked":"Fusion Hammer"},{"not_picked":["Eternal Feather","Mark of Pain"],"picked":"Pandora\u0027s Box"}],"items_purged_floors":[21,36],"is_endless":false,"potions_floor_spawned":[2,4,5,13,14,19,22,25,29,31,39,41,44],"killed_by":"The Heart","ascension_level":15}