{"gold_per_floor":[117,117,192,203,203,237,237,264,318,344,344,377,377,390,390,468,468,486,504,174,190,190,190,206,241,290,321,321,355,208,238,238,314,314,330,284,1283,1297,932,965,985,985,1010,1010,1022,1052,1064,1094,1094,1094,1094,1094,272,298,298],"floor_reached":56,"playtime":2337,"items_purged":["Strike_R","Strike_R","Normality","Fire Breathing+1"],"score":2168,"play_id":"e0c1c4e7-4ea3-40d6-b69f-f9b8cfde676f","local_time":"20190824210326","is_ascension_mode":true,"campfire_choices":[{"floor":7,"key":"REST"},{"data":"Sword Boomerang","floor":11,"key":"SMITH"},{"data":"Fiend Fire","floor":15,"key":"SMITH"},{"data":"True Grit","floor":23,"key":"SMITH"},{"data":"Limit Break","floor":28,"key":"SMITH"},{"floor":32,"key":"REST"},{"floor":42,"key":"REST"},{"floor":44,"key":"REST"},{"floor":49,"key":"RECALL"},{"data":"Berserk","floor":52,"key":"SMITH"}],"neow_cost":"NONE","seed_source_timestamp":866819529299495,"circlet_count":0,"master_deck":["AscendersBane","Strike_R+1","Defend_R","Defend_R","Defend_R","Bash","Iron Wave","Shockwave+1","Inflame","Sword Boomerang+1","Metallicize","Sword Boomerang","Fiend Fire+1","Limit Break+1","Disarm+1","Anger","Feel No Pain","Battle Trance","Battle Trance","True Grit+1","Body Slam+1","Battle Trance+1","Disarm","Shrug It Off","Barricade","Demon Form","Cleave+1","Headbutt+1","Warcry+1","Havoc","Flame Barrier","Warcry","Impervious","Berserk+1","Bloodletting+1","Havoc+1","Corruption","Shrug It Off","Blind","Warcry"],"relics":["Burning Blood","Vajra","Centennial Puzzle","Prayer Wheel","Darkstone Periapt","Pen Nib","Bag of Preparation","Bag of Marbles","Runic Pyramid","Omamori","Mercury Hourglass","Ancient Tea Set","Blood Vial","Potion Belt","Anchor","Astrolabe","Self Forming Clay","Pocketwatch","Paper Frog","War Paint","OrangePellets","Lantern","Bronze Scales"],"potions_floor_usage":[6,8,19,24,27,33,45,47,50,55,55,55],"damage_taken":[{"damage":0,"enemies":"2 Louse","floor":1,"turns":3},{"damage":2,"enemies":"Jaw Worm","floor":4,"turns":3},{"damage":10,"enemies":"Lagavulin","floor":6,"turns":6},{"damage":12,"enemies":"Gremlin Nob","floor":8,"turns":4},{"damage":10,"enemies":"Lagavulin","floor":10,"turns":7},{"damage":20,"enemies":"3 Sentries","floor":12,"turns":6},{"damage":0,"enemies":"Small Slimes","floor":14,"turns":2},{"damage":13,"enemies":"Slime Boss","floor":16,"turns":6},{"damage":0,"enemies":"Chosen","floor":18,"turns":3},{"damage":21,"enemies":"2 Thieves","floor":19,"turns":4},{"damage":0,"enemies":"Snake Plant","floor":21,"turns":1},{"damage":5,"enemies":"3 Cultists","floor":24,"turns":5},{"damage":9,"enemies":"Book of Stabbing","floor":25,"turns":4},{"damage":15,"enemies":"Gremlin Leader","floor":27,"turns":4},{"damage":4,"enemies":"Book of Stabbing","floor":29,"turns":4},{"damage":25,"enemies":"Slavers","floor":31,"turns":12},{"damage":4,"enemies":"Collector","floor":33,"turns":3},{"damage":1,"enemies":"Orb Walker","floor":35,"turns":2},{"damage":34,"enemies":"3 Darklings","floor":38,"turns":3},{"damage":31,"enemies":"Giant Head","floor":40,"turns":7},{"damage":20,"enemies":"Spire Growth","floor":41,"turns":5},{"damage":0,"enemies":"Transient","floor":45,"turns":5},{"damage":1,"enemies":"Nemesis","floor":46,"turns":7},{"damage":1,"enemies":"Jaw Worm Horde","floor":47,"turns":4},{"damage":8,"enemies":"Reptomancer","floor":48,"turns":4},{"damage":23,"enemies":"Donu and Deca","floor":50,"turns":7},{"damage":41,"enemies":"Shield and Spear","floor":54,"turns":6},{"damage":30,"enemies":"The Heart","floor":55,"turns":11}],"seed_played":"-6262884264723981064","potions_obtained":[{"floor":1,"key":"SpeedPotion"},{"floor":4,"key":"Energy Potion"},{"floor":10,"key":"SpeedPotion"},{"floor":12,"key":"Swift Potion"},{"floor":19,"key":"Poison Potion"},{"floor":27,"key":"PowerPotion"},{"floor":29,"key":"PowerPotion"},{"floor":31,"key":"Strength Potion"},{"floor":35,"key":"AttackPotion"},{"floor":46,"key":"Ancient Potion"},{"floor":47,"key":"Fruit Juice"}],"is_trial":false,"path_per_floor":["M","?","?","M","?","E","R","E","T","E","R","E","?","M","R","B",null,"M","M","$","M","?","R","M","E","T","E","R","E","$","E","R","B",null,"M","$","?","M","$","E","M","R","T","R","M","E","M","E","R","B",null,"R","$","E","B",null],"character_chosen":"IRONCLAD","items_purchased":["Feel No Pain","Battle Trance","Omamori","Shrug It Off","Havoc","Self Forming Clay","Corruption","OrangePellets","Lantern","Poison Potion","Fire Potion","Shrug It Off","Blind"],"campfire_rested":4,"item_purchase_floors":[20,20,20,30,36,39,53,53,53,53,53,53,53],"current_hp_per_floor":[74,69,58,62,39,35,57,51,51,47,47,33,33,39,39,32,64,70,55,55,61,61,61,62,59,59,50,50,54,54,37,59,63,72,75,75,81,53,53,30,18,42,42,66,74,81,86,84,84,69,82,82,82,49,27],"gold":298,"neow_bonus":"RANDOM_COMMON_RELIC","is_prod":false,"is_daily":false,"chose_seed":false,"campfire_upgraded":5,"win_rate":0,"timestamp":1566695006,"path_taken":["M","?","?","M","?","E","R","E","T","E","R","E","?","M","R","BOSS","M","M","$","M","?","R","M","E","T","E","R","E","$","E","R","BOSS","M","$","?","M","$","E","M","R","T","R","M","E","M","E","R","BOSS","R","$","E","BOSS"],"build_version":"2019-07-17","purchased_purges":4,"victory":true,"max_hp_per_floor":[75,75,75,75,75,75,75,75,75,75,75,75,75,75,75,75,75,75,75,75,75,75,75,75,75,75,75,75,75,75,75,75,75,75,75,75,81,81,81,81,81,81,81,81,81,81,86,86,86,86,86,86,86,86,86],"card_choices":[{"not_picked":["Rampage","Flex"],"picked":"Iron Wave","floor":1},{"not_picked":["Corruption","Flex"],"picked":"Shockwave","floor":4},{"not_picked":["Clash","Iron Wave","Armaments"],"picked":"SKIP","floor":6},{"not_picked":["Sentinel","Iron Wave"],"picked":"Inflame","floor":8},{"not_picked":["Hemokinesis","Wild Strike"],"picked":"Sword Boomerang","floor":10},{"not_picked":["Perfected Strike","Wild Strike"],"picked":"Metallicize","floor":12},{"not_picked":["Warcry","Cleave"],"picked":"Sword Boomerang","floor":14},{"not_picked":["Armaments","Cleave"],"picked":"Fiend Fire","floor":14},{"not_picked":["Brutality","Impervious"],"picked":"Limit Break","floor":16},{"not_picked":["Sword Boomerang","Warcry"],"picked":"Disarm","floor":18},{"not_picked":["Twin Strike","Warcry","Entrench"],"picked":"SKIP","floor":18},{"not_picked":["Heavy Blade","Reckless Charge"],"picked":"Anger","floor":19},{"not_picked":["Clash","Havoc","Hemokinesis"],"picked":"SKIP","floor":19},{"not_picked":["Perfected Strike+1","Pommel Strike"],"picked":"Battle Trance","floor":21},{"not_picked":["Bludgeon","Sever Soul"],"picked":"True Grit","floor":21},{"not_picked":["Warcry","Sword Boomerang"],"picked":"Body Slam+1","floor":24},{"not_picked":["Twin Strike","Pommel Strike"],"picked":"Battle Trance+1","floor":24},{"not_picked":["Inflame","Evolve"],"picked":"Disarm","floor":25},{"not_picked":["Uppercut","Rupture","Body Slam"],"picked":"SKIP","floor":27},{"not_picked":["Sever Soul","Blood for Blood","Power Through"],"picked":"SKIP","floor":29},{"not_picked":["Feel No Pain","Brutality"],"picked":"Barricade","floor":31},{"not_picked":["Barricade","Dark Embrace"],"picked":"Demon Form","floor":33},{"not_picked":["Armaments+1","Power Through+1"],"picked":"Warcry+1","floor":35},{"not_picked":["Whirlwind","Perfected Strike","Wild Strike"],"picked":"SKIP","floor":35},{"not_picked":["Warcry","Infernal Blade"],"picked":"Flame Barrier","floor":38},{"not_picked":["Cleave+1","Pummel"],"picked":"Warcry","floor":38},{"not_picked":["Whirlwind+1","Flex+1"],"picked":"Impervious","floor":40},{"not_picked":["Heavy Blade","Blood for Blood+1","Flex"],"picked":"SKIP","floor":41},{"not_picked":["Reckless Charge","Clothesline","Flex"],"picked":"SKIP","floor":41},{"not_picked":["Flex","Wild Strike","Clothesline"],"picked":"SKIP","floor":45},{"not_picked":["Clash","Evolve","Thunderclap"],"picked":"SKIP","floor":45},{"not_picked":["Whirlwind","Spot Weakness"],"picked":"Berserk","floor":46},{"not_picked":["Body Slam+1","Fire Breathing+1"],"picked":"Bloodletting+1","floor":47},{"not_picked":["Inflame","Iron Wave+1","Headbutt"],"picked":"SKIP","floor":47},{"not_picked":["Sword Boomerang","Double Tap"],"picked":"Havoc","floor":48},{"not_picked":["Rampage","Body Slam"],"picked":"Warcry","floor":54}],"player_experience":2735003,"relics_obtained":[{"floor":6,"key":"Prayer Wheel"},{"floor":8,"key":"Darkstone Periapt"},{"floor":9,"key":"Pen Nib"},{"floor":10,"key":"Bag of Preparation"},{"floor":12,"key":"Bag of Marbles"},{"floor":25,"key":"Mercury Hourglass"},{"floor":26,"key":"Ancient Tea Set"},{"floor":27,"key":"Blood Vial"},{"floor":29,"key":"Potion Belt"},{"floor":31,"key":"Anchor"},{"floor":40,"key":"Pocketwatch"},{"floor":46,"key":"Paper Frog"},{"floor":48,"key":"War Paint"},{"floor":54,"key":"Bronze Scales"}],"event_choices":[{"damage_healed":0,"gold_gain":0,"player_choice":"Success","damage_taken":5,"relics_obtained":["Centennial Puzzle"],"max_hp_gain":0,"max_hp_loss":0,"event_name":"Scrap Ooze","floor":2,"gold_loss":0},{"damage_healed":0,"gold_gain":75,"player_choice":"Gather Gold","damage_taken":11,"max_hp_gain":0,"max_hp_loss":0,"event_name":"World of Goop","floor":3,"gold_loss":0},{"damage_healed":0,"gold_gain":0,"player_choice":"Entered Light","damage_taken":23,"max_hp_gain":0,"max_hp_loss":0,"event_name":"Shining Light","floor":5,"gold_loss":0,"cards_upgraded":["Strike_R","Shockwave"]},{"damage_healed":0,"gold_gain":0,"player_choice":"Ignored","damage_taken":0,"max_hp_gain":0,"max_hp_loss":0,"event_name":"Golden Idol","floor":13,"gold_loss":0},{"damage_healed":0,"gold_gain":0,"player_choice":"Smashed Altar","damage_taken":0,"max_hp_gain":0,"max_hp_loss":0,"event_name":"Forgotten Altar","floor":22,"gold_loss":0,"cards_obtained":["Decay"]},{"damage_healed":0,"gold_gain":999,"player_choice":"Gold","damage_taken":0,"max_hp_gain":0,"max_hp_loss":0,"event_name":"MindBloom","floor":37,"gold_loss":0,"cards_obtained":["Normality","Normality"]}],"is_beta":false,"boss_relics":[{"not_picked":["Pandora\u0027s Box","Runic Cube"],"picked":"Runic Pyramid"},{"not_picked":["Snecko Eye","Eternal Feather"],"picked":"Astrolabe"}],"items_purged_floors":[20,30,39,53],"is_endless":false,"potions_floor_spawned":[1,4,10,12,19,27,29,31,35,46,47],"ascension_level":15}