{"gold_per_floor":[111,36,36,36,36,36,65,65,65,97,107,124,124,142,142,218,218,229,128,128,53,63,63,96,96,96,96,116,127,141,141,141,214,264,282,282,282,302,302,302,314,342,391,405,208,223,223,251,251,251,251,251,28,56,56],"floor_reached":55,"playtime":2639,"items_purged":["Strike_R","Parasite"],"score":1368,"play_id":"e4af46e6-282f-4f46-a93b-242eb91b4e8d","local_time":"20190620223252","is_ascension_mode":true,"campfire_choices":[{"data":"Searing Blow","floor":6,"key":"SMITH"},{"data":"Searing Blow+1","floor":8,"key":"SMITH"},{"data":"Searing Blow+2","floor":13,"key":"SMITH"},{"data":"Searing Blow+3","floor":15,"key":"SMITH"},{"data":"Searing Blow+4","floor":23,"key":"SMITH"},{"data":"Searing Blow+5","floor":25,"key":"SMITH"},{"floor":32,"key":"REST"},{"data":"Searing Blow+6","floor":40,"key":"SMITH"},{"floor":49,"key":"RECALL"},{"data":"Searing Blow+7","floor":52,"key":"SMITH"}],"neow_cost":"NONE","seed_source_timestamp":612197742679814,"circlet_count":0,"master_deck":["AscendersBane","Defend_R+1","Defend_R+1","Defend_R","Defend_R","Clothesline","Searing Blow+8","Battle Trance","Double Tap","Armaments","Headbutt","Flame Barrier","Battle Trance+1","Berserk","Warcry+1","Armaments+1","Secret Weapon","Purity","Finesse","Impervious"],"relics":["Burning Blood","Vajra","Pear","Pen Nib","Empty Cage","War Paint","Art of War","Gremlin Horn","Girya","Tiny House","Mango","Dream Catcher","Molten Egg 2","Bag of Preparation","Bottled Lightning"],"potions_floor_usage":[24,44,55,55],"damage_taken":[{"damage":0,"enemies":"Small Slimes","floor":1,"turns":3},{"damage":34,"enemies":"Gremlin Nob","floor":7,"turns":5},{"damage":30,"enemies":"3 Sentries","floor":10,"turns":6},{"damage":0,"enemies":"2 Louse","floor":11,"turns":2},{"damage":1,"enemies":"Cultist","floor":12,"turns":3},{"damage":0,"enemies":"Blue Slaver","floor":14,"turns":1},{"damage":30,"enemies":"Slime Boss","floor":16,"turns":8},{"damage":12,"enemies":"Chosen","floor":18,"turns":3},{"damage":22,"enemies":"2 Thieves","floor":22,"turns":3},{"damage":30,"enemies":"Book of Stabbing","floor":24,"turns":3},{"damage":0,"enemies":"Snake Plant","floor":28,"turns":2},{"damage":0,"enemies":"Centurion and Healer","floor":29,"turns":3},{"damage":0,"enemies":"Snecko","floor":30,"turns":3},{"damage":43,"enemies":"Champ","floor":33,"turns":19},{"damage":20,"enemies":"3 Darklings","floor":35,"turns":5},{"damage":0,"enemies":"Orb Walker","floor":38,"turns":1},{"damage":5,"enemies":"3 Darklings","floor":41,"turns":4},{"damage":27,"enemies":"Giant Head","floor":42,"turns":5},{"damage":6,"enemies":"Writhing Mass","floor":44,"turns":3},{"damage":2,"enemies":"Maw","floor":46,"turns":5},{"damage":0,"enemies":"Nemesis","floor":48,"turns":3},{"damage":37,"enemies":"Time Eater","floor":50,"turns":5},{"damage":7,"enemies":"Shield and Spear","floor":54,"turns":4},{"damage":155,"enemies":"The Heart","floor":55,"turns":6}],"seed_played":"-7943468848699491899","potions_obtained":[{"floor":10,"key":"Weak Potion"},{"floor":12,"key":"Explosive Potion"},{"floor":18,"key":"FearPotion"},{"floor":30,"key":"SneckoOil"},{"floor":34,"key":"BloodPotion"},{"floor":38,"key":"BloodPotion"},{"floor":44,"key":"Explosive Potion"}],"is_trial":false,"path_per_floor":["M","$","?","?","?","R","E","R","T","E","M","M","R","M","R","B",null,"M","$","T","?","M","R","E","R","T","?","M","M","M","?","R","B",null,"M","?","T","M","$","R","M","E","T","M","$","M","?","E","R","B",null,"R","$","E","B"],"character_chosen":"IRONCLAD","items_purchased":["Searing Blow","Headbutt","Finesse","Bag of Preparation","EssenceOfSteel"],"campfire_rested":1,"item_purchase_floors":[2,19,45,53,53],"current_hp_per_floor":[74,74,79,79,79,79,51,51,61,37,43,48,48,54,54,30,75,69,69,69,69,53,53,29,29,29,29,35,41,47,20,48,11,79,65,60,74,80,80,80,81,60,60,88,88,92,92,98,98,67,100,100,100,99,0],"gold":56,"neow_bonus":"RANDOM_COLORLESS","is_prod":false,"is_daily":false,"chose_seed":false,"campfire_upgraded":8,"win_rate":0,"timestamp":1561084372,"path_taken":["M","$","?","?","?","R","E","R","T","E","M","M","R","M","R","BOSS","M","$","?","?","M","R","E","R","T","?","M","?","M","?","R","BOSS","M","?","?","M","$","R","M","E","T","M","$","?","?","E","R","BOSS","R","$","E","BOSS"],"build_version":"2019-06-19","purchased_purges":2,"victory":false,"max_hp_per_floor":[75,75,80,80,80,80,80,80,90,90,90,90,90,90,90,90,90,90,90,90,90,90,90,90,90,90,90,90,90,90,95,95,95,100,100,100,114,114,114,114,114,114,114,114,111,111,111,111,111,111,111,111,111,111,111],"card_choices":[{"not_picked":["Flex","Wild Strike"],"picked":"Clothesline","floor":1},{"not_picked":["Body Slam","Fire Breathing"],"picked":"Battle Trance","floor":7},{"not_picked":["True Grit","Power Through","Pommel Strike"],"picked":"SKIP","floor":10},{"not_picked":["Clash","Combust","Ghostly Armor"],"picked":"SKIP","floor":11},{"not_picked":["Clash","Sentinel"],"picked":"Shrug It Off","floor":12},{"not_picked":["Headbutt","Heavy Blade","Twin Strike"],"picked":"SKIP","floor":14},{"not_picked":["Feed","Juggernaut"],"picked":"Double Tap","floor":16},{"not_picked":["Burning Pact","Havoc"],"picked":"Armaments","floor":18},{"not_picked":["Rampage","Sever Soul","Uppercut"],"picked":"SKIP","floor":22},{"not_picked":["Feel No Pain","Dual Wield"],"picked":"Flame Barrier","floor":24},{"not_picked":["Perfected Strike","Dropkick"],"picked":"Battle Trance+1","floor":28},{"not_picked":["Rage","Heavy Blade","Warcry"],"picked":"SKIP","floor":29},{"not_picked":["Clash","Sword Boomerang","Seeing Red"],"picked":"SKIP","floor":30},{"not_picked":["Demon Form","Dark Embrace"],"picked":"Berserk","floor":33},{"not_picked":["Seeing Red","True Grit"],"picked":"Warcry+1","floor":34},{"not_picked":["Wild Strike","Combust"],"picked":"Armaments+1","floor":35},{"not_picked":["Madness","Forethought"],"picked":"Secret Weapon","floor":36},{"not_picked":["Jack Of All Trades","Panacea"],"picked":"Purity","floor":36},{"not_picked":["Second Wind","Headbutt","Wild Strike"],"picked":"SKIP","floor":38},{"not_picked":["Heavy Blade","Iron Wave","Twin Strike"],"picked":"SKIP","floor":41},{"not_picked":["Flex+1","Headbutt+1","Warcry"],"picked":"SKIP","floor":42},{"not_picked":["Rage","Body Slam","Sever Soul"],"picked":"SKIP","floor":44},{"not_picked":["Thunderclap+1","True Grit","Armaments+1"],"picked":"SKIP","floor":46},{"not_picked":["Heavy Blade+1","Flex"],"picked":"Impervious","floor":48},{"not_picked":["Dark Embrace","Combust","Clothesline+1"],"picked":"SKIP","floor":54}],"player_experience":2551642,"relics_obtained":[{"floor":7,"key":"Vajra"},{"floor":9,"key":"Pear"},{"floor":10,"key":"Pen Nib"},{"floor":20,"key":"War Paint"},{"floor":24,"key":"Art of War"},{"floor":26,"key":"Gremlin Horn"},{"floor":37,"key":"Mango"},{"floor":42,"key":"Dream Catcher"},{"floor":48,"key":"Molten Egg 2"},{"floor":54,"key":"Bottled Lightning"}],"event_choices":[{"damage_healed":0,"gold_gain":0,"player_choice":"Donut","damage_taken":0,"max_hp_gain":5,"max_hp_loss":0,"event_name":"Big Fish","floor":3,"gold_loss":0},{"cards_removed":["Strike_R"],"damage_healed":0,"gold_gain":0,"player_choice":"Forget","damage_taken":0,"max_hp_gain":0,"max_hp_loss":0,"event_name":"Living Wall","floor":4,"gold_loss":0},{"cards_removed":["Strike_R"],"damage_healed":0,"gold_gain":0,"player_choice":"Offered Basic","damage_taken":0,"max_hp_gain":0,"max_hp_loss":0,"event_name":"Bonfire Elementals","floor":5,"gold_loss":0},{"cards_removed":["Bash"],"damage_healed":0,"gold_gain":0,"player_choice":"Gave Gold","damage_taken":0,"max_hp_gain":0,"max_hp_loss":0,"event_name":"Beggar","floor":21,"gold_loss":75},{"cards_removed":["Panacea"],"damage_healed":0,"gold_gain":0,"player_choice":"Gave Card","damage_taken":0,"relics_obtained":["Girya"],"max_hp_gain":0,"max_hp_loss":0,"event_name":"WeMeetAgain","floor":27,"gold_loss":0},{"damage_healed":0,"gold_gain":0,"player_choice":"Shed Blood","damage_taken":32,"max_hp_gain":5,"max_hp_loss":0,"event_name":"Forgotten Altar","floor":31,"gold_loss":0},{"damage_healed":0,"gold_gain":0,"player_choice":"Memory 2","damage_taken":5,"max_hp_gain":0,"max_hp_loss":0,"event_name":"SensoryStone","floor":36,"gold_loss":0},{"cards_removed":["Shrug It Off"],"damage_healed":0,"gold_gain":0,"player_choice":"Removed Skill","damage_taken":0,"max_hp_gain":0,"max_hp_loss":0,"event_name":"Falling","floor":47,"gold_loss":0}],"is_beta":true,"boss_relics":[{"not_picked":["Lizard Tail","Black Star"],"picked":"Empty Cage"},{"not_picked":["Orrery","Runic Cube"],"picked":"Tiny House"}],"items_purged_floors":[19,45],"is_endless":false,"potions_floor_spawned":[10,12,16,18,30,35,38,42,44,54],"killed_by":"The Heart","ascension_level":15}