{"gold_per_floor":[112,112,128,139,67,67,95,111,136,151,185,110,110,138,138,210,210,227,227,243,243,49,84,104,130,130,130,130,147,112,112,112,187,187,202,222,1221,1221,713,713,713,731,731,397,430,221,239,250,250,250,250,250,13,38,38],"floor_reached":55,"playtime":2472,"items_purged":["Strike_R","Normality","Normality"],"score":1343,"play_id":"467631a6-e729-4dea-a50a-b0158ef66278","local_time":"20190817223706","is_ascension_mode":true,"campfire_choices":[{"data":"Bash","floor":6,"key":"SMITH"},{"data":"Whirlwind","floor":13,"key":"SMITH"},{"data":"Flame Barrier","floor":15,"key":"SMITH"},{"floor":27,"key":"REST"},{"data":"Apotheosis","floor":32,"key":"SMITH"},{"floor":41,"key":"RECALL"},{"floor":49,"key":"REST"},{"floor":52,"key":"REST"}],"neow_cost":"PERCENT_DAMAGE","seed_source_timestamp":267477957956858,"circlet_count":0,"master_deck":["AscendersBane","Strike_R","Strike_R","Strike_R","Defend_R","Defend_R","Defend_R","Defend_R","Bash+1","Cleave","Power Through","Evolve","Flame Barrier+1","Impervious","Rupture","Whirlwind+1","Battle Trance+1","Immolate","Power Through","Apotheosis+1","Juggernaut","Iron Wave+1","Writhe","Disarm+1","Body Slam","Impervious","Power Through","Shrug It Off","Master of Strategy","Intimidate+1","Impervious","Master of Strategy","Metallicize"],"relics":["Burning Blood","Turnip","Ancient Tea Set","Bag of Preparation","Blood Vial","Incense Burner","Lizard Tail","Regal Pillow","Lantern","Calipers","Meat on the Bone","Juzu Bracelet","Fusion Hammer","War Paint","Lee\u0027s Waffle","Medical Kit","Du-Vu Doll","DollysMirror","Bird Faced Urn"],"potions_floor_usage":[7,23,24,33,35,55,55],"damage_taken":[{"damage":0,"enemies":"Small Slimes","floor":1,"turns":4},{"damage":1,"enemies":"Cultist","floor":3,"turns":4},{"damage":0,"enemies":"2 Louse","floor":4,"turns":2},{"damage":14,"enemies":"3 Sentries","floor":7,"turns":5},{"damage":1,"enemies":"Exordium Wildlife","floor":8,"turns":4},{"damage":3,"enemies":"Gremlin Gang","floor":10,"turns":4},{"damage":23,"enemies":"Lagavulin","floor":11,"turns":11},{"damage":2,"enemies":"3 Sentries","floor":14,"turns":3},{"damage":18,"enemies":"The Guardian","floor":16,"turns":13},{"damage":22,"enemies":"2 Thieves","floor":18,"turns":4},{"damage":10,"enemies":"Shell Parasite","floor":20,"turns":8},{"damage":26,"enemies":"Slavers","floor":23,"turns":4},{"damage":0,"enemies":"Snake Plant","floor":24,"turns":6},{"damage":29,"enemies":"Book of Stabbing","floor":25,"turns":7},{"damage":13,"enemies":"Cultist and Chosen","floor":29,"turns":8},{"damage":76,"enemies":"Automaton","floor":33,"turns":16},{"damage":23,"enemies":"3 Darklings","floor":35,"turns":6},{"damage":0,"enemies":"3 Shapes","floor":36,"turns":6},{"damage":0,"enemies":"Sphere and 2 Shapes","floor":42,"turns":2},{"damage":37,"enemies":"Nemesis","floor":45,"turns":9},{"damage":0,"enemies":"Spire Growth","floor":47,"turns":5},{"damage":0,"enemies":"Maw","floor":48,"turns":6},{"damage":58,"enemies":"Donu and Deca","floor":50,"turns":16},{"damage":36,"enemies":"Shield and Spear","floor":54,"turns":11},{"damage":64,"enemies":"The Heart","floor":55,"turns":12}],"seed_played":"3428439939421829943","potions_obtained":[{"floor":3,"key":"Swift Potion"},{"floor":11,"key":"Ancient Potion"},{"floor":14,"key":"EssenceOfSteel"},{"floor":23,"key":"GamblersBrew"},{"floor":25,"key":"LiquidBronze"},{"floor":33,"key":"Strength Potion"},{"floor":36,"key":"SteroidPotion"}],"is_trial":false,"path_per_floor":["M","?","M","M","$","R","E","M","T","M","E","$","R","E","R","B",null,"M","$","M","T","$","E","M","E","T","R","?","M","$","?","R","B",null,"M","M","?","?","$","?","R","M","T","$","E","$","M","M","R","B",null,"R","$","E","B"],"character_chosen":"IRONCLAD","items_purchased":["Evolve","Apotheosis","Disarm","War Paint","Lee\u0027s Waffle","Shrug It Off","Medical Kit","DollysMirror","PowerPotion","Master of Strategy"],"campfire_rested":3,"item_purchase_floors":[5,22,30,39,39,39,44,46,53,53],"current_hp_per_floor":[56,56,61,67,67,67,59,64,64,67,50,50,50,56,56,46,68,54,54,52,52,52,34,42,21,21,58,58,53,53,53,53,37,66,51,59,59,59,82,82,82,82,82,82,51,51,59,67,82,42,72,82,82,52,0],"gold":38,"neow_bonus":"ONE_RARE_RELIC","is_prod":false,"is_daily":false,"chose_seed":false,"campfire_upgraded":4,"win_rate":0,"timestamp":1566095826,"path_taken":["M","?","M","M","$","R","E","M","T","M","E","?","R","E","R","BOSS","M","$","M","?","$","E","M","E","T","R","?","M","?","?","R","BOSS","M","M","?","?","$","?","R","M","T","$","E","?","M","M","R","BOSS","R","$","E","BOSS"],"build_version":"2019-07-17","purchased_purges":3,"victory":false,"max_hp_per_floor":[75,75,75,75,75,75,75,75,75,75,75,75,75,75,75,75,75,75,75,75,75,75,75,75,75,75,75,75,75,75,75,75,75,75,75,75,75,75,82,82,82,82,82,82,82,82,82,82,82,82,82,82,82,82,82],"card_choices":[{"not_picked":["Thunderclap","Shrug It Off"],"picked":"Cleave","floor":1},{"not_picked":["Thunderclap","Flex"],"picked":"Combust","floor":3},{"not_picked":["Sever Soul","Warcry"],"picked":"Power Through","floor":4},{"not_picked":["Anger","Flex"],"picked":"Flame Barrier","floor":7},{"not_picked":["Headbutt","Wild Strike"],"picked":"Impervious","floor":8},{"not_picked":["Heavy Blade","Whirlwind"],"picked":"Rupture","floor":10},{"not_picked":["Ghostly Armor","Sword Boomerang"],"picked":"Whirlwind","floor":11},{"not_picked":["Infernal Blade","Sentinel"],"picked":"Battle Trance","floor":14},{"not_picked":["Dark Embrace","Double Tap"],"picked":"Immolate","floor":16},{"not_picked":["Heavy Blade","Uppercut"],"picked":"Power Through","floor":18},{"not_picked":["Rupture","Perfected Strike+1","Flex"],"picked":"SKIP","floor":20},{"not_picked":["Reckless Charge","Wild Strike"],"picked":"Juggernaut","floor":23},{"not_picked":["Heavy Blade","Sword Boomerang","Dropkick"],"picked":"SKIP","floor":24},{"not_picked":["Dual Wield","Hemokinesis"],"picked":"Iron Wave+1","floor":25},{"not_picked":["Bloodletting","Wild Strike","Whirlwind+1"],"picked":"SKIP","floor":29},{"not_picked":["Feed","Reaper"],"picked":"Impervious","floor":33},{"not_picked":["Perfected Strike","Inflame"],"picked":"Power Through","floor":35},{"not_picked":["Thunderclap","Seeing Red","Sever Soul"],"picked":"SKIP","floor":36},{"not_picked":["Thunderclap","Seeing Red","Sever Soul"],"picked":"SKIP","floor":36},{"not_picked":["Madness","Sadistic Nature"],"picked":"Master of Strategy","floor":40},{"not_picked":["Metallicize","Sword Boomerang"],"picked":"Intimidate+1","floor":42},{"not_picked":["Cleave","Anger+1","Thunderclap"],"picked":"SKIP","floor":45},{"not_picked":["Clothesline","Metallicize","Thunderclap+1"],"picked":"SKIP","floor":47},{"not_picked":["Iron Wave+1","Limit Break","Heavy Blade"],"picked":"SKIP","floor":48},{"not_picked":["Berserk","Headbutt"],"picked":"Metallicize","floor":54}],"player_experience":2701015,"relics_obtained":[{"floor":7,"key":"Ancient Tea Set"},{"floor":9,"key":"Bag of Preparation"},{"floor":11,"key":"Blood Vial"},{"floor":14,"key":"Incense Burner"},{"floor":21,"key":"Regal Pillow"},{"floor":23,"key":"Lantern"},{"floor":25,"key":"Calipers"},{"floor":26,"key":"Meat on the Bone"},{"floor":45,"key":"Du-Vu Doll"},{"floor":54,"key":"Bird Faced Urn"}],"event_choices":[{"cards_removed":["Strike_R"],"damage_healed":0,"gold_gain":0,"player_choice":"Purged","damage_taken":0,"max_hp_gain":0,"max_hp_loss":0,"event_name":"Purifier","floor":2,"gold_loss":0},{"damage_healed":0,"gold_gain":0,"player_choice":"Opened","damage_taken":0,"relics_obtained":["Juzu Bracelet"],"max_hp_gain":0,"max_hp_loss":0,"event_name":"The Mausoleum","floor":28,"gold_loss":0,"cards_obtained":["Writhe"]},{"damage_healed":0,"gold_gain":0,"player_choice":"Read","damage_taken":0,"max_hp_gain":0,"max_hp_loss":0,"event_name":"The Library","floor":31,"gold_loss":0,"cards_obtained":["Body Slam"]},{"damage_healed":0,"gold_gain":999,"player_choice":"Gold","damage_taken":0,"max_hp_gain":0,"max_hp_loss":0,"event_name":"MindBloom","floor":37,"gold_loss":0,"cards_obtained":["Normality","Normality"]},{"cards_removed":["Combust"],"damage_healed":0,"gold_gain":0,"player_choice":"Removed Power","damage_taken":0,"max_hp_gain":0,"max_hp_loss":0,"event_name":"Falling","floor":38,"gold_loss":0},{"damage_healed":0,"gold_gain":0,"player_choice":"Memory 1","damage_taken":0,"max_hp_gain":0,"max_hp_loss":0,"event_name":"SensoryStone","floor":40,"gold_loss":0}],"is_beta":false,"boss_relics":[{"not_picked":["Runic Dome","Busted Crown"],"picked":"Lizard Tail"},{"not_picked":["Snecko Eye","Coffee Dripper"],"picked":"Fusion Hammer"}],"items_purged_floors":[12,39,44],"is_endless":false,"potions_floor_spawned":[3,11,14,16,20,23,25,33,36,45,48],"killed_by":"The Heart","ascension_level":15}