{"gold_per_floor":[115,129,139,139,139,139,166,166,166,166,193,205,215,241,241,344,344,356,38,53,72,82,82,102,102,125,160,160,173,173,18,18,18],"floor_reached":33,"playtime":1728,"items_purged":["Doubt"],"score":379,"play_id":"98be808d-48b8-4e75-86ba-d51b9a51e451","local_time":"20190815172357","is_ascension_mode":true,"campfire_choices":[{"data":"Terror","floor":6,"key":"SMITH"},{"floor":8,"key":"REST"},{"data":"Blur","floor":15,"key":"SMITH"},{"floor":23,"key":"REST"},{"floor":25,"key":"RECALL"},{"floor":28,"key":"REST"},{"floor":32,"key":"REST"}],"neow_cost":"NONE","seed_source_timestamp":16526610013000,"circlet_count":0,"master_deck":["Strike_G","Strike_G","Strike_G","Strike_G","Strike_G","Defend_G","Defend_G","Defend_G+1","Defend_G","Defend_G","Survivor","Neutralize","Escape Plan+1","Quick Slash","Acrobatics","Terror+1","Dagger Throw","Blur","Flying Knee","Blur+1","Caltrops","Night Terror","Writhe","Doubt","Bouncing Flask","Outmaneuver+1","Infinite Blades","Bane+1","Accuracy","Dash"],"relics":["Ring of the Snake","Mercury Hourglass","Matryoshka","Oddly Smooth Stone","PreservedInsect","Darkstone Periapt","Potion Belt","Shuriken","Calling Bell","Snake Skull","Dodecahedron","Nunchaku","Ornamental Fan","Happy Flower","Kunai","Peace Pipe","Bronze Scales"],"potions_floor_usage":[12,27,27,33,33],"damage_taken":[{"damage":5,"enemies":"Small Slimes","floor":1,"turns":4},{"damage":0,"enemies":"Jaw Worm","floor":2,"turns":4},{"damage":1,"enemies":"Cultist","floor":3,"turns":4},{"damage":27,"enemies":"Gremlin Nob","floor":7,"turns":5},{"damage":0,"enemies":"3 Sentries","floor":11,"turns":5},{"damage":0,"enemies":"3 Louse","floor":12,"turns":2},{"damage":2,"enemies":"Exordium Thugs","floor":13,"turns":4},{"damage":0,"enemies":"Lagavulin","floor":14,"turns":4},{"damage":8,"enemies":"Hexaghost","floor":16,"turns":9},{"damage":25,"enemies":"Spheric Guardian","floor":18,"turns":5},{"damage":13,"enemies":"Shell Parasite","floor":20,"turns":5},{"damage":9,"enemies":"Snake Plant","floor":21,"turns":4},{"damage":26,"enemies":"Snecko","floor":22,"turns":6},{"damage":0,"enemies":"Chosen and Byrds","floor":24,"turns":4},{"damage":32,"enemies":"Gremlin Leader","floor":27,"turns":6},{"damage":24,"enemies":"Snake Plant","floor":29,"turns":6},{"damage":46,"enemies":"Collector","floor":33,"turns":5}],"seed_played":"6389527825973604463","potions_obtained":[{"floor":7,"key":"Ancient Potion"},{"floor":11,"key":"EssenceOfSteel"},{"floor":12,"key":"Fruit Juice"},{"floor":16,"key":"Weak Potion"},{"floor":27,"key":"SneckoOil"},{"floor":29,"key":"Poison Potion"}],"is_trial":false,"path_per_floor":["M","M","M","?","?","R","E","R","T","T","E","M","M","E","R","B",null,"M","$","M","M","M","R","M","R","T","E","R","M","?","$","R","B"],"character_chosen":"THE_SILENT","items_purchased":["Ornamental Fan","Bronze Scales"],"campfire_rested":4,"item_purchase_floors":[19,31],"current_hp_per_floor":[65,65,64,50,43,43,16,37,37,37,37,42,40,40,40,32,93,68,68,55,46,20,47,47,47,47,15,42,18,18,18,45,0],"gold":18,"neow_bonus":"THREE_CARDS","is_prod":false,"is_daily":false,"chose_seed":false,"campfire_upgraded":2,"win_rate":0,"timestamp":1565882637,"path_taken":["M","M","M","?","?","R","E","R","T","?","E","?","M","E","R","BOSS","M","$","M","M","M","R","M","R","T","E","R","M","?","?","R","BOSS"],"build_version":"2019-07-17","purchased_purges":1,"victory":false,"max_hp_per_floor":[70,70,70,70,70,70,70,70,70,70,70,75,75,75,75,75,93,93,93,93,93,93,93,93,93,93,93,93,93,93,93,93,93],"card_choices":[{"not_picked":["Bouncing Flask","Expertise"],"picked":"Escape Plan","floor":0},{"not_picked":["Outmaneuver","Blade Dance"],"picked":"Quick Slash","floor":1},{"not_picked":["Expertise","Underhanded Strike"],"picked":"Acrobatics","floor":2},{"not_picked":["Accuracy","Cloak And Dagger"],"picked":"Terror","floor":3},{"not_picked":["Caltrops","Burst"],"picked":"Dagger Throw","floor":7},{"not_picked":["Noxious Fumes","PiercingWail"],"picked":"Blur","floor":11},{"not_picked":["Acrobatics","Prepared"],"picked":"Flying Knee","floor":12},{"not_picked":["Underhanded Strike","Slice"],"picked":"Blur","floor":13},{"not_picked":["Outmaneuver","Infinite Blades"],"picked":"Caltrops","floor":14},{"not_picked":["Doppelganger","Wraith Form v2"],"picked":"Night Terror","floor":16},{"not_picked":["Dagger Throw","Predator"],"picked":"Bouncing Flask","floor":18},{"not_picked":["Underhanded Strike+1","Prepared"],"picked":"Outmaneuver+1","floor":20},{"not_picked":["Blade Dance","Sucker Punch"],"picked":"Infinite Blades","floor":21},{"not_picked":["Dagger Spray","Choke","Night Terror"],"picked":"SKIP","floor":22},{"not_picked":["Poisoned Stab","Backstab"],"picked":"Bane+1","floor":24},{"not_picked":["Bouncing Flask","Eviscerate"],"picked":"Accuracy","floor":27},{"not_picked":["Masterful Stab","Deflect"],"picked":"Dash","floor":29}],"player_experience":90655,"relics_obtained":[{"floor":7,"key":"Matryoshka"},{"floor":9,"key":"Oddly Smooth Stone"},{"floor":10,"key":"PreservedInsect"},{"floor":10,"key":"Darkstone Periapt"},{"floor":11,"key":"Potion Belt"},{"floor":14,"key":"Shuriken"},{"floor":17,"key":"Snake Skull"},{"floor":17,"key":"Dodecahedron"},{"floor":17,"key":"Nunchaku"},{"floor":26,"key":"Happy Flower"},{"floor":27,"key":"Kunai"}],"event_choices":[{"damage_healed":0,"gold_gain":0,"player_choice":"Entered Light","damage_taken":14,"max_hp_gain":0,"max_hp_loss":0,"event_name":"Shining Light","floor":4,"gold_loss":0,"cards_upgraded":["Escape Plan","Defend_G"]},{"damage_healed":0,"gold_gain":0,"player_choice":"Success","damage_taken":7,"relics_obtained":["Mercury Hourglass"],"max_hp_gain":0,"max_hp_loss":0,"event_name":"Scrap Ooze","floor":5,"gold_loss":0},{"damage_healed":0,"gold_gain":0,"player_choice":"Gave Potion","damage_taken":0,"relics_obtained":["Peace Pipe"],"max_hp_gain":0,"max_hp_loss":0,"event_name":"WeMeetAgain","floor":30,"gold_loss":0}],"is_beta":false,"boss_relics":[{"not_picked":["Cursed Key","HoveringKite"],"picked":"Calling Bell"}],"items_purged_floors":[19],"is_endless":false,"potions_floor_spawned":[7,11,12,16,27,29],"killed_by":"Collector","ascension_level":1}