{"gold_per_floor":[211,231,231,302,236,267,127,127,154,181,193,225,247,275,287,376,388,420,4,4,17,36,36,51,86,111,126,126,161,161,161,161,239,239,249,249,267,217,227,227,255,269,317,317,331,345,355,369,369,369,369,369,3,3],"floor_reached":54,"playtime":2748,"items_purged":["Strike_G","Strike_G","Strike_G"],"score":1229,"play_id":"901bd975-4917-43b4-8788-59e8bd6440ae","local_time":"20190716192034","is_ascension_mode":true,"campfire_choices":[{"floor":8,"key":"REST"},{"data":"Crippling Poison","floor":11,"key":"SMITH"},{"data":"Deadly Poison","floor":15,"key":"SMITH"},{"data":"Wraith Form v2","floor":23,"key":"SMITH"},{"floor":28,"key":"REST"},{"floor":30,"key":"REST"},{"data":"Footwork","floor":32,"key":"SMITH"},{"floor":40,"key":"RECALL"},{"floor":44,"key":"REST"},{"data":"Catalyst","floor":49,"key":"SMITH"},{"data":"Well Laid Plans","floor":52,"key":"SMITH"}],"neow_cost":"NONE","seed_source_timestamp":520896997942386,"circlet_count":0,"master_deck":["AscendersBane","Strike_G+1","Strike_G+1","Defend_G","Defend_G","Defend_G","Defend_G","Defend_G","Survivor","Neutralize","Dagger Spray","Crippling Poison+1","Skewer","Deadly Poison+1","PiercingWail","PiercingWail","Corpse Explosion","Wraith Form v2+1","Noxious Fumes","Footwork+1","Backflip+1","Well Laid Plans+1","Backflip+1","Corpse Explosion","Leg Sweep","Venomology","Catalyst+1","PiercingWail+1","PiercingWail","Parasite","Backflip+1","Footwork","Footwork+1","Acrobatics+1"],"relics":["Ring of the Snake","The Courier","Snake Skull","MawBank","White Beast Statue","Anchor","Dream Catcher","Bag of Preparation","Smiling Mask","hubris:GrandSneckoEye","hubris:CuriousFeather","Oddly Smooth Stone","hubris:Teleporter"],"potions_floor_usage":[6,13,16,18,22,24,25,27,33,33,35,39,41,41,42,46,46,50,54,54],"damage_taken":[{"damage":2,"enemies":"2 Louse","floor":1,"turns":4},{"damage":1,"enemies":"Jaw Worm","floor":2,"turns":6},{"damage":19,"enemies":"3 Sentries","floor":6,"turns":10},{"damage":0,"enemies":"Cultist","floor":10,"turns":3},{"damage":7,"enemies":"Blue Slaver","floor":12,"turns":4},{"damage":0,"enemies":"2 Fungi Beasts","floor":13,"turns":3},{"damage":4,"enemies":"Red Slaver","floor":14,"turns":4},{"damage":16,"enemies":"Hexaghost","floor":16,"turns":9},{"damage":0,"enemies":"Chosen","floor":18,"turns":5},{"damage":4,"enemies":"Shell Parasite","floor":21,"turns":5},{"damage":0,"enemies":"Snake Plant","floor":22,"turns":4},{"damage":1,"enemies":"Centurion and Healer","floor":24,"turns":6},{"damage":33,"enemies":"Book of Stabbing","floor":25,"turns":6},{"damage":0,"enemies":"Sentry and Sphere","floor":27,"turns":5},{"damage":5,"enemies":"Gremlin Leader","floor":29,"turns":7},{"damage":40,"enemies":"Automaton","floor":33,"turns":12},{"damage":0,"enemies":"3 Darklings","floor":35,"turns":5},{"damage":0,"enemies":"3 Shapes","floor":37,"turns":3},{"damage":8,"enemies":"Spire Growth","floor":39,"turns":5},{"damage":37,"enemies":"Nemesis","floor":41,"turns":9},{"damage":0,"enemies":"Writhing Mass","floor":42,"turns":5},{"damage":0,"enemies":"4 Shapes","floor":45,"turns":4},{"damage":6,"enemies":"Transient","floor":46,"turns":5},{"damage":0,"enemies":"Sphere and 2 Shapes","floor":47,"turns":4},{"damage":0,"enemies":"4 Shapes","floor":48,"turns":5},{"damage":25,"enemies":"Time Eater","floor":50,"turns":14},{"damage":54,"enemies":"Shield and Spear","floor":54,"turns":5}],"seed_played":"-4657514641356622498","potions_obtained":[{"floor":1,"key":"Fire Potion"},{"floor":10,"key":"Swift Potion"},{"floor":12,"key":"PowerPotion"},{"floor":13,"key":"LiquidBronze"},{"floor":18,"key":"Fire Potion"},{"floor":22,"key":"Block Potion"},{"floor":24,"key":"Poison Potion"},{"floor":25,"key":"Energy Potion"},{"floor":27,"key":"Fire Potion"},{"floor":33,"key":"Block Potion"},{"floor":35,"key":"Block Potion"},{"floor":41,"key":"FearPotion"},{"floor":45,"key":"Regen Potion"},{"floor":46,"key":"SkillPotion"}],"is_trial":false,"path_per_floor":["M","M","?","T","?","E","$","R","T","M","R","M","M","M","R","B",null,"M","$","?","M","M","R","M","E","T","M","R","E","R","?","R","B",null,"M","?","M","$","M","R","E","M","T","R","M","M","M","M","R","B",null,"R","$","E"],"character_chosen":"THE_SILENT","items_purchased":["AttackPotion","Deadly Poison","Wraith Form v2","Noxious Fumes","AttackPotion","Anchor","Oddly Smooth Stone","hubris:Teleporter"],"campfire_rested":4,"item_purchase_floors":[7,7,19,19,19,19,53,53],"current_hp_per_floor":[57,56,36,36,36,17,17,36,36,36,36,29,29,25,25,9,52,52,52,52,48,48,48,47,14,14,14,33,28,47,47,47,7,51,51,51,51,51,43,43,6,6,6,25,25,34,34,34,34,9,52,52,52,0],"gold":3,"neow_bonus":"HUNDRED_GOLD","is_prod":false,"is_daily":false,"chose_seed":false,"campfire_upgraded":6,"win_rate":0,"timestamp":1563319234,"path_taken":["M","M","?","?","?","E","?","R","T","M","R","M","?","M","R","BOSS","M","$","?","M","M","R","M","E","T","M","R","E","R","?","R","BOSS","M","?","M","$","M","R","E","M","T","R","M","?","M","M","R","BOSS","R","$","E"],"build_version":"2019-07-05","purchased_purges":3,"victory":false,"max_hp_per_floor":[66,66,66,66,66,66,66,66,66,66,66,66,66,66,66,66,66,66,66,66,66,66,66,66,66,66,66,66,66,66,66,66,66,66,66,66,66,66,66,66,66,66,66,66,66,66,66,66,66,66,66,66,66,66],"card_choices":[{"not_picked":["Eviscerate","Cloak And Dagger"],"picked":"Dagger Spray","floor":1},{"not_picked":["Blade Dance","Dodge and Roll"],"picked":"Crippling Poison","floor":2},{"not_picked":["Flechettes","All Out Attack"],"picked":"Skewer","floor":6},{"not_picked":["Riddle With Holes","Deflect"],"picked":"PiercingWail","floor":10},{"not_picked":["Dodge and Roll","Underhanded Strike"],"picked":"PiercingWail","floor":12},{"not_picked":["Distraction","Flying Knee","Underhanded Strike"],"picked":"SKIP","floor":13},{"not_picked":["Slice","Bane","Blade Dance"],"picked":"SKIP","floor":14},{"not_picked":["Grand Finale","Night Terror"],"picked":"Corpse Explosion","floor":16},{"not_picked":["Slice","Deflect","hubris:SlightOfHand+1"],"picked":"SKIP","floor":18},{"not_picked":["Flying Knee","Finisher"],"picked":"Footwork","floor":21},{"not_picked":["Riddle With Holes","Poisoned Stab","Prepared"],"picked":"SKIP","floor":22},{"not_picked":["Deadly Poison","hubris:Counter","Acrobatics"],"picked":"SKIP","floor":24},{"not_picked":["Cloak And Dagger","Setup"],"picked":"Backflip+1","floor":25},{"not_picked":["Doppelganger","Skewer"],"picked":"Well Laid Plans","floor":27},{"not_picked":["Prepared","Infinite Blades"],"picked":"Backflip+1","floor":28},{"not_picked":["Flying Knee","Blade Dance"],"picked":"Corpse Explosion","floor":29},{"not_picked":["Backflip","Bane"],"picked":"Leg Sweep","floor":30},{"not_picked":["Glass Knife","Corpse Explosion"],"picked":"Venomology","floor":33},{"not_picked":["Outmaneuver","Escape Plan","Underhanded Strike"],"picked":"SKIP","floor":35},{"not_picked":["hubris:SlightOfHand","Endless Agony"],"picked":"Catalyst","floor":37},{"not_picked":["hubris:SlightOfHand+1","Infinite Blades+1"],"picked":"PiercingWail+1","floor":39},{"not_picked":["Deadly Poison","Dagger Throw+1"],"picked":"PiercingWail","floor":41},{"not_picked":["Sucker Punch","Underhanded Strike"],"picked":"Backflip+1","floor":42},{"not_picked":["Deadly Poison","Flying Knee","Storm of Steel"],"picked":"SKIP","floor":45},{"not_picked":["Blade Dance","Endless Agony+1"],"picked":"Footwork","floor":46},{"not_picked":["Slice","Escape Plan"],"picked":"Footwork+1","floor":47},{"not_picked":["hubris:Sniper","Escape Plan+1"],"picked":"Acrobatics+1","floor":48}],"player_experience":2587825,"relics_obtained":[{"floor":4,"key":"The Courier"},{"floor":6,"key":"Snake Skull"},{"floor":9,"key":"MawBank"},{"floor":25,"key":"Dream Catcher"},{"floor":26,"key":"Bag of Preparation"},{"floor":29,"key":"Smiling Mask"},{"floor":41,"key":"hubris:CuriousFeather"}],"event_choices":[{"damage_healed":0,"gold_gain":0,"player_choice":"Entered Light","damage_taken":20,"max_hp_gain":0,"max_hp_loss":0,"event_name":"Shining Light","floor":3,"gold_loss":0,"cards_upgraded":["Strike_G","Strike_G"]},{"damage_healed":0,"gold_gain":0,"player_choice":"Left Gold","damage_taken":0,"max_hp_gain":0,"max_hp_loss":0,"event_name":"World of Goop","floor":5,"gold_loss":66},{"damage_healed":0,"gold_gain":0,"player_choice":"Ignored","damage_taken":0,"max_hp_gain":0,"max_hp_loss":0,"event_name":"Vampires","floor":20,"gold_loss":0},{"damage_healed":0,"gold_gain":0,"player_choice":"Got Potions","damage_taken":0,"max_hp_gain":0,"max_hp_loss":0,"event_name":"Lab","floor":36,"gold_loss":0}],"is_beta":false,"boss_relics":[{"not_picked":["hubris:BlackHole","Ectoplasm"],"picked":"White Beast Statue"},{"not_picked":["hubris:VirtuousBlindfold","Philosopher\u0027s Stone"],"picked":"hubris:GrandSneckoEye"}],"items_purged_floors":[7,19,38],"is_endless":false,"potions_floor_spawned":[1,10,12,13,18,21,22,24,25,27,29,33,35,37,39,41,42,45,46,47,48],"killed_by":"Shield and Spear","ascension_level":15}