{"gold_per_floor":[117,117,117,131,184,184,214,214,214,243,243,168,168,201,201,278,278,259,259,269,269,269,269,294,310,310,342,267,267,279,279,279,352,352,370,380,70,80,94,123,138,151,151,151,151,165,192,202,202,202,202,202,54,84,84],"floor_reached":55,"playtime":2397,"items_purged":["Regret","Strike_G"],"score":1327,"play_id":"3c9e8235-52c8-4a90-ad26-ef80a577cac8","local_time":"20190513234537","is_ascension_mode":true,"campfire_choices":[{"data":"Neutralize","floor":6.0,"key":"SMITH"},{"data":"Dagger Throw","floor":8.0,"key":"SMITH"},{"data":"Noxious Fumes","floor":11.0,"key":"SMITH"},{"data":"Backflip","floor":13.0,"key":"SMITH"},{"data":"Catalyst","floor":15.0,"key":"SMITH"},{"data":"After Image","floor":23.0,"key":"SMITH"},{"floor":29.0,"key":"REST"},{"data":"Crippling Poison","floor":32.0,"key":"SMITH"},{"floor":44.0,"key":"RECALL"},{"floor":49.0,"key":"REST"},{"data":"Envenom","floor":52.0,"key":"SMITH"}],"neow_cost":"NONE","seed_source_timestamp":0,"circlet_count":0,"master_deck":["AscendersBane","Defend_G","Defend_G","Defend_G","Defend_G","Defend_G","Strike_G","Strike_G","Survivor","Neutralize+1","Backflip+1","Dagger Throw+1","After Image+1","Noxious Fumes+1","Catalyst+1","Unload+1","Skewer+1","Dagger Throw+1","Backflip+1","Dagger Spray+1","PiercingWail","Crippling Poison+1","Leg Sweep","Envenom+1","Acrobatics+1","Calculated Gamble+1","Backflip","Cloak And Dagger","Injury","Prepared+1","Well Laid Plans","PiercingWail+1"],"special_seed":0,"relics":["Ring of the Snake","Bag of Marbles","Shuriken","Omamori","Snake Skull","Molten Egg 2","Cursed Key","Pear","Blood Vial","Nloth\u0027s Gift","Dream Catcher","Vajra","Bottled Tornado","Eternal Feather","TwistedFunnel","Letter Opener","Centennial Puzzle","Art of War","Happy Flower"],"potions_floor_usage":[55],"damage_taken":[{"damage":0.0,"enemies":"2 Louse","floor":1.0,"turns":1.0},{"damage":0.0,"enemies":"Jaw Worm","floor":4.0,"turns":1.0},{"damage":0.0,"enemies":"3 Sentries","floor":7.0,"turns":2.0},{"damage":13.0,"enemies":"Gremlin Nob","floor":10.0,"turns":4.0},{"damage":2.0,"enemies":"Lagavulin","floor":14.0,"turns":7.0},{"damage":3.0,"enemies":"Hexaghost","floor":16.0,"turns":8.0},{"damage":14.0,"enemies":"2 Thieves","floor":18.0,"turns":4.0},{"damage":5.0,"enemies":"3 Byrds","floor":20.0,"turns":5.0},{"damage":19.0,"enemies":"Book of Stabbing","floor":24.0,"turns":5.0},{"damage":10.0,"enemies":"Shelled Parasite and Fungi","floor":25.0,"turns":4.0},{"damage":5.0,"enemies":"Slavers","floor":27.0,"turns":4.0},{"damage":0.0,"enemies":"Centurion and Healer","floor":30.0,"turns":4.0},{"damage":41.0,"enemies":"Champ","floor":33.0,"turns":11.0},{"damage":3.0,"enemies":"Orb Walker","floor":35.0,"turns":4.0},{"damage":0.0,"enemies":"3 Shapes","floor":36.0,"turns":8.0},{"damage":0.0,"enemies":"Transient","floor":38.0,"turns":5.0},{"damage":8.0,"enemies":"Jaw Worm Horde","floor":39.0,"turns":2.0},{"damage":27.0,"enemies":"Nemesis","floor":40.0,"turns":9.0},{"damage":1.0,"enemies":"3 Darklings","floor":41.0,"turns":4.0},{"damage":4.0,"enemies":"Transient","floor":42.0,"turns":5.0},{"damage":0.0,"enemies":"Sphere and 2 Shapes","floor":46.0,"turns":4.0},{"damage":16.0,"enemies":"Reptomancer","floor":47.0,"turns":6.0},{"damage":12.0,"enemies":"Jaw Worm Horde","floor":48.0,"turns":4.0},{"damage":35.0,"enemies":"Donu and Deca","floor":50.0,"turns":10.0},{"damage":21.0,"enemies":"Shield and Spear","floor":54.0,"turns":5.0},{"damage":61,"enemies":"The Heart","floor":55,"turns":6}],"seed_played":"-5182580688612200286","potions_obtained":[{"floor":7.0,"key":"SpeedPotion"},{"floor":14.0,"key":"Strength Potion"},{"floor":24.0,"key":"Dexterity Potion"},{"floor":27.0,"key":"EssenceOfSteel"},{"floor":39.0,"key":"Regen Potion"},{"floor":40.0,"key":"Dexterity Potion"},{"floor":42.0,"key":"GhostInAJar"}],"is_trial":false,"path_per_floor":["M","$","?","M","T","R","E","R","T","E","R","?","R","E","R","B",null,"M","?","M","?","?","R","E","M","T","E","$","R","M","?","R","B",null,"M","M","$","M","M","E","M","M","T","R","?","M","E","M","R","B",null,"R","$","E","B"],"character_chosen":"THE_SILENT","items_purchased":["TwistedFunnel","Art of War"],"campfire_rested":2,"item_purchase_floors":[37,53],"current_hp_per_floor":[59,59,52,52,52,52,52,52,52,39,39,39,39,37,37,34,58,44,54,49,49,49,49,32,24,24,21,21,43,45,45,45,6,59,58,60,60,62,56,46,47,45,45,60,60,62,48,38,72,37,63,72,72,51,0],"gold":84,"neow_bonus":"THREE_ENEMY_KILL","is_prod":false,"is_daily":false,"chose_seed":false,"campfire_upgraded":8,"win_rate":0,"timestamp":1557805537,"path_taken":["M","$","?","M","?","R","E","R","T","E","R","?","R","E","R","BOSS","M","?","M","?","?","R","E","M","T","E","$","R","?","?","R","BOSS","M","M","$","M","M","E","?","M","T","R","?","M","E","M","R","BOSS","R","$","E","BOSS"],"build_version":"2019-05-07","purchased_purges":2,"victory":false,"max_hp_per_floor":[66,66,66,66,66,66,66,66,66,66,66,66,66,66,66,66,66,66,76,76,76,76,76,76,76,76,76,76,76,76,76,76,76,76,76,76,76,76,76,76,76,76,76,76,72,72,72,72,72,72,72,72,72,72,72],"card_choices":[{"not_picked":["Slice","Outmaneuver"],"picked":"Backflip","floor":1.0},{"not_picked":["Backflip","PiercingWail"],"picked":"Dagger Throw","floor":4.0},{"not_picked":["Dodge and Roll","Well Laid Plans"],"picked":"After Image","floor":7.0},{"not_picked":["PiercingWail","Dodge and Roll"],"picked":"Noxious Fumes","floor":10.0},{"not_picked":["Eviscerate","Bane"],"picked":"Catalyst","floor":14.0},{"not_picked":["Venomology","A Thousand Cuts"],"picked":"Unload+1","floor":16.0},{"not_picked":["Bane+1","Catalyst"],"picked":"Skewer+1","floor":18.0},{"not_picked":["Quick Slash+1","Riddle With Holes+1"],"picked":"Dagger Throw+1","floor":20.0},{"not_picked":["Dodge and Roll","Underhanded Strike+1"],"picked":"Backflip+1","floor":24.0},{"not_picked":["Backflip","Doppelganger"],"picked":"Dagger Spray+1","floor":25.0},{"not_picked":["Slice+1","Acrobatics"],"picked":"PiercingWail","floor":27.0},{"not_picked":["Choke+1","Dodge and Roll+1"],"picked":"Crippling Poison","floor":29.0},{"not_picked":["Tools of the Trade","Die Die Die+1"],"picked":"Leg Sweep","floor":30.0},{"not_picked":["Glass Knife+1","Die Die Die+1"],"picked":"Envenom","floor":33.0},{"not_picked":["All Out Attack+1","Dagger Spray+1","Setup"],"picked":"SKIP","floor":35.0},{"not_picked":["Acrobatics","Heel Hook+1","Prepared"],"picked":"SKIP","floor":36.0},{"not_picked":["Riddle With Holes+1","Noxious Fumes"],"picked":"Acrobatics+1","floor":38.0},{"not_picked":["Deflect","Caltrops"],"picked":"Calculated Gamble+1","floor":39.0},{"not_picked":["Sucker Punch+1","Poisoned Stab+1","Slice+1"],"picked":"SKIP","floor":40.0},{"not_picked":["Escape Plan","Burst"],"picked":"Backflip","floor":41.0},{"not_picked":["Sucker Punch+1","Terror"],"picked":"Cloak And Dagger","floor":42.0},{"not_picked":["Acrobatics","Calculated Gamble","Prepared"],"picked":"SKIP","floor":46.0},{"not_picked":["Crippling Poison","Outmaneuver","Flying Knee+1"],"picked":"SKIP","floor":47.0},{"not_picked":["Doppelganger","Endless Agony+1"],"picked":"Prepared+1","floor":48.0},{"not_picked":["Prepared","PiercingWail"],"picked":"Well Laid Plans","floor":49.0},{"not_picked":["Bane+1","Deadly Poison"],"picked":"PiercingWail+1","floor":54.0}],"player_experience":2502680,"relics_obtained":[{"floor":5.0,"key":"Bag of Marbles"},{"floor":7.0,"key":"Shuriken"},{"floor":9.0,"key":"Omamori"},{"floor":10.0,"key":"Snake Skull"},{"floor":14.0,"key":"Molten Egg 2"},{"floor":24.0,"key":"Dream Catcher"},{"floor":26.0,"key":"Vajra"},{"floor":27.0,"key":"Bottled Tornado"},{"floor":40.0,"key":"Letter Opener"},{"floor":47.0,"key":"Centennial Puzzle"},{"floor":54.0,"key":"Happy Flower"}],"event_choices":[{"cards_removed":["Strike_G"],"damage_healed":0.0,"max_hp_gain":0.0,"max_hp_loss":0.0,"gold_gain":0.0,"event_name":"Golden Wing","player_choice":"Card Removal","floor":3.0,"gold_loss":0.0,"damage_taken":7.0},{"cards_removed":["Strike_G"],"damage_healed":0.0,"max_hp_gain":0.0,"max_hp_loss":0.0,"gold_gain":0.0,"event_name":"The Cleric","player_choice":"Card Removal","floor":12.0,"gold_loss":75.0,"damage_taken":0.0},{"damage_healed":0.0,"max_hp_gain":0.0,"max_hp_loss":0.0,"gold_gain":0.0,"event_name":"Addict","player_choice":"Stole Relic","floor":19.0,"gold_loss":0.0,"damage_taken":0.0,"relics_obtained":["Pear"],"cards_obtained":["Shame"]},{"damage_healed":0.0,"max_hp_gain":0.0,"max_hp_loss":0.0,"gold_gain":0.0,"event_name":"The Mausoleum","player_choice":"Opened","floor":21.0,"gold_loss":0.0,"damage_taken":0.0,"relics_obtained":["Blood Vial"],"cards_obtained":["Writhe"]},{"damage_healed":0.0,"max_hp_gain":0.0,"max_hp_loss":0.0,"gold_gain":0.0,"event_name":"N\u0027loth","player_choice":"Traded Relic","floor":22.0,"relics_lost":["NeowsBlessing"],"gold_loss":0.0,"damage_taken":0.0,"relics_obtained":["Nloth\u0027s Gift"]},{"damage_healed":0.0,"max_hp_gain":0.0,"max_hp_loss":0.0,"gold_gain":0.0,"event_name":"FaceTrader","player_choice":"Leave","floor":31.0,"gold_loss":0.0,"damage_taken":0.0},{"damage_healed":0.0,"max_hp_gain":0.0,"max_hp_loss":4.0,"gold_gain":0.0,"event_name":"Winding Halls","player_choice":"Max HP","floor":45.0,"gold_loss":0.0,"damage_taken":0.0}],"is_beta":true,"boss_relics":[{"not_picked":["Snecko Eye","HoveringKite"],"picked":"Cursed Key"},{"not_picked":["Sozu","White Beast Statue"],"picked":"Eternal Feather"}],"items_purged_floors":[28,37],"is_endless":false,"potions_floor_spawned":[7,14,24,27,33,39,40,41,42,47],"killed_by":"The Heart","ascension_level":15}