{"gold_per_floor":[113,178,191,201,201,241,241,241,266,281,281,305,14,47,47,168,168,188,20,40,54,54,54,89,89,112,112,156,179,204,237,237,361,361,374,435,454,454,42,167,185,221,221,235,235],"floor_reached":45,"playtime":3164,"items_purged":["Strike_R","Defend_R"],"score":675,"play_id":"2465976a-5493-4ff1-8c24-210068ccfa49","local_time":"20190223193248","is_ascension_mode":false,"campfire_choices":[{"data":"Flame Barrier","floor":7,"key":"SMITH"},{"data":"Spot Weakness","floor":11,"key":"SMITH"},{"floor":15,"key":"REST"},{"data":"Limit Break","floor":23,"key":"SMITH"},{"data":"True Grit","floor":25,"key":"SMITH"},{"data":"Iron Wave","floor":27,"key":"SMITH"},{"floor":32,"key":"REST"}],"neow_cost":"NONE","seed_source_timestamp":0,"circlet_count":0,"master_deck":["Strike_R","Strike_R","Strike_R","Defend_R","Bash+1","Flame Barrier+1","Clothesline","Burning Pact","Limit Break+1","Spot Weakness+1","Wild Strike","Twin Strike","Pommel Strike","Immolate","Iron Wave+1","Inflame","Heavy Blade","True Grit+1","Heavy Blade+1","Immolate","Doubt","Impervious","Havoc","Flex+1","Carnage","Limit Break","Feel No Pain+1","Exhume+1","Cleave+1","Shrug It Off+1","Sentinel","Whirlwind","Shockwave","Sword Boomerang+1","Parasite","Power Through","Dropkick+1","Shame","Inflame"],"special_seed":0,"relics":["Burning Blood","Golden Idol","Orichalcum","Smiling Mask","Mercury Hourglass","Odd Mushroom","Cursed Key","Mango","Lantern","Charon\u0027s Ashes","Ginger","Astrolabe","Unceasing Top","Toolbox","Nunchaku","Gremlin Horn"],"potions_floor_usage":[6,24,28,31,31,31,41,45],"damage_taken":[{"damage":1,"enemies":"2 Louse","floor":1,"turns":2},{"damage":6,"enemies":"Jaw Worm","floor":3,"turns":3},{"damage":0,"enemies":"Cultist","floor":4,"turns":4},{"damage":34,"enemies":"3 Sentries","floor":6,"turns":10},{"damage":0,"enemies":"Looter","floor":10,"turns":4},{"damage":8,"enemies":"Lots of Slimes","floor":12,"turns":4},{"damage":12,"enemies":"The Mushroom Lair","floor":14,"turns":4},{"damage":10,"enemies":"Slime Boss","floor":16,"turns":9},{"damage":14,"enemies":"Spheric Guardian","floor":18,"turns":4},{"damage":4,"enemies":"3 Byrds","floor":20,"turns":3},{"damage":16,"enemies":"Cultist and Chosen","floor":21,"turns":5},{"damage":13,"enemies":"Slavers","floor":24,"turns":4},{"damage":27,"enemies":"Gremlin Leader","floor":28,"turns":4},{"damage":0,"enemies":"3 Cultists","floor":29,"turns":2},{"damage":15,"enemies":"Snake Plant","floor":30,"turns":3},{"damage":30,"enemies":"Slavers","floor":31,"turns":4},{"damage":36,"enemies":"Collector","floor":33,"turns":8},{"damage":4,"enemies":"Orb Walker","floor":35,"turns":3},{"damage":54,"enemies":"2 Orb Walkers","floor":36,"turns":6},{"damage":19,"enemies":"3 Darklings","floor":37,"turns":3},{"damage":13,"enemies":"Mind Bloom Boss Battle","floor":40,"turns":6},{"damage":18,"enemies":"Writhing Mass","floor":41,"turns":7},{"damage":0,"enemies":"4 Shapes","floor":42,"turns":5},{"damage":19,"enemies":"Spire Growth","floor":44,"turns":4},{"damage":8,"enemies":"Sphere and 2 Shapes","floor":45,"turns":3}],"seed_played":"-4976492504473793470","potions_obtained":[{"floor":1,"key":"Swift Potion"},{"floor":4,"key":"Strength Potion"},{"floor":6,"key":"SpeedPotion"},{"floor":16,"key":"Strength Potion"},{"floor":28,"key":"Energy Potion"},{"floor":29,"key":"Regen Potion"},{"floor":40,"key":"SkillPotion"},{"floor":44,"key":"Block Potion"}],"is_trial":false,"path_per_floor":["M","?","M","M","?","E","R","?","T","M","R","M","$","?","R","B",null,"M","$","M","M","?","R","E","R","T","R","E","M","M","E","R","B",null,"M","?","M","?","$","?","M","M","T","M","M"],"character_chosen":"IRONCLAD","items_purchased":["Mercury Hourglass","Twin Strike","Inflame","Heavy Blade","Toolbox","Whirlwind","Shockwave"],"campfire_rested":2,"item_purchase_floors":[13,13,19,19,39,39,39],"current_hp_per_floor":[80,80,80,80,60,32,32,32,32,38,38,36,36,30,54,50,80,72,72,74,64,78,78,71,71,71,71,50,56,47,35,63,33,94,94,46,33,33,33,26,14,20,20,7,0],"gold":235,"neow_bonus":"UPGRADE_CARD","is_prod":false,"is_daily":false,"chose_seed":false,"campfire_upgraded":5,"win_rate":0,"timestamp":1550946768,"path_taken":["M","?","M","M","?","E","R","?","T","M","R","M","$","?","R","BOSS","M","$","M","M","?","R","E","R","T","R","E","M","M","E","R","BOSS","M","?","M","?","$","?","M","M","T","M","?"],"build_version":"2019-01-23","purchased_purges":2,"victory":false,"max_hp_per_floor":[80,80,80,80,80,80,80,80,80,80,80,80,80,80,80,80,80,80,80,80,80,94,94,94,94,94,94,94,94,94,94,94,94,94,94,94,94,94,94,94,94,94,94,94,94],"card_choices":[{"not_picked":["Burning Pact","Hemokinesis"],"picked":"Flame Barrier","floor":1},{"not_picked":["Warcry","Sentinel"],"picked":"Clothesline","floor":3},{"not_picked":["Corruption","Thunderclap"],"picked":"Burning Pact","floor":4},{"not_picked":["Heavy Blade","Rupture"],"picked":"Limit Break","floor":6},{"not_picked":["Flame Barrier","Armaments"],"picked":"Spot Weakness","floor":10},{"not_picked":["Clothesline","Uppercut"],"picked":"Wild Strike","floor":12},{"not_picked":["Headbutt","Hemokinesis"],"picked":"Pommel Strike","floor":14},{"not_picked":["Impervious","Bludgeon"],"picked":"Immolate","floor":16},{"not_picked":["Searing Blow","Anger"],"picked":"Iron Wave","floor":18},{"not_picked":["Perfected Strike+1","Twin Strike"],"picked":"True Grit","floor":20},{"not_picked":["Headbutt","Anger"],"picked":"Heavy Blade+1","floor":21},{"not_picked":["Headbutt","Bludgeon"],"picked":"Immolate","floor":24},{"not_picked":["Demon Form","True Grit+1"],"picked":"Impervious","floor":28},{"not_picked":["Wild Strike","Twin Strike"],"picked":"Havoc","floor":29},{"not_picked":["Sever Soul","Heavy Blade"],"picked":"Flex+1","floor":30},{"not_picked":["Headbutt","Heavy Blade"],"picked":"Carnage","floor":31},{"not_picked":["Brutality","Berserk"],"picked":"Limit Break","floor":33},{"not_picked":["Sever Soul","Rage"],"picked":"Shrug It Off+1","floor":35},{"not_picked":["Armaments+1","Havoc"],"picked":"Sentinel","floor":36},{"not_picked":["Warcry","Thunderclap","Pommel Strike+1"],"picked":"SKIP","floor":37},{"not_picked":["Dark Embrace","Iron Wave+1"],"picked":"Sword Boomerang+1","floor":40},{"not_picked":["Wild Strike","Headbutt+1"],"picked":"Power Through","floor":41},{"not_picked":["Thunderclap","Wild Strike"],"picked":"Dropkick+1","floor":42},{"not_picked":["Cleave","Clash"],"picked":"Inflame","floor":44}],"player_experience":240720,"relics_obtained":[{"floor":6,"key":"Orichalcum"},{"floor":9,"key":"Smiling Mask"},{"floor":14,"key":"Odd Mushroom"},{"floor":24,"key":"Lantern"},{"floor":28,"key":"Charon\u0027s Ashes"},{"floor":31,"key":"Ginger"},{"floor":36,"key":"Unceasing Top"},{"floor":40,"key":"Nunchaku"},{"floor":43,"key":"Gremlin Horn"}],"event_choices":[{"damage_healed":0,"gold_gain":65,"player_choice":"Gained Gold","damage_taken":0,"max_hp_gain":0,"max_hp_loss":0,"event_name":"Golden Wing","floor":2,"gold_loss":0},{"damage_healed":0,"gold_gain":0,"player_choice":"Take Damage","damage_taken":20,"relics_obtained":["Golden Idol"],"max_hp_gain":0,"max_hp_loss":0,"event_name":"Golden Idol","floor":5,"gold_loss":0},{"damage_healed":0,"gold_gain":0,"player_choice":"Ignored","damage_taken":0,"max_hp_gain":0,"max_hp_loss":0,"event_name":"Liars Game","floor":8,"gold_loss":0},{"damage_healed":0,"gold_gain":0,"player_choice":"Fought Mushrooms","damage_taken":0,"max_hp_gain":0,"max_hp_loss":0,"event_name":"Mushrooms","floor":14,"gold_loss":0},{"damage_healed":0,"gold_gain":0,"player_choice":"Opened","damage_taken":0,"relics_obtained":["Mango"],"max_hp_gain":0,"max_hp_loss":0,"event_name":"The Mausoleum","floor":22,"gold_loss":0},{"damage_healed":0,"gold_gain":0,"player_choice":"Fight","damage_taken":0,"max_hp_gain":0,"max_hp_loss":0,"event_name":"Mysterious Sphere","floor":36,"gold_loss":0},{"damage_healed":0,"gold_gain":0,"player_choice":"Ignored","damage_taken":0,"max_hp_gain":0,"max_hp_loss":0,"event_name":"Tomb of Lord Red Mask","floor":38,"gold_loss":0},{"damage_healed":0,"gold_gain":0,"player_choice":"Fight","damage_taken":0,"max_hp_gain":0,"max_hp_loss":0,"event_name":"MindBloom","floor":40,"gold_loss":0}],"is_beta":false,"boss_relics":[{"not_picked":["Black Blood","Eternal Feather"],"picked":"Cursed Key"},{"not_picked":["Velvet Choker","Runic Cube"],"picked":"Astrolabe"}],"items_purged_floors":[19,39],"is_endless":false,"potions_floor_spawned":[1,4,6,16,21,28,29,40,44],"killed_by":"Sphere and 2 Shapes","ascension_level":0}