{"gold_per_floor":[18,18,30,30,42,74,74,37,61,61,95,106,106,121,121,197,197,212,230,45,59,76,105,125,154,181,181,194,229,244,244,244,319,319,335,335,64,78,78,78,111,111,111,146,146,162,162,173,173,173,173,173,48,80,80],"floor_reached":56,"playtime":1930,"items_purged":["Strike_R","Strike_R+1"],"score":2147,"play_id":"b31a3f81-7ae6-4361-b7cd-8ee433d1d73f","local_time":"20190712194838","is_ascension_mode":true,"campfire_choices":[{"data":"1","floor":7.0,"key":"LIFT"},{"data":"2","floor":10.0,"key":"LIFT"},{"data":"3","floor":13.0,"key":"LIFT"},{"data":"Whirlwind","floor":15.0,"key":"SMITH"},{"data":"Armaments","floor":27.0,"key":"SMITH"},{"data":"Demon Form","floor":32.0,"key":"SMITH"},{"floor":40,"key":"RECALL"},{"data":"Impervious","floor":42,"key":"SMITH"},{"data":"Feel No Pain","floor":47,"key":"SMITH"},{"data":"Heavy Blade","floor":49,"key":"SMITH"},{"floor":52,"key":"REST"}],"neow_cost":"NO_GOLD","seed_source_timestamp":0,"circlet_count":0,"master_deck":["AscendersBane","Defend_R+1","Defend_R+1","Defend_R+1","Defend_R+1","Bash+1","Battle Trance","Shrug It Off","Headbutt","Inflame","Whirlwind+1","Impervious+1","Armaments+1","Twin Strike","Feed","Uppercut+1","Corruption","Demon Form+1","Heavy Blade+1","Shrug It Off","Barricade","Heavy Blade+1","Feel No Pain+1","Reaper"],"special_seed":0,"relics":["Burning Blood","Girya","Oddly Smooth Stone","Regal Pillow","PreservedInsect","Snecko Eye","Singing Bowl","The Courier","Happy Flower","Orichalcum","Empty Cage","Sundial","Pear","Bronze Scales","Ornamental Fan"],"potions_floor_usage":[55,55],"damage_taken":[{"damage":8.0,"enemies":"2 Louse","floor":1.0,"turns":3.0},{"damage":1.0,"enemies":"Cultist","floor":3.0,"turns":3.0},{"damage":2.0,"enemies":"Small Slimes","floor":5.0,"turns":7.0},{"damage":25.0,"enemies":"3 Sentries","floor":6.0,"turns":13.0},{"damage":15.0,"enemies":"Lagavulin","floor":11.0,"turns":7.0},{"damage":4.0,"enemies":"Blue Slaver","floor":12.0,"turns":3.0},{"damage":11.0,"enemies":"Looter","floor":14.0,"turns":3.0},{"damage":35.0,"enemies":"Hexaghost","floor":16.0,"turns":11.0},{"damage":0.0,"enemies":"3 Byrds","floor":18.0,"turns":4.0},{"damage":0.0,"enemies":"Chosen","floor":19.0,"turns":4.0},{"damage":27.0,"enemies":"Shelled Parasite and Fungi","floor":21.0,"turns":4.0},{"damage":1.0,"enemies":"Snecko","floor":22.0,"turns":4.0},{"damage":10.0,"enemies":"Book of Stabbing","floor":23.0,"turns":3.0},{"damage":31.0,"enemies":"Cultist and Chosen","floor":24.0,"turns":5.0},{"damage":15.0,"enemies":"Slavers","floor":25.0,"turns":6.0},{"damage":0.0,"enemies":"Sentry and Sphere","floor":28.0,"turns":4.0},{"damage":0.0,"enemies":"Book of Stabbing","floor":29.0,"turns":3.0},{"damage":6.0,"enemies":"Snecko","floor":30.0,"turns":4.0},{"damage":79.0,"enemies":"Automaton","floor":33.0,"turns":7.0},{"damage":0.0,"enemies":"Orb Walker","floor":35.0,"turns":2.0},{"damage":24.0,"enemies":"3 Darklings","floor":38.0,"turns":6.0},{"damage":0,"enemies":"Giant Head","floor":41,"turns":6},{"damage":19,"enemies":"Reptomancer","floor":44,"turns":5},{"damage":0,"enemies":"Spire Growth","floor":46,"turns":4},{"damage":22,"enemies":"Jaw Worm Horde","floor":48,"turns":4},{"damage":22,"enemies":"Donu and Deca","floor":50,"turns":5},{"damage":23,"enemies":"Shield and Spear","floor":54,"turns":6},{"damage":8,"enemies":"The Heart","floor":55,"turns":6}],"seed_played":"-5493507573490106690","potions_obtained":[{"floor":1.0,"key":"SpeedPotion"},{"floor":3.0,"key":"Block Potion"},{"floor":14.0,"key":"BloodPotion"},{"floor":18.0,"key":"AttackPotion"},{"floor":25.0,"key":"Energy Potion"},{"floor":28.0,"key":"SpeedPotion"},{"floor":48,"key":"PowerPotion"}],"is_trial":false,"path_per_floor":["M","?","M","?","M","E","R","$","T","R","E","M","R","M","R","B",null,"M","M","$","M","M","E","M","E","T","R","M","E","M","?","R","B",null,"M","?","$","M","?","R","E","R","T","E","$","M","R","M","R","B",null,"R","$","E","B",null],"character_chosen":"IRONCLAD","items_purchased":["Whirlwind","Uppercut","Corruption","Sundial","Reaper"],"campfire_rested":1,"item_purchase_floors":[8,20,20,37,53],"current_hp_per_floor":[66,66,71,71,75,56,56,56,56,56,47,49,49,44,44,15,60,70,79,79,62,71,73,76,73,73,73,79,90,92,92,92,19,90,99,99,99,86,86,86,104,104,104,97,97,103,103,93,93,80,127,142,142,137,147],"gold":80,"neow_bonus":"ONE_RARE_RELIC","is_prod":false,"is_daily":false,"chose_seed":false,"campfire_upgraded":6,"win_rate":0,"timestamp":1562975318,"path_taken":["M","?","M","?","M","E","R","$","T","R","E","M","R","M","R","BOSS","M","M","?","M","M","E","M","E","T","R","M","E","M","?","R","BOSS","M","?","$","M","?","R","E","R","T","E","$","M","R","M","R","BOSS","R","$","E","BOSS"],"build_version":"2019-07-05","purchased_purges":2,"victory":true,"max_hp_per_floor":[75,75,75,75,75,75,75,75,75,75,75,75,75,75,75,75,75,79,82,82,86,90,96,100,106,106,106,106,111,113,113,113,113,113,116,110,110,115,115,115,127,127,127,133,133,133,133,139,139,142,142,142,142,147,147],"card_choices":[{"not_picked":["Rage","Ghostly Armor"],"picked":"Battle Trance","floor":1.0},{"not_picked":["Cleave","Metallicize"],"picked":"Shrug It Off","floor":3.0},{"not_picked":["Corruption","Thunderclap"],"picked":"Headbutt","floor":5.0},{"not_picked":["Combust","Wild Strike"],"picked":"Inflame","floor":6.0},{"not_picked":["Immolate","Blood for Blood"],"picked":"Impervious","floor":11.0},{"not_picked":["Body Slam","Dual Wield"],"picked":"Armaments","floor":12.0},{"not_picked":["Thunderclap","Dropkick"],"picked":"Twin Strike","floor":14.0},{"not_picked":["Limit Break","Immolate"],"picked":"Feed","floor":16.0},{"not_picked":["Sword Boomerang","Sever Soul","Entrench"],"picked":"SKIP","floor":18.0},{"not_picked":["Seeing Red","Combust","Cleave"],"picked":"SKIP","floor":19.0},{"not_picked":["Rupture","Havoc","Iron Wave"],"picked":"SKIP","floor":21.0},{"not_picked":["Evolve+1","Rampage"],"picked":"Demon Form","floor":22.0},{"not_picked":["Cleave","Clash","Brutality"],"picked":"Singing Bowl","floor":23.0},{"not_picked":["Carnage","Shrug It Off"],"picked":"Heavy Blade","floor":24.0},{"not_picked":["Flex+1","Reckless Charge","Body Slam"],"picked":"Singing Bowl","floor":25.0},{"not_picked":["Flex","Fire Breathing"],"picked":"Shrug It Off","floor":28.0},{"not_picked":["Searing Blow","Cleave","Pommel Strike"],"picked":"Singing Bowl","floor":29.0},{"not_picked":["Uppercut","Armaments+1","Body Slam"],"picked":"Singing Bowl","floor":30.0},{"not_picked":["Juggernaut","Berserk"],"picked":"Barricade","floor":33.0},{"not_picked":["Dual Wield","Havoc"],"picked":"Heavy Blade+1","floor":35.0},{"not_picked":["Corruption","Rampage","Uppercut"],"picked":"Singing Bowl","floor":38.0},{"not_picked":["Evolve","Combust","Fire Breathing+1"],"picked":"Singing Bowl","floor":41},{"not_picked":["Flex","Rupture","Clash"],"picked":"Singing Bowl","floor":44},{"not_picked":["Clothesline+1","Havoc+1"],"picked":"Feel No Pain","floor":46},{"not_picked":["Havoc","Metallicize","Second Wind"],"picked":"Singing Bowl","floor":48},{"not_picked":["Clash","Thunderclap","Ghostly Armor"],"picked":"Singing Bowl","floor":54}],"player_experience":2558004,"relics_obtained":[{"floor":6.0,"key":"Oddly Smooth Stone"},{"floor":9.0,"key":"Regal Pillow"},{"floor":11.0,"key":"PreservedInsect"},{"floor":23.0,"key":"Singing Bowl"},{"floor":25.0,"key":"The Courier"},{"floor":26.0,"key":"Happy Flower"},{"floor":29.0,"key":"Orichalcum"},{"floor":41,"key":"Pear"},{"floor":44,"key":"Bronze Scales"},{"floor":54,"key":"Ornamental Fan"}],"event_choices":[{"damage_healed":0.0,"max_hp_gain":0.0,"max_hp_loss":0.0,"gold_gain":0.0,"event_name":"Living Wall","player_choice":"Grow","floor":2.0,"gold_loss":0.0,"damage_taken":0.0,"cards_upgraded":["Bash"]},{"cards_removed":["Strike_R"],"damage_healed":0.0,"max_hp_gain":0.0,"max_hp_loss":0.0,"gold_gain":0.0,"event_name":"Bonfire Elementals","player_choice":"Offered Basic","floor":4.0,"gold_loss":0.0,"damage_taken":0.0},{"damage_healed":0.0,"max_hp_gain":0.0,"max_hp_loss":0.0,"gold_gain":0.0,"event_name":"Back to Basics","player_choice":"Simplicity","floor":31.0,"gold_loss":0.0,"damage_taken":0.0,"cards_upgraded":["Strike_R","Strike_R","Strike_R","Defend_R","Defend_R","Defend_R","Defend_R"]},{"damage_healed":0.0,"max_hp_gain":0.0,"max_hp_loss":6.0,"gold_gain":0.0,"event_name":"Winding Halls","player_choice":"Max HP","floor":36.0,"gold_loss":0.0,"damage_taken":0.0},{"damage_healed":0.0,"max_hp_gain":0.0,"max_hp_loss":0.0,"gold_gain":0.0,"event_name":"Accursed Blacksmith","player_choice":"Forge","floor":39.0,"gold_loss":0.0,"damage_taken":0.0,"cards_upgraded":["Uppercut"]}],"is_beta":false,"boss_relics":[{"not_picked":["Sozu","Pandora\u0027s Box"],"picked":"Snecko Eye"},{"not_picked":["White Beast Statue","Tiny House"],"picked":"Empty Cage"}],"items_purged_floors":[20,37],"is_endless":false,"potions_floor_spawned":[1,3,14,18,19,23,25,28,33,35,44,48],"ascension_level":15}