{"gold_per_floor":[117,128,139,139,64,96,96,109,109,123,123,141,164,195,195,195],"floor_reached":16,"playtime":884,"items_purged":["Defend_G"],"score":120,"play_id":"4cfa4a1c-f489-41f7-872d-c441c0e94756","local_time":"20190815173854","is_ascension_mode":true,"campfire_choices":[{"floor":7,"key":"RECALL"},{"floor":15,"key":"REST"}],"neow_cost":"NONE","seed_source_timestamp":18267558149100,"circlet_count":0,"master_deck":["Strike_G","Strike_G","Strike_G","Strike_G","Strike_G","Defend_G","Defend_G","Defend_G","Defend_G","Survivor","Neutralize","Flying Knee","Die Die Die","Sucker Punch","Outmaneuver","Cloak And Dagger","Injury","Blur"],"relics":["Ring of the Snake","PreservedInsect","Singing Bowl","Darkstone Periapt","Golden Idol","Tough Bandages"],"potions_floor_usage":[16,16],"damage_taken":[{"damage":1,"enemies":"Cultist","floor":1,"turns":4},{"damage":0,"enemies":"Small Slimes","floor":2,"turns":3},{"damage":0,"enemies":"2 Louse","floor":3,"turns":1},{"damage":21,"enemies":"Lagavulin","floor":6,"turns":4},{"damage":0,"enemies":"Lots of Slimes","floor":8,"turns":1},{"damage":10,"enemies":"Large Slime","floor":10,"turns":4},{"damage":5,"enemies":"3 Louse","floor":12,"turns":2},{"damage":9,"enemies":"Gremlin Gang","floor":13,"turns":4},{"damage":11,"enemies":"3 Sentries","floor":14,"turns":7},{"damage":62,"enemies":"The Guardian","floor":16,"turns":12}],"seed_played":"8595657180062235264","potions_obtained":[{"floor":3,"key":"Weak Potion"},{"floor":6,"key":"Weak Potion"},{"floor":8,"key":"SkillPotion"}],"is_trial":false,"path_per_floor":["M","M","M","?","$","E","R","M","T","M","?","M","M","E","R","B"],"character_chosen":"THE_SILENT","items_purchased":[],"campfire_rested":1,"item_purchase_floors":[],"current_hp_per_floor":[69,69,69,69,69,48,48,50,50,40,46,41,34,25,49,0],"gold":195,"neow_bonus":"RANDOM_COMMON_RELIC","is_prod":false,"is_daily":false,"chose_seed":false,"campfire_upgraded":0,"win_rate":0,"timestamp":1565883534,"path_taken":["M","M","M","?","$","E","R","?","T","M","?","M","M","E","R","BOSS"],"build_version":"2019-07-17","purchased_purges":1,"victory":false,"max_hp_per_floor":[70,70,70,70,70,70,70,72,72,72,78,78,80,82,82,82],"card_choices":[{"not_picked":["PiercingWail","Dagger Throw"],"picked":"Flying Knee","floor":1},{"not_picked":["Skewer","Bane"],"picked":"Die Die Die","floor":2},{"not_picked":["Poisoned Stab","Backflip"],"picked":"Sucker Punch","floor":3},{"not_picked":["PiercingWail","Bane"],"picked":"Outmaneuver","floor":6},{"not_picked":["Finisher","Blade Dance","Underhanded Strike"],"picked":"Singing Bowl","floor":8},{"not_picked":["Quick Slash","Endless Agony"],"picked":"Cloak And Dagger","floor":10},{"not_picked":["Expertise","Heel Hook"],"picked":"Blur","floor":12},{"not_picked":["Sucker Punch","Outmaneuver","Night Terror"],"picked":"Singing Bowl","floor":13},{"not_picked":["Deadly Poison","Leg Sweep","Crippling Poison"],"picked":"Singing Bowl","floor":14}],"player_experience":92383,"relics_obtained":[{"floor":6,"key":"Darkstone Periapt"},{"floor":14,"key":"Tough Bandages"}],"event_choices":[{"damage_healed":0,"gold_gain":0,"player_choice":"Gave Potion","damage_taken":0,"relics_obtained":["Singing Bowl"],"max_hp_gain":0,"max_hp_loss":0,"event_name":"WeMeetAgain","floor":4,"gold_loss":0},{"damage_healed":0,"gold_gain":0,"player_choice":"Take Wound","damage_taken":0,"relics_obtained":["Golden Idol"],"max_hp_gain":0,"max_hp_loss":0,"event_name":"Golden Idol","floor":11,"gold_loss":0,"cards_obtained":["Injury"]}],"is_beta":false,"boss_relics":[],"items_purged_floors":[5],"is_endless":false,"potions_floor_spawned":[3,6,8],"killed_by":"The Guardian","ascension_level":1}