{"gold_per_floor":[117,133,148,148,161,161,64,64,64,64,80,155,183,218,218,289,289,302,27,27,27,38,69,69,100,100,100,126,144,158,175,175,175],"floor_reached":33,"playtime":1009,"items_purged":["Strike_R"],"score":551,"play_id":"4a811f5c-0bd0-40ae-b949-341095fb9fa8","local_time":"20190801212507","is_ascension_mode":true,"campfire_choices":[{"data":"Armaments","floor":6.0,"key":"SMITH"},{"data":"Combust","floor":8.0,"key":"SMITH"},{"floor":10.0,"key":"REST"},{"data":"Spot Weakness","floor":15.0,"key":"SMITH"},{"data":"Corruption","floor":32,"key":"SMITH"}],"neow_cost":"PERCENT_DAMAGE","seed_source_timestamp":1912620909906683,"circlet_count":0,"master_deck":["AscendersBane","Strike_R+1","Strike_R+1","Strike_R+1","Defend_R+1","Defend_R+1","Defend_R+1","Defend_R+1","Bash","Headbutt","Armaments+1","Spot Weakness+1","Combust+1","Shrug It Off","Feel No Pain","Cleave","Sword Boomerang","Immolate","Corruption+1","Inflame","Impervious","Flame Barrier","Immolate+1","Battle Trance","Body Slam+1","Headbutt+1"],"special_seed":0,"relics":["Burning Blood","Matryoshka","Meat on the Bone","The Courier","Velvet Choker","PreservedInsect","Nloth\u0027s Gift","Anchor","Torii","Blood Vial","Molten Egg 2","Ornamental Fan"],"potions_floor_usage":[33],"damage_taken":[{"damage":11.0,"enemies":"Jaw Worm","floor":1.0,"turns":4.0},{"damage":6.0,"enemies":"Cultist","floor":2.0,"turns":4.0},{"damage":8.0,"enemies":"2 Louse","floor":3.0,"turns":3.0},{"damage":15.0,"enemies":"Exordium Thugs","floor":5.0,"turns":5.0},{"damage":9.0,"enemies":"2 Fungi Beasts","floor":11.0,"turns":3.0},{"damage":22.0,"enemies":"3 Sentries","floor":13.0,"turns":4.0},{"damage":15.0,"enemies":"Lagavulin","floor":14.0,"turns":7.0},{"damage":24.0,"enemies":"Hexaghost","floor":16.0,"turns":9.0},{"damage":10.0,"enemies":"Chosen","floor":18.0,"turns":5.0},{"damage":0.0,"enemies":"Spheric Guardian","floor":22.0,"turns":4.0},{"damage":1.0,"enemies":"Gremlin Leader","floor":23.0,"turns":5.0},{"damage":34.0,"enemies":"Book of Stabbing","floor":25.0,"turns":5.0},{"damage":1,"enemies":"Slavers","floor":28,"turns":4},{"damage":0,"enemies":"Cultist and Chosen","floor":29,"turns":4},{"damage":24,"enemies":"Snecko","floor":30,"turns":4},{"damage":6,"enemies":"Snake Plant","floor":31,"turns":2},{"damage":90,"enemies":"Collector","floor":33,"turns":7}],"seed_played":"2255611074558231310","potions_obtained":[{"floor":3.0,"key":"Energy Potion"},{"floor":13.0,"key":"EssenceOfSteel"},{"floor":18.0,"key":"Fire Potion"},{"floor":22.0,"key":"EntropicBrew"},{"floor":25,"key":"Fire Potion"}],"is_trial":false,"path_per_floor":["M","M","M","?","M","R","$","R","T","R","M","?","E","E","R","B",null,"M","$","?","?","M","E","$","E","T","?","E","M","M","M","R","B"],"character_chosen":"IRONCLAD","items_purchased":["Shrug It Off","Feel No Pain","Corruption","PreservedInsect","Inflame"],"campfire_rested":1,"item_purchase_floors":[7,7,19,19,19],"current_hp_per_floor":[45,45,43,43,34,34,34,34,34,56,53,42,26,29,29,23,62,58,58,37,37,55,60,60,44,44,44,51,59,55,57,57,0],"gold":175,"neow_bonus":"ONE_RARE_RELIC","is_prod":false,"is_daily":false,"chose_seed":false,"campfire_upgraded":4,"win_rate":0,"timestamp":1564709107,"path_taken":["M","M","M","?","?","R","$","R","T","R","M","?","E","E","R","BOSS","M","$","?","?","?","E","$","E","T","?","E","?","M","M","R","BOSS"],"build_version":"2019-07-17","purchased_purges":1,"victory":false,"max_hp_per_floor":[75,75,75,75,75,75,75,75,75,75,75,75,75,75,75,75,75,75,75,80,80,80,80,80,80,80,80,80,80,80,80,80,80],"card_choices":[{"not_picked":["Perfected Strike","Wild Strike"],"picked":"Headbutt","floor":1.0},{"not_picked":["Sword Boomerang","Dropkick"],"picked":"Armaments","floor":2.0},{"not_picked":["Shockwave","Sword Boomerang"],"picked":"Spot Weakness","floor":3.0},{"not_picked":["Armaments","True Grit"],"picked":"Combust","floor":5.0},{"not_picked":["Sentinel","Armaments"],"picked":"Cleave","floor":11.0},{"not_picked":["Pommel Strike","Feel No Pain","Armaments"],"picked":"SKIP","floor":13.0},{"not_picked":["Iron Wave","Dropkick"],"picked":"Sword Boomerang","floor":14.0},{"not_picked":["Fiend Fire","Exhume"],"picked":"Immolate","floor":16.0},{"not_picked":["Twin Strike","Fire Breathing","Iron Wave"],"picked":"SKIP","floor":18.0},{"not_picked":["Anger","Thunderclap","Feel No Pain"],"picked":"SKIP","floor":22.0},{"not_picked":["Ghostly Armor+1","Heavy Blade+1"],"picked":"Impervious","floor":23.0},{"not_picked":["Whirlwind","Clothesline"],"picked":"Flame Barrier","floor":25},{"not_picked":["Havoc","Berserk"],"picked":"Immolate+1","floor":28},{"not_picked":["Ghostly Armor","Second Wind"],"picked":"Battle Trance","floor":29},{"not_picked":["Iron Wave+1","Twin Strike+1"],"picked":"Body Slam+1","floor":30},{"not_picked":["Evolve","Fire Breathing"],"picked":"Headbutt+1","floor":31}],"player_experience":2631545,"relics_obtained":[{"floor":9.0,"key":"Matryoshka"},{"floor":13.0,"key":"Meat on the Bone"},{"floor":14.0,"key":"The Courier"},{"floor":23.0,"key":"Anchor"},{"floor":25,"key":"Torii"},{"floor":26,"key":"Blood Vial"},{"floor":26,"key":"Molten Egg 2"},{"floor":28,"key":"Ornamental Fan"}],"event_choices":[{"cards_removed":["Strike_R"],"damage_healed":0.0,"max_hp_gain":0.0,"max_hp_loss":0.0,"gold_gain":0.0,"event_name":"Purifier","player_choice":"Purged","floor":4.0,"gold_loss":0.0,"damage_taken":0.0},{"damage_healed":0.0,"max_hp_gain":0.0,"max_hp_loss":0.0,"gold_gain":75.0,"event_name":"World of Goop","player_choice":"Gather Gold","floor":12.0,"gold_loss":0.0,"damage_taken":11.0},{"damage_healed":0.0,"max_hp_gain":5.0,"max_hp_loss":0.0,"gold_gain":0.0,"event_name":"Forgotten Altar","player_choice":"Shed Blood","floor":20.0,"gold_loss":0.0,"damage_taken":26.0},{"damage_healed":0.0,"max_hp_gain":0.0,"max_hp_loss":0.0,"gold_gain":0.0,"event_name":"N\u0027loth","player_choice":"Traded Relic","floor":21.0,"relics_lost":["WingedGreaves"],"gold_loss":0.0,"damage_taken":0.0,"relics_obtained":["Nloth\u0027s Gift"]},{"damage_healed":0,"gold_gain":0,"player_choice":"Simplicity","damage_taken":0,"max_hp_gain":0,"max_hp_loss":0,"event_name":"Back to Basics","floor":27,"gold_loss":0,"cards_upgraded":["Strike_R","Strike_R","Strike_R","Defend_R","Defend_R","Defend_R","Defend_R"]}],"is_beta":false,"boss_relics":[{"not_picked":["Runic Cube","Calling Bell"],"picked":"Velvet Choker"}],"items_purged_floors":[19],"is_endless":false,"potions_floor_spawned":[3,13,18,22,25,30],"killed_by":"Collector","ascension_level":15}