{"gold_per_floor":[118,118,168,191,215,215,229,269,296,321,321,471,242,242,242,335,335,351,334,101,119,119,119,155,178,178,178,221,221,221,136,136,227,227,250,142,267,336,336,336,376,389,389,389,404,404,404,428,428,428,428,428,126,164,164],"floor_reached":56,"playtime":2521,"items_purged":["Doubt","Strike_G","Strike_G+1"],"score":2007,"play_id":"abb05bde-084f-49e8-bbb0-fcc7511f9e88","local_time":"20190816222838","is_ascension_mode":true,"campfire_choices":[{"data":"Neutralize","floor":6,"key":"SMITH"},{"data":"Deadly Poison","floor":11,"key":"SMITH"},{"data":"Dagger Spray","floor":15,"key":"SMITH"},{"floor":23,"key":"REST"},{"data":"Noxious Fumes","floor":27,"key":"SMITH"},{"data":"Glass Knife","floor":29,"key":"SMITH"},{"data":"Dodge and Roll","floor":32,"key":"SMITH"},{"floor":40,"key":"RECALL"},{"floor":44,"key":"DIG"},{"floor":47,"key":"DIG"},{"floor":49,"key":"DIG"},{"floor":52,"key":"DIG"}],"neow_cost":"NONE","seed_source_timestamp":180500573201639,"circlet_count":0,"master_deck":["AscendersBane","Strike_G+1","Strike_G+1","Strike_G+1","Defend_G+1","Defend_G+1","Defend_G+1","Defend_G+1","Survivor+1","Neutralize+1","Deadly Poison+1","Dash","PiercingWail","Dagger Spray+1","Footwork+1","Glass Knife+1","Backstab","Noxious Fumes+1","Dodge and Roll+1","Calculated Gamble","PiercingWail","Corpse Explosion","Acrobatics","Leg Sweep","Caltrops","PiercingWail","Bullet Time","Dodge and Roll"],"relics":["Ring of the Snake","War Paint","Golden Idol","Oddly Smooth Stone","Art of War","Bag of Preparation","Runic Pyramid","Nilry\u0027s Codex","Ancient Tea Set","Matryoshka","Bag of Marbles","Strawberry","Fusion Hammer","Mango","Shovel","Orichalcum","Potion Belt","Kunai","Paper Crane","Happy Flower"],"potions_floor_usage":[10,10,24,33,33,41,55,55],"damage_taken":[{"damage":1,"enemies":"Small Slimes","floor":1,"turns":5},{"damage":5,"enemies":"Jaw Worm","floor":4,"turns":4},{"damage":0,"enemies":"Cultist","floor":5,"turns":4},{"damage":0,"enemies":"2 Fungi Beasts","floor":7,"turns":4},{"damage":25,"enemies":"Lagavulin","floor":8,"turns":9},{"damage":23,"enemies":"Large Slime","floor":10,"turns":9},{"damage":1,"enemies":"The Guardian","floor":16,"turns":13},{"damage":0,"enemies":"Chosen","floor":18,"turns":5},{"damage":6,"enemies":"2 Thieves","floor":19,"turns":4},{"damage":0,"enemies":"Centurion and Healer","floor":21,"turns":7},{"damage":3,"enemies":"Book of Stabbing","floor":24,"turns":7},{"damage":1,"enemies":"Snake Plant","floor":25,"turns":6},{"damage":0,"enemies":"Gremlin Leader","floor":28,"turns":8},{"damage":24,"enemies":"Automaton","floor":33,"turns":13},{"damage":0,"enemies":"Orb Walker","floor":35,"turns":4},{"damage":0,"enemies":"Mind Bloom Boss Battle","floor":37,"turns":5},{"damage":5,"enemies":"2 Orb Walkers","floor":38,"turns":5},{"damage":7,"enemies":"Giant Head","floor":41,"turns":12},{"damage":0,"enemies":"3 Shapes","floor":42,"turns":6},{"damage":0,"enemies":"Jaw Worm Horde","floor":45,"turns":3},{"damage":0,"enemies":"Maw","floor":48,"turns":6},{"damage":9,"enemies":"Donu and Deca","floor":50,"turns":9},{"damage":0,"enemies":"Shield and Spear","floor":54,"turns":6},{"damage":16,"enemies":"The Heart","floor":55,"turns":12}],"seed_played":"-6321784960071793941","potions_obtained":[{"floor":7,"key":"Regen Potion"},{"floor":8,"key":"Regen Potion"},{"floor":16,"key":"PowerPotion"},{"floor":21,"key":"Poison Potion"},{"floor":24,"key":"SmokeBomb"},{"floor":28,"key":"Dexterity Potion"},{"floor":37,"key":"SpeedPotion"},{"floor":41,"key":"Energy Potion"},{"floor":42,"key":"GhostInAJar"}],"is_trial":false,"path_per_floor":["M","?","?","M","M","R","M","E","T","M","R","?","$","?","R","B",null,"M","M","$","M","?","R","E","M","T","R","E","R","?","?","R","B",null,"M","$","?","?","?","R","E","M","T","R","M","?","R","M","R","B",null,"R","$","E","B",null],"character_chosen":"THE_SILENT","items_purchased":["Bag of Preparation","Noxious Fumes","Dodge and Roll","Leg Sweep","Caltrops","SkillPotion","GamblersBrew","Dodge and Roll"],"campfire_rested":1,"item_purchase_floors":[13,20,20,36,36,53,53,53],"current_hp_per_floor":[58,58,58,53,53,53,53,28,28,52,52,52,52,52,52,51,58,58,52,52,52,31,49,46,45,45,45,45,45,45,52,52,28,57,57,57,71,66,66,66,59,59,59,59,59,59,59,59,59,50,73,73,73,73,57],"gold":164,"neow_bonus":"RANDOM_COMMON_RELIC","is_prod":false,"is_daily":false,"chose_seed":false,"campfire_upgraded":6,"win_rate":0,"timestamp":1566008918,"path_taken":["M","?","?","M","M","R","M","E","T","?","R","?","$","?","R","BOSS","M","M","$","?","?","R","E","M","T","R","E","R","?","?","R","BOSS","M","$","?","?","?","R","E","M","T","R","M","?","R","M","R","BOSS","R","$","E","BOSS"],"build_version":"2019-07-17","purchased_purges":3,"victory":true,"max_hp_per_floor":[66,60,60,60,60,60,60,60,60,60,60,60,60,60,60,60,60,60,60,60,60,60,60,60,60,60,60,60,60,60,67,67,67,67,67,67,81,81,81,81,81,81,81,81,81,81,81,81,81,81,81,81,81,81,81],"card_choices":[{"not_picked":["Underhanded Strike","Slice"],"picked":"Deadly Poison","floor":1},{"not_picked":["Quick Slash","Backflip"],"picked":"Dash","floor":4},{"not_picked":["Prepared","Underhanded Strike","Sucker Punch"],"picked":"SKIP","floor":5},{"not_picked":["Poisoned Stab","All Out Attack"],"picked":"PiercingWail","floor":7},{"not_picked":["Storm of Steel","Quick Slash"],"picked":"Dagger Spray","floor":8},{"not_picked":["Bouncing Flask","Dodge and Roll"],"picked":"Footwork","floor":10},{"not_picked":["Malaise","Envenom"],"picked":"Glass Knife","floor":16},{"not_picked":["Dodge and Roll","Dagger Spray"],"picked":"Backstab","floor":18},{"not_picked":["Dagger Spray","Dagger Throw","Skewer"],"picked":"SKIP","floor":19},{"not_picked":["Well Laid Plans+1","Bane+1","Dagger Throw"],"picked":"SKIP","floor":21},{"not_picked":["Flying Knee+1","Blade Dance"],"picked":"Calculated Gamble","floor":24},{"not_picked":["Acrobatics","Dagger Spray","Backstab"],"picked":"SKIP","floor":25},{"not_picked":["Backflip","Dagger Spray"],"picked":"PiercingWail","floor":28},{"not_picked":["Burst","Die Die Die"],"picked":"Corpse Explosion","floor":33},{"not_picked":["Underhanded Strike+1","Endless Agony"],"picked":"Acrobatics","floor":35},{"not_picked":["Poisoned Stab","Caltrops+1"],"picked":"PiercingWail","floor":41},{"not_picked":["Poisoned Stab","Terror","Masterful Stab+1"],"picked":"SKIP","floor":42},{"not_picked":["Noxious Fumes","Well Laid Plans"],"picked":"Bullet Time","floor":45},{"not_picked":["Poisoned Stab","Flechettes","Sucker Punch"],"picked":"SKIP","floor":48},{"not_picked":["Poisoned Stab","Masterful Stab","Calculated Gamble"],"picked":"SKIP","floor":54}],"player_experience":2691261,"relics_obtained":[{"floor":8,"key":"Oddly Smooth Stone"},{"floor":9,"key":"Art of War"},{"floor":22,"key":"Nilry\u0027s Codex"},{"floor":24,"key":"Ancient Tea Set"},{"floor":26,"key":"Matryoshka"},{"floor":28,"key":"Bag of Marbles"},{"floor":37,"key":"Mango"},{"floor":38,"key":"Shovel"},{"floor":41,"key":"Orichalcum"},{"floor":43,"key":"Potion Belt"},{"floor":49,"key":"Kunai"},{"floor":52,"key":"Paper Crane"},{"floor":54,"key":"Happy Flower"}],"event_choices":[{"damage_healed":0,"gold_gain":0,"player_choice":"Lose Max HP","damage_taken":0,"relics_obtained":["Golden Idol"],"max_hp_gain":0,"max_hp_loss":6,"event_name":"Golden Idol","floor":2,"gold_loss":0},{"damage_healed":0,"gold_gain":50,"player_choice":"Pray","damage_taken":0,"max_hp_gain":0,"max_hp_loss":0,"event_name":"Golden Shrine","floor":3,"gold_loss":0},{"damage_healed":0,"gold_gain":150,"player_choice":"AGREE","damage_taken":0,"max_hp_gain":0,"max_hp_loss":0,"event_name":"Liars Game","floor":12,"gold_loss":0,"cards_obtained":["Doubt"]},{"damage_healed":0,"gold_gain":0,"player_choice":"Upgraded","damage_taken":0,"max_hp_gain":0,"max_hp_loss":0,"event_name":"Upgrade Shrine","floor":14,"gold_loss":0,"cards_upgraded":["Footwork"]},{"damage_healed":0,"gold_gain":0,"player_choice":"Obtained Book","damage_taken":21,"max_hp_gain":0,"max_hp_loss":0,"event_name":"Cursed Tome","floor":22,"gold_loss":0},{"damage_healed":0,"gold_gain":0,"player_choice":"Simplicity","damage_taken":0,"max_hp_gain":0,"max_hp_loss":0,"event_name":"Back to Basics","floor":30,"gold_loss":0,"cards_upgraded":["Strike_G","Strike_G","Strike_G","Strike_G","Defend_G","Defend_G","Defend_G","Defend_G"]},{"damage_healed":0,"gold_gain":0,"player_choice":"Obtained Relic","damage_taken":0,"relics_obtained":["Strawberry"],"max_hp_gain":0,"max_hp_loss":0,"event_name":"Addict","floor":31,"gold_loss":85},{"damage_healed":0,"gold_gain":0,"player_choice":"Fight","damage_taken":0,"max_hp_gain":0,"max_hp_loss":0,"event_name":"MindBloom","floor":37,"gold_loss":0},{"damage_healed":0,"gold_gain":0,"player_choice":"Fight","damage_taken":0,"max_hp_gain":0,"max_hp_loss":0,"event_name":"Mysterious Sphere","floor":38,"gold_loss":0},{"cards_removed":["Defend_G"],"damage_healed":0,"gold_gain":0,"player_choice":"Removed Skill","damage_taken":0,"max_hp_gain":0,"max_hp_loss":0,"event_name":"Falling","floor":39,"gold_loss":0},{"damage_healed":0,"gold_gain":0,"player_choice":"Leave","damage_taken":0,"max_hp_gain":0,"max_hp_loss":0,"event_name":"FaceTrader","floor":46,"gold_loss":0}],"is_beta":false,"boss_relics":[{"not_picked":["Tiny House","Ectoplasm"],"picked":"Runic Pyramid"},{"not_picked":["Coffee Dripper","Philosopher\u0027s Stone"],"picked":"Fusion Hammer"}],"items_purged_floors":[13,20,53],"is_endless":false,"potions_floor_spawned":[7,8,16,21,24,25,28,37,41,42],"ascension_level":15}