{"gold_per_floor":[110,123,140,156,170,200,210,220,274,274,72,100,100,117,117,117],"floor_reached":16,"playtime":1406,"items_purged":[],"score":128,"play_id":"5f8c91df-795e-4392-b67e-80ea0020442f","local_time":"20190102211427","is_ascension_mode":true,"campfire_choices":[{"floor":10,"key":"REST"},{"floor":15,"key":"REST"}],"neow_cost":"NONE","seed_source_timestamp":0,"circlet_count":0,"master_deck":["Strike_B","Strike_B","Strike_B","Strike_B","Defend_B","Defend_B","Defend_B","Zap","Dualcast","Multi-Cast","Redo","Streamline","Cold Snap","Reprogram","Beam Cell","Undo","Rebound","Coolheaded","Steam","Lockon","Sunder","Stack","Conserve Battery"],"relics":["Cracked Core","Blue Candle","Tiny Chest","Bottled Flame","Mango"],"potions_floor_usage":[6,7,7,12,14,16,16],"damage_taken":[{"damage":1,"enemies":"Cultist","floor":1,"turns":3},{"damage":0,"enemies":"2 Louse","floor":2,"turns":2},{"damage":5,"enemies":"Small Slimes","floor":3,"turns":3},{"damage":11,"enemies":"Blue Slaver","floor":4,"turns":3},{"damage":13,"enemies":"Large Slime","floor":5,"turns":8},{"damage":13,"enemies":"3 Sentries","floor":6,"turns":8},{"damage":0,"enemies":"3 Louse","floor":7,"turns":3},{"damage":1,"enemies":"Blue Slaver","floor":8,"turns":3},{"damage":25,"enemies":"Gremlin Nob","floor":12,"turns":4},{"damage":10,"enemies":"Exordium Thugs","floor":14,"turns":4},{"damage":58,"enemies":"The Guardian","floor":16,"turns":13}],"seed_played":"856548198","potions_obtained":[{"floor":2,"key":"SkillPotion"},{"floor":5,"key":"Dexterity Potion"},{"floor":6,"key":"SkillPotion"},{"floor":7,"key":"Dexterity Potion"},{"floor":8,"key":"Fire Potion"},{"floor":12,"key":"Energy Potion"}],"is_trial":false,"path_per_floor":["M","M","M","M","M","E","M","M","T","R","$","E","T","M","R","B"],"character_chosen":"DEFECT","items_purchased":["Steam","Lockon","Sunder","FearPotion"],"campfire_rested":2,"item_purchase_floors":[11,11,11,11],"current_hp_per_floor":[74,74,69,58,45,32,32,31,31,53,53,28,42,32,58,0],"gold":117,"neow_bonus":"TRANSFORM_CARD","is_prod":false,"is_daily":false,"chose_seed":true,"campfire_upgraded":0,"win_rate":0,"timestamp":1546460067,"path_taken":["M","?","M","M","M","E","M","M","T","R","$","E","?","M","R","BOSS"],"build_version":"2018-12-20","purchased_purges":0,"victory":false,"max_hp_per_floor":[75,75,75,75,75,75,75,75,75,75,75,75,89,89,89,89],"card_choices":[{"not_picked":["Cold Snap","Go for the Eyes"],"picked":"Redo","floor":1},{"not_picked":["Rip and Tear","Hologram"],"picked":"Streamline","floor":2},{"not_picked":["Blizzard","Redo"],"picked":"Cold Snap","floor":3},{"not_picked":["Steam Power","Force Field"],"picked":"Reprogram","floor":4},{"not_picked":["Rebound","Self Repair"],"picked":"Beam Cell","floor":5},{"not_picked":["Go for the Eyes","Hyperbeam"],"picked":"Undo","floor":6},{"not_picked":["Scrape","Chaos"],"picked":"Rebound","floor":7},{"not_picked":["Skim","Darkness"],"picked":"Coolheaded","floor":8},{"not_picked":["Hologram","Barrage"],"picked":"Stack","floor":12},{"not_picked":["Steam","Barrage"],"picked":"Conserve Battery","floor":14}],"player_experience":135314,"relics_obtained":[{"floor":6,"key":"Blue Candle"},{"floor":9,"key":"Tiny Chest"},{"floor":12,"key":"Bottled Flame"},{"floor":13,"key":"Mango"}],"event_choices":[],"is_beta":false,"boss_relics":[],"items_purged_floors":[],"is_endless":false,"potions_floor_spawned":[2,5,6,7,8,12],"killed_by":"The Guardian","ascension_level":2}