{"gold_per_floor":[112,128,128,145,145,171,171,199,248,261,330,330,344,394,394,470,470,485,498,257,93,103,103,134,149,149,214,277,311,311,361,361,437,437,455,471,521,571,586,612,631,666,666,334,254,265,334,368,368,368,368,368,121,155,155],"floor_reached":56,"playtime":2250,"items_purged":["Strike_R","Strike_R","Strike_R"],"score":2191,"play_id":"5028b7d7-7885-4229-8c4e-58bf387c3f7f","local_time":"20190813211120","is_ascension_mode":true,"campfire_choices":[{"data":"Immolate","floor":7.0,"key":"SMITH"},{"data":"Clothesline","floor":12.0,"key":"SMITH"},{"floor":15.0,"key":"RECALL"},{"data":"Feel No Pain","floor":23.0,"key":"SMITH"},{"data":"Shockwave","floor":30.0,"key":"SMITH"},{"data":"Burning Pact","floor":32.0,"key":"SMITH"},{"data":"Barricade","floor":49,"key":"SMITH"},{"data":"Corruption","floor":52,"key":"SMITH"}],"neow_cost":"NONE","seed_source_timestamp":2947413231781119,"circlet_count":0,"master_deck":["AscendersBane","Strike_R","Defend_R+1","Defend_R","Defend_R","Defend_R","Clothesline+1","Immolate+1","Headbutt","Headbutt+1","Ghostly Armor+1","Iron Wave+1","Offering","Fiend Fire+1","Feel No Pain+1","Shockwave+1","Shrug It Off","Body Slam+1","Blood for Blood+1","Shrug It Off+1","Burning Pact+1","Barricade+1","Burning Pact","Shrug It Off+1","Disarm","PanicButton","Corruption+1","Feel No Pain","Battle Trance+1"],"special_seed":0,"relics":["Burning Blood","SsserpentHead","Molten Egg 2","Omamori","Lantern","Meat on the Bone","Runic Pyramid","Art of War","The Courier","Pear","Question Card","Cursed Key","War Paint","Du-Vu Doll","Charon\u0027s Ashes","Boot","Blood Vial","Bronze Scales"],"potions_floor_usage":[33,55,55],"damage_taken":[{"damage":1.0,"enemies":"Cultist","floor":1.0,"turns":3.0},{"damage":0.0,"enemies":"Small Slimes","floor":2.0,"turns":3.0},{"damage":9.0,"enemies":"Jaw Worm","floor":4.0,"turns":2.0},{"damage":12.0,"enemies":"Gremlin Nob","floor":6.0,"turns":3.0},{"damage":25.0,"enemies":"3 Sentries","floor":8.0,"turns":4.0},{"damage":7.0,"enemies":"Exordium Wildlife","floor":10.0,"turns":2.0},{"damage":0.0,"enemies":"2 Fungi Beasts","floor":11.0,"turns":2.0},{"damage":0.0,"enemies":"Exordium Thugs","floor":13.0,"turns":3.0},{"damage":42.0,"enemies":"The Guardian","floor":16.0,"turns":15.0},{"damage":6.0,"enemies":"Spheric Guardian","floor":18.0,"turns":2.0},{"damage":6.0,"enemies":"3 Byrds","floor":19.0,"turns":4.0},{"damage":1.0,"enemies":"Snake Plant","floor":22.0,"turns":3.0},{"damage":15.0,"enemies":"Book of Stabbing","floor":24.0,"turns":3.0},{"damage":16.0,"enemies":"Centurion and Healer","floor":25.0,"turns":5.0},{"damage":21.0,"enemies":"Shelled Parasite and Fungi","floor":27.0,"turns":4.0},{"damage":6.0,"enemies":"Snake Plant","floor":28.0,"turns":2.0},{"damage":16.0,"enemies":"Slavers","floor":29.0,"turns":2.0},{"damage":50,"enemies":"Automaton","floor":33,"turns":9},{"damage":13,"enemies":"3 Shapes","floor":35,"turns":3},{"damage":8,"enemies":"3 Darklings","floor":36,"turns":3},{"damage":8,"enemies":"4 Shapes","floor":39,"turns":5},{"damage":6,"enemies":"Giant Head","floor":40,"turns":5},{"damage":6,"enemies":"Spire Growth","floor":41,"turns":3},{"damage":6,"enemies":"Nemesis","floor":42,"turns":7},{"damage":6,"enemies":"Maw","floor":46,"turns":4},{"damage":38,"enemies":"Transient","floor":47,"turns":5},{"damage":13,"enemies":"Reptomancer","floor":48,"turns":5},{"damage":13,"enemies":"Time Eater","floor":50,"turns":6},{"damage":6,"enemies":"Shield and Spear","floor":54,"turns":3},{"damage":10,"enemies":"The Heart","floor":55,"turns":7}],"seed_played":"-24554154778499590","potions_obtained":[{"floor":4.0,"key":"Strength Potion"},{"floor":6.0,"key":"BloodPotion"},{"floor":8.0,"key":"Ancient Potion"},{"floor":18.0,"key":"GamblersBrew"},{"floor":33,"key":"GamblersBrew"},{"floor":39,"key":"EntropicBrew"}],"is_trial":false,"path_per_floor":["M","M","?","M","?","E","R","E","T","M","M","R","M","?","R","B",null,"M","M","$","$","M","R","E","M","T","M","M","E","R","?","R","B",null,"M","M","?","?","M","E","M","E","T","$","$","M","M","E","R","B",null,"R","$","E","B",null],"character_chosen":"IRONCLAD","items_purchased":["Fiend Fire+1","Art of War","Feel No Pain","Shockwave","Shrug It Off","Disarm","PanicButton","Charon\u0027s Ashes","Feel No Pain","Blood Vial"],"campfire_rested":0,"item_purchase_floors":[20,20,21,21,21,44,44,44,53,53],"current_hp_per_floor":[73,75,68,65,65,59,59,40,40,39,45,45,51,51,51,27,63,63,63,63,63,68,68,59,49,59,56,56,58,58,58,58,47,76,69,67,67,67,65,65,65,65,65,65,65,65,45,50,50,55,75,75,75,77,75],"gold":155,"neow_bonus":"UPGRADE_CARD","is_prod":false,"is_daily":false,"chose_seed":false,"campfire_upgraded":7,"win_rate":0,"timestamp":1565745080,"path_taken":["M","M","?","M","?","E","R","E","T","M","?","R","M","?","R","BOSS","M","M","?","$","M","R","E","M","T","?","?","E","R","?","R","BOSS","M","M","?","?","M","E","M","E","T","?","$","M","?","E","R","BOSS","R","$","E","BOSS"],"build_version":"2019-07-17","purchased_purges":3,"victory":true,"max_hp_per_floor":[75,75,75,75,75,75,75,75,75,75,75,75,75,75,75,75,75,75,75,75,75,75,75,75,75,85,85,85,85,85,85,85,85,85,85,85,85,81,81,81,81,81,81,81,81,81,81,81,81,81,81,81,81,81,81],"card_choices":[{"not_picked":["Sword Boomerang","Thunderclap"],"picked":"Clothesline","floor":1.0},{"not_picked":["Anger","Clash"],"picked":"Immolate","floor":2.0},{"not_picked":["Thunderclap","Pummel"],"picked":"Headbutt","floor":4.0},{"not_picked":["Rampage","Warcry","Cleave"],"picked":"SKIP","floor":6.0},{"not_picked":["Limit Break","Flex","Sentinel"],"picked":"SKIP","floor":8.0},{"not_picked":["Whirlwind+1","Armaments"],"picked":"Headbutt+1","floor":10.0},{"not_picked":["Armaments","Perfected Strike+1"],"picked":"Ghostly Armor","floor":11.0},{"not_picked":["Armaments","Twin Strike+1"],"picked":"Iron Wave+1","floor":13.0},{"not_picked":["Impervious","Reaper+1"],"picked":"Offering","floor":16.0},{"not_picked":["Sever Soul+1","Ghostly Armor","Headbutt+1"],"picked":"SKIP","floor":18.0},{"not_picked":["Entrench","Rage","Clothesline+1"],"picked":"SKIP","floor":19.0},{"not_picked":["Cleave+1","Anger+1"],"picked":"Body Slam+1","floor":22.0},{"not_picked":["Shockwave","Rampage+1","Searing Blow+1"],"picked":"SKIP","floor":24.0},{"not_picked":["Thunderclap+1","Intimidate"],"picked":"Blood for Blood+1","floor":25.0},{"not_picked":["Entrench+1","Sword Boomerang+1"],"picked":"Shrug It Off+1","floor":27.0},{"not_picked":["Wild Strike+1","Pummel+1"],"picked":"Burning Pact","floor":28.0},{"not_picked":["Warcry","Searing Blow+1","Uppercut+1"],"picked":"SKIP","floor":29.0},{"not_picked":["Offering","Fiend Fire+1","Demon Form"],"picked":"Barricade","floor":33},{"not_picked":["Whirlwind+1","Carnage+1","Body Slam+1","Twin Strike+1"],"picked":"SKIP","floor":35},{"not_picked":["Anger+1","Combust+1","Bloodletting","Perfected Strike+1"],"picked":"SKIP","floor":36},{"not_picked":["Clash+1","Iron Wave+1","Anger+1"],"picked":"Burning Pact","floor":39},{"not_picked":["Pommel Strike+1","Thunderclap+1","Whirlwind+1","Rage"],"picked":"SKIP","floor":40},{"not_picked":["Body Slam+1","Carnage+1","Twin Strike+1","Havoc"],"picked":"SKIP","floor":41},{"not_picked":["Pummel+1","Exhume","Combust"],"picked":"Shrug It Off+1","floor":42},{"not_picked":["Body Slam+1","Armaments","Shrug It Off","Infernal Blade"],"picked":"SKIP","floor":46},{"not_picked":["Shrug It Off","Berserk","Evolve","Havoc"],"picked":"SKIP","floor":47},{"not_picked":["Power Through+1","True Grit","Fiend Fire+1"],"picked":"Corruption","floor":48},{"not_picked":["Havoc","Warcry","Rage"],"picked":"Battle Trance+1","floor":54}],"player_experience":2678719,"relics_obtained":[{"floor":6.0,"key":"Molten Egg 2"},{"floor":8.0,"key":"Omamori"},{"floor":9.0,"key":"Lantern"},{"floor":24.0,"key":"The Courier"},{"floor":26.0,"key":"Pear"},{"floor":29.0,"key":"Question Card"},{"floor":40,"key":"War Paint"},{"floor":42,"key":"Du-Vu Doll"},{"floor":48,"key":"Boot"},{"floor":54,"key":"Bronze Scales"}],"event_choices":[{"cards_removed":["Strike_R"],"damage_healed":0.0,"max_hp_gain":0.0,"max_hp_loss":0.0,"gold_gain":0.0,"event_name":"Golden Wing","player_choice":"Card Removal","floor":3.0,"gold_loss":0.0,"damage_taken":7.0},{"damage_healed":0.0,"max_hp_gain":0.0,"max_hp_loss":0.0,"gold_gain":0.0,"event_name":"FaceTrader","player_choice":"Trade","floor":5.0,"gold_loss":0.0,"damage_taken":0.0,"relics_obtained":["SsserpentHead"]},{"damage_healed":0.0,"max_hp_gain":0.0,"max_hp_loss":0.0,"gold_gain":0.0,"event_name":"WeMeetAgain","player_choice":"Gave Potion","floor":14.0,"gold_loss":0.0,"damage_taken":0.0,"relics_obtained":["Meat on the Bone"]},{"damage_healed":0.0,"max_hp_gain":0.0,"max_hp_loss":0.0,"gold_gain":0.0,"event_name":"Forgotten Altar","player_choice":"Smashed Altar","floor":31.0,"gold_loss":0.0,"damage_taken":0.0,"cards_obtained":["Decay"]},{"cards_removed":["Bash"],"damage_healed":0,"gold_gain":0,"player_choice":"Removed Attack","damage_taken":0,"max_hp_gain":0,"max_hp_loss":0,"event_name":"Falling","floor":37,"gold_loss":0},{"damage_healed":0,"gold_gain":0,"player_choice":"Max HP","damage_taken":0,"max_hp_gain":0,"max_hp_loss":4,"event_name":"Winding Halls","floor":38,"gold_loss":0}],"is_beta":false,"boss_relics":[{"not_picked":["Orrery","Black Blood"],"picked":"Runic Pyramid"},{"not_picked":["Pandora\u0027s Box","Empty Cage"],"picked":"Cursed Key"}],"items_purged_floors":[20,45,53],"is_endless":false,"potions_floor_spawned":[4,6,8,13,18,22,33,39,40,46,48,54],"ascension_level":15}