{"gold_per_floor":[112,112,122,122,134,160,172,172,242,242,38,71,85,104,104,203,203,188,87,87,87,102,102],"floor_reached":23,"playtime":2196,"items_purged":[],"score":201,"play_id":"96341614-aedc-48f3-acc5-69f040d779e7","local_time":"20190825140453","is_ascension_mode":false,"campfire_choices":[{"floor":15,"key":"REST"}],"neow_cost":"NONE","seed_source_timestamp":352357649700000,"circlet_count":0,"master_deck":["Strike_R","Strike_R","Strike_R","Strike_R","Defend_R","Defend_R","Defend_R","Defend_R","Bash","Burning Pact+1","Corruption","Iron Wave","Seeing Red+1","Perfected Strike","Carnage","Fiend Fire","Flame Barrier+1","Warcry+1","Reaper","Shrug It Off+1","Clothesline","Metallicize"],"relics":["Burning Blood","Girya","Toxic Egg 2","Bag of Marbles","Eternal Feather"],"potions_floor_usage":[6,12,16,16,16,23,23],"damage_taken":[{"damage":10,"enemies":"Jaw Worm","floor":1,"turns":4},{"damage":5,"enemies":"Small Slimes","floor":3,"turns":4},{"damage":6,"enemies":"2 Louse","floor":5,"turns":3},{"damage":49,"enemies":"Lagavulin","floor":6,"turns":6},{"damage":8,"enemies":"Red Slaver","floor":7,"turns":5},{"damage":30,"enemies":"3 Sentries","floor":12,"turns":7},{"damage":2,"enemies":"Blue Slaver","floor":13,"turns":2},{"damage":13,"enemies":"2 Fungi Beasts","floor":14,"turns":3},{"damage":34,"enemies":"Hexaghost","floor":16,"turns":10},{"damage":14,"enemies":"2 Thieves","floor":18,"turns":4},{"damage":21,"enemies":"Shell Parasite","floor":22,"turns":10},{"damage":74,"enemies":"Gremlin Leader","floor":23,"turns":7}],"seed_played":"735051349958191876","potions_obtained":[{"floor":0,"key":"Swift Potion"},{"floor":0,"key":"Poison Potion"},{"floor":0,"key":"Regen Potion"},{"floor":6,"key":"Energy Potion"},{"floor":10,"key":"Explosive Potion"},{"floor":13,"key":"Poison Potion"},{"floor":18,"key":"Strength Potion"}],"is_trial":false,"path_per_floor":["M","?","M","?","M","E","M","?","T","?","$","E","M","M","R","B",null,"M","$","?","?","M","E"],"character_chosen":"IRONCLAD","items_purchased":["Seeing Red+1","Perfected Strike","Carnage","Clothesline","PowerPotion"],"campfire_rested":1,"item_purchase_floors":[11,11,11,19,19],"current_hp_per_floor":[76,76,77,77,77,34,32,32,32,32,32,23,27,20,44,16,80,76,76,76,76,61,0],"gold":102,"neow_bonus":"THREE_SMALL_POTIONS","is_prod":false,"is_daily":false,"chose_seed":false,"campfire_upgraded":0,"win_rate":0.0,"timestamp":1566738293,"path_taken":["M","?","M","?","M","E","M","?","T","?","$","E","M","?","R","BOSS","M","$","?","?","M","E"],"build_version":"2019-07-17","purchased_purges":0,"victory":false,"max_hp_per_floor":[80,80,80,80,80,80,80,80,80,80,80,80,80,80,80,80,80,80,80,80,80,80,80],"card_choices":[{"not_picked":["Iron Wave","Thunderclap"],"picked":"Burning Pact","floor":1},{"not_picked":["Blood for Blood","Hemokinesis","Headbutt"],"picked":"SKIP","floor":3},{"not_picked":["Flex","Bloodletting","Power Through"],"picked":"SKIP","floor":5},{"not_picked":["Second Wind","Thunderclap"],"picked":"Corruption","floor":6},{"not_picked":["Anger","Body Slam"],"picked":"Iron Wave","floor":7},{"not_picked":["Rupture","Corruption"],"picked":"Fiend Fire","floor":12},{"not_picked":["Bloodletting+1","Searing Blow"],"picked":"Flame Barrier+1","floor":13},{"not_picked":["Intimidate+1","Thunderclap"],"picked":"Warcry+1","floor":14},{"not_picked":["Double Tap+1","Feed"],"picked":"Reaper","floor":16},{"not_picked":["Anger","True Grit+1"],"picked":"Shrug It Off+1","floor":18},{"not_picked":["Body Slam","Rupture"],"picked":"Metallicize","floor":22}],"player_experience":16946,"relics_obtained":[{"floor":6,"key":"Girya"},{"floor":9,"key":"Toxic Egg 2"},{"floor":12,"key":"Bag of Marbles"}],"event_choices":[{"damage_healed":0,"gold_gain":0,"player_choice":"Grow","damage_taken":0,"max_hp_gain":0,"max_hp_loss":0,"event_name":"Living Wall","floor":2,"gold_loss":0,"cards_upgraded":["Burning Pact"]},{"damage_healed":0,"gold_gain":0,"player_choice":"Ignored","damage_taken":0,"max_hp_gain":0,"max_hp_loss":0,"event_name":"Liars Game","floor":4,"gold_loss":0},{"damage_healed":0,"gold_gain":0,"player_choice":"Ignored","damage_taken":0,"max_hp_gain":0,"max_hp_loss":0,"event_name":"Golden Wing","floor":8,"gold_loss":0},{"damage_healed":0,"gold_gain":0,"player_choice":"Got Potions","damage_taken":0,"max_hp_gain":0,"max_hp_loss":0,"event_name":"Lab","floor":10,"gold_loss":0},{"damage_healed":0,"gold_gain":0,"player_choice":"Ignored","damage_taken":0,"max_hp_gain":0,"max_hp_loss":0,"event_name":"Vampires","floor":20,"gold_loss":0},{"cards_removed":["Strike_R"],"damage_healed":0,"gold_gain":0,"player_choice":"Offered Basic","damage_taken":0,"max_hp_gain":0,"max_hp_loss":0,"event_name":"Bonfire Elementals","floor":21,"gold_loss":0}],"is_beta":false,"boss_relics":[{"not_picked":["Coffee Dripper","Snecko Eye"],"picked":"Eternal Feather"}],"items_purged_floors":[],"is_endless":false,"potions_floor_spawned":[6,7,13,18],"killed_by":"Gremlin Leader","ascension_level":0}