{"gold_per_floor":[113,113,113,124,137,137,148,148,148,161,193,205,240,240,240,345,395,411,10,24,43,43,43,43,43],"floor_reached":25,"playtime":1396,"items_purged":["Strike_G"],"score":213,"play_id":"beb25ec3-58df-4d78-a61d-d4e87ea33036","local_time":"20181226195303","is_ascension_mode":false,"campfire_choices":[{"data":"Poisoned Stab","floor":6,"key":"SMITH"},{"data":"Caltrops","floor":8,"key":"SMITH"},{"data":"1","floor":15,"key":"LIFT"},{"floor":23,"key":"REST"}],"neow_cost":"NONE","seed_source_timestamp":25437078516300,"circlet_count":0,"master_deck":["Defend_G","Defend_G","Defend_G","Defend_G","Defend_G","Strike_G","Strike_G","Strike_G","Survivor+1","Neutralize","Noxious Fumes","Poisoned Stab+1","Backstab","Caltrops+1","Flying Knee","Poisoned Stab","Flying Knee","Distraction","Envenom","Bouncing Flask","Poisoned Stab","Dagger Spray","Catalyst","Backstab","Flechettes","Well Laid Plans"],"relics":["Ring of the Snake","Boot","Girya","Prayer Wheel","Vajra","FaceOfCleric","Tiny House","Mercury Hourglass","Nilry\u0027s Codex"],"potions_floor_usage":[12,16],"damage_taken":[{"damage":0,"enemies":"2 Louse","floor":1,"turns":3},{"damage":0,"enemies":"Cultist","floor":4,"turns":5},{"damage":1,"enemies":"Jaw Worm","floor":5,"turns":4},{"damage":0,"enemies":"Gremlin Gang","floor":7,"turns":4},{"damage":2,"enemies":"Exordium Wildlife","floor":10,"turns":3},{"damage":12,"enemies":"3 Sentries","floor":11,"turns":8},{"damage":3,"enemies":"Large Slime","floor":12,"turns":4},{"damage":2,"enemies":"Lagavulin","floor":13,"turns":6},{"damage":36,"enemies":"Hexaghost","floor":16,"turns":6},{"damage":10,"enemies":"3 Byrds","floor":18,"turns":4},{"damage":6,"enemies":"Chosen","floor":20,"turns":3},{"damage":18,"enemies":"Snake Plant","floor":21,"turns":3},{"damage":63,"enemies":"Gremlin Leader","floor":25,"turns":6}],"seed_played":"894349102602775905","potions_obtained":[{"floor":4,"key":"Energy Potion"},{"floor":10,"key":"AttackPotion"},{"floor":12,"key":"Fruit Juice"},{"floor":16,"key":"SmokeBomb"},{"floor":17,"key":"AttackPotion"},{"floor":21,"key":"EssenceOfSteel"}],"is_trial":false,"path_per_floor":["M","?","?","M","M","R","M","R","T","M","E","M","E","?","R","B",null,"M","$","M","M","?","R","?","E"],"character_chosen":"THE_SILENT","items_purchased":["Catalyst","Mercury Hourglass"],"campfire_rested":1,"item_purchase_floors":[19,19],"current_hp_per_floor":[70,70,70,70,69,69,69,69,69,67,55,57,55,55,55,20,81,72,72,67,50,34,59,59,0],"gold":43,"neow_bonus":"RANDOM_COMMON_RELIC","is_prod":false,"is_daily":false,"chose_seed":false,"campfire_upgraded":2,"win_rate":0.0,"timestamp":1545850383,"path_taken":["M","?","?","M","?","R","M","R","T","M","E","M","E","?","R","BOSS","M","$","?","M","?","R","?","E"],"build_version":"2018-12-20","purchased_purges":1,"victory":false,"max_hp_per_floor":[70,70,70,70,70,70,70,70,70,70,70,75,75,75,75,76,81,82,82,83,84,84,84,84,84],"card_choices":[{"not_picked":["Acrobatics","Prepared"],"picked":"Noxious Fumes","floor":1},{"not_picked":["Slice","All Out Attack"],"picked":"Poisoned Stab","floor":4},{"not_picked":["Choke","Dagger Spray"],"picked":"Backstab","floor":5},{"not_picked":["Deadly Poison","Dagger Spray"],"picked":"Caltrops","floor":7},{"not_picked":["Slice","Quick Slash"],"picked":"Flying Knee","floor":10},{"not_picked":["Dagger Spray","Riddle With Holes"],"picked":"Malaise","floor":11},{"not_picked":["Prepared","Terror"],"picked":"Poisoned Stab","floor":12},{"not_picked":["Slice","Dagger Throw"],"picked":"Flying Knee","floor":12},{"not_picked":["Deadly Poison","Sucker Punch"],"picked":"Distraction","floor":13},{"not_picked":["Phantasmal Killer","Tools of the Trade"],"picked":"Envenom","floor":16},{"not_picked":["Footwork","Reflex"],"picked":"Bouncing Flask","floor":17},{"not_picked":["PiercingWail+1","Flying Knee"],"picked":"Poisoned Stab","floor":18},{"not_picked":["Dodge and Roll","Deadly Poison"],"picked":"Dagger Spray","floor":18},{"not_picked":["Dodge and Roll","Endless Agony"],"picked":"Backstab","floor":20},{"not_picked":["Acrobatics","Expertise","Malaise"],"picked":"SKIP","floor":20},{"not_picked":["Reflex","Tactician"],"picked":"Flechettes","floor":21},{"not_picked":["Dagger Throw","All Out Attack","Acrobatics"],"picked":"SKIP","floor":21}],"player_experience":41119,"relics_obtained":[{"floor":9,"key":"Girya"},{"floor":11,"key":"Prayer Wheel"},{"floor":13,"key":"Vajra"},{"floor":22,"key":"Nilry\u0027s Codex"}],"event_choices":[{"damage_healed":0,"gold_gain":0,"player_choice":"Ignored","damage_taken":0,"max_hp_gain":0,"max_hp_loss":0,"event_name":"Golden Wing","floor":2,"gold_loss":0},{"cards_removed":["Strike_G"],"damage_healed":0,"gold_gain":0,"player_choice":"Purged","damage_taken":0,"max_hp_gain":0,"max_hp_loss":0,"event_name":"Purifier","floor":3,"gold_loss":0},{"damage_healed":0,"gold_gain":0,"player_choice":"Trade","damage_taken":0,"relics_obtained":["FaceOfCleric"],"max_hp_gain":0,"max_hp_loss":0,"event_name":"FaceTrader","floor":14,"gold_loss":0},{"damage_healed":0,"gold_gain":0,"player_choice":"Obtained Book","damage_taken":16,"max_hp_gain":0,"max_hp_loss":0,"event_name":"Cursed Tome","floor":22,"gold_loss":0},{"damage_healed":0,"gold_gain":0,"cards_transformed":["Malaise"],"player_choice":"Transformed","damage_taken":0,"max_hp_gain":0,"max_hp_loss":0,"event_name":"Transmorgrifier","floor":24,"gold_loss":0,"cards_obtained":["Well Laid Plans"]}],"is_beta":false,"boss_relics":[{"not_picked":["WristBlade","Sozu"],"picked":"Tiny House"}],"items_purged_floors":[19],"is_endless":false,"potions_floor_spawned":[4,10,12,16,21],"killed_by":"Gremlin Leader","ascension_level":0}