{"gold_per_floor":[115,134,8,27,102,102,133,133,133,145,145],"floor_reached":11,"playtime":524,"items_purged":[],"score":73,"play_id":"081b851d-1d98-42ce-a69d-3008c7c8017b","local_time":"20190414120922","is_ascension_mode":false,"campfire_choices":[{"data":"Zap","floor":6,"key":"SMITH"},{"data":"Dualcast","floor":8,"key":"SMITH"}],"neow_cost":"NONE","seed_source_timestamp":46912138873900,"circlet_count":0,"master_deck":["Strike_B","Strike_B","Strike_B","Strike_B","Defend_B","Defend_B","Defend_B","Defend_B","Zap+1","Dualcast+1","Thunder Strike","Streamline","Go for the Eyes","Tempest","Stack","Hologram","Ball Lightning","Leap"],"relics":["Cracked Core","Calipers","Gremlin Horn"],"potions_floor_usage":[],"damage_taken":[{"damage":10,"enemies":"Cultist","floor":1,"turns":4},{"damage":1,"enemies":"2 Louse","floor":2,"turns":2},{"damage":0,"enemies":"Jaw Worm","floor":4,"turns":3},{"damage":23,"enemies":"3 Sentries","floor":7,"turns":8},{"damage":16,"enemies":"Large Slime","floor":10,"turns":3},{"damage":16,"enemies":"Gremlin Gang","floor":11,"turns":2}],"seed_played":"-2615839496261994733","potions_obtained":[{"floor":7,"key":"AttackPotion"},{"floor":10,"key":"SpeedPotion"}],"is_trial":false,"path_per_floor":["M","M","$","M","?","R","E","R","T","M","M"],"character_chosen":"DEFECT","items_purchased":["Tempest","Stack"],"campfire_rested":0,"item_purchase_floors":[3,3],"current_hp_per_floor":[65,64,64,64,53,53,30,30,30,14,0],"gold":145,"neow_bonus":"ONE_RANDOM_RARE_CARD","is_prod":false,"is_daily":false,"chose_seed":false,"campfire_upgraded":2,"win_rate":0,"timestamp":1555236562,"path_taken":["M","M","?","M","?","R","E","R","T","M","M"],"build_version":"2019-01-23","purchased_purges":0,"victory":false,"max_hp_per_floor":[75,75,75,75,75,75,75,75,75,75,75],"card_choices":[{"not_picked":["Compile Driver","Aggregate"],"picked":"Streamline","floor":1},{"not_picked":["Aggregate","Hologram"],"picked":"Go for the Eyes","floor":2},{"not_picked":["Lockon","Hello World"],"picked":"Hologram","floor":4},{"not_picked":["Stack","Machine Learning"],"picked":"Ball Lightning","floor":7},{"not_picked":["Tempest","Cold Snap"],"picked":"Leap","floor":10}],"player_experience":286928,"relics_obtained":[{"floor":7,"key":"Calipers"},{"floor":9,"key":"Gremlin Horn"}],"event_choices":[{"damage_healed":0,"gold_gain":75,"player_choice":"Gather Gold","damage_taken":11,"max_hp_gain":0,"max_hp_loss":0,"event_name":"World of Goop","floor":5,"gold_loss":0}],"is_beta":false,"boss_relics":[],"items_purged_floors":[],"is_endless":false,"potions_floor_spawned":[7,10],"killed_by":"Gremlin Gang","ascension_level":0}