{"gold_per_floor":[13,24,24,40,40,40,78,78,102,117,142,217,250,309,309,405,405,423,423,442,462,472,472,500,44,71,71,171,171,502,502,502,576,576,594,613,613,88,103,132,132,157,182,214,214,230,330,330,330,330,330,330,51,78,78],"floor_reached":56,"playtime":2150,"items_purged":["Strike_R","Strike_R"],"score":2042,"play_id":"6eb80597-e33e-4f28-9087-897a18c82e8a","local_time":"20190630164518","is_ascension_mode":true,"campfire_choices":[{"data":"Bash","floor":6.0,"key":"SMITH"},{"floor":8.0,"key":"REST"},{"floor":15.0,"key":"REST"},{"data":"True Grit","floor":23.0,"key":"SMITH"},{"data":"Fiend Fire","floor":27.0,"key":"SMITH"},{"data":"Corruption","floor":29.0,"key":"SMITH"},{"data":"Shockwave","floor":32.0,"key":"SMITH"},{"floor":41.0,"key":"RECALL"},{"floor":45.0,"key":"REST"},{"data":"Armaments","floor":49.0,"key":"SMITH"},{"data":"Dark Embrace","floor":52.0,"key":"SMITH"}],"neow_cost":"NO_GOLD","seed_source_timestamp":1455696629887810,"circlet_count":0,"master_deck":["AscendersBane","Strike_R","Strike_R","Strike_R","Defend_R","Defend_R","Defend_R","Defend_R","Bash+1","Headbutt","Twin Strike+1","Offering","Evolve","Fiend Fire+1","Armaments+1","Uppercut","True Grit+1","Corruption+1","Feed","Shockwave+1","Spot Weakness","Battle Trance+1","Dark Embrace+1","Sentinel","Finesse","The Bomb","Shrug It Off","Impervious","Flame Barrier","Flame Barrier+1"],"special_seed":0,"relics":["Burning Blood","Charon\u0027s Ashes","Bloody Idol","Happy Flower","Omamori","Juzu Bracelet","Cursed Key","Matryoshka","Bag of Preparation","Orichalcum","Lantern","Incense Burner","Bottled Tornado","Old Coin","Lizard Tail","TheAbacus","Centennial Puzzle","Pen Nib","Dream Catcher","Bag of Marbles","Turnip","Oddly Smooth Stone","Bottled Lightning"],"potions_floor_usage":[55,55],"damage_taken":[{"damage":9.0,"enemies":"2 Louse","floor":1.0,"turns":4.0},{"damage":8.0,"enemies":"Jaw Worm","floor":2.0,"turns":4.0},{"damage":0.0,"enemies":"Small Slimes","floor":4.0,"turns":2.0},{"damage":28.0,"enemies":"Gremlin Nob","floor":7.0,"turns":4.0},{"damage":8.0,"enemies":"Exordium Wildlife","floor":10.0,"turns":4.0},{"damage":7.0,"enemies":"Looter","floor":11.0,"turns":2.0},{"damage":12.0,"enemies":"Lagavulin","floor":13.0,"turns":3.0},{"damage":14.0,"enemies":"Slime Boss","floor":16.0,"turns":7.0},{"damage":13.0,"enemies":"Chosen","floor":18.0,"turns":3.0},{"damage":12.0,"enemies":"2 Thieves","floor":20.0,"turns":3.0},{"damage":35.0,"enemies":"Sentry and Sphere","floor":21.0,"turns":4.0},{"damage":9.0,"enemies":"Centurion and Healer","floor":22.0,"turns":5.0},{"damage":17.0,"enemies":"Slavers","floor":24.0,"turns":5.0},{"damage":6.0,"enemies":"Colosseum Slavers","floor":28.0,"turns":2.0},{"damage":8.0,"enemies":"Colosseum Nobs","floor":28.0,"turns":3.0},{"damage":14.0,"enemies":"Gremlin Leader","floor":30.0,"turns":4.0},{"damage":33.0,"enemies":"Champ","floor":33.0,"turns":11.0},{"damage":0.0,"enemies":"Orb Walker","floor":35.0,"turns":1.0},{"damage":8.0,"enemies":"3 Shapes","floor":36.0,"turns":4.0},{"damage":1.0,"enemies":"Sphere and 2 Shapes","floor":39.0,"turns":3.0},{"damage":29.0,"enemies":"Giant Head","floor":40.0,"turns":8.0},{"damage":33.0,"enemies":"Nemesis","floor":42.0,"turns":3.0},{"damage":23.0,"enemies":"Reptomancer","floor":44.0,"turns":4.0},{"damage":0.0,"enemies":"Jaw Worm Horde","floor":46.0,"turns":3.0},{"damage":0.0,"enemies":"Mind Bloom Boss Battle","floor":47.0,"turns":5.0},{"damage":5.0,"enemies":"Awakened One","floor":50.0,"turns":15.0},{"damage":6.0,"enemies":"Shield and Spear","floor":54.0,"turns":3.0},{"damage":9,"enemies":"The Heart","floor":55,"turns":6}],"seed_played":"8825681747660077426","potions_obtained":[{"floor":2.0,"key":"LiquidBronze"},{"floor":10.0,"key":"EssenceOfSteel"},{"floor":11.0,"key":"Energy Potion"},{"floor":21.0,"key":"SpeedPotion"},{"floor":22.0,"key":"AttackPotion"},{"floor":24.0,"key":"PowerPotion"},{"floor":33.0,"key":"SkillPotion"},{"floor":39.0,"key":"Ancient Potion"}],"is_trial":false,"path_per_floor":["M","M","?","M","?","R","E","R","T","M","M","?","E","?","R","B",null,"M","?","M","M","M","R","E","$","T","R","?","R","E","?","R","B",null,"M","M","?","$","M","E","R","E","T","E","R","M","?","?","R","B",null,"R","$","E","B",null],"character_chosen":"IRONCLAD","items_purchased":["Feed","Shockwave","Bag of Preparation","Shrug It Off","Impervious","TheAbacus","Dexterity Potion","Oddly Smooth Stone","LiquidBronze"],"campfire_rested":3,"item_purchase_floors":[25,25,25,38,38,38,53,53,53],"current_hp_per_floor":[65,63,63,68,48,48,26,46,46,44,43,32,26,26,46,38,61,54,54,58,34,36,36,30,30,35,35,38,38,43,43,43,24,62,73,77,67,67,77,62,62,43,48,36,60,74,85,85,85,90,90,90,90,90,87],"gold":78,"neow_bonus":"ONE_RARE_RELIC","is_prod":false,"is_daily":false,"chose_seed":false,"campfire_upgraded":7,"win_rate":0,"timestamp":1561927518,"path_taken":["M","M","?","M","?","R","E","R","T","M","M","?","E","?","R","BOSS","M","?","M","M","M","R","E","$","T","R","?","R","E","?","R","BOSS","M","M","?","$","M","E","R","E","T","E","R","M","?","?","R","BOSS","R","$","E","BOSS"],"build_version":"2019-06-29","purchased_purges":2,"victory":true,"max_hp_per_floor":[75,75,68,68,68,68,68,68,68,68,68,68,68,68,68,68,68,68,68,68,68,68,68,68,68,68,68,68,68,71,71,71,74,74,74,77,77,77,77,80,80,83,83,83,83,86,86,86,86,90,90,90,90,90,90],"card_choices":[{"not_picked":["Sword Boomerang","Burning Pact"],"picked":"Headbutt","floor":1.0},{"not_picked":["Body Slam","Headbutt"],"picked":"Twin Strike","floor":2.0},{"not_picked":["Iron Wave","Cleave"],"picked":"Anger","floor":4.0},{"not_picked":["Sword Boomerang","Heavy Blade"],"picked":"Offering","floor":7.0},{"not_picked":["Anger","Cleave"],"picked":"Evolve","floor":10.0},{"not_picked":["Bloodletting","Sword Boomerang","Flex"],"picked":"SKIP","floor":11.0},{"not_picked":["Twin Strike","Intimidate","Rampage"],"picked":"SKIP","floor":13.0},{"not_picked":["Barricade","Limit Break"],"picked":"Fiend Fire","floor":16.0},{"not_picked":["Metallicize","Iron Wave"],"picked":"Armaments","floor":18.0},{"not_picked":["Sever Soul","Pommel Strike"],"picked":"Uppercut","floor":20.0},{"not_picked":["Pummel","Dropkick","Armaments"],"picked":"SKIP","floor":21.0},{"not_picked":["Clothesline","Thunderclap"],"picked":"True Grit","floor":22.0},{"not_picked":["Iron Wave+1","Anger"],"picked":"Corruption","floor":24.0},{"not_picked":["Sentinel","Perfected Strike"],"picked":"Spot Weakness","floor":28.0},{"not_picked":["Clash","Metallicize"],"picked":"Battle Trance+1","floor":30.0},{"not_picked":["Barricade","Offering"],"picked":"Dark Embrace","floor":33.0},{"not_picked":["Iron Wave","True Grit","Corruption+1"],"picked":"SKIP","floor":35.0},{"not_picked":["Rupture","Reckless Charge"],"picked":"Sentinel","floor":36.0},{"not_picked":["Deep Breath","Sadistic Nature"],"picked":"Finesse","floor":37.0},{"not_picked":["Panacea","Sadistic Nature"],"picked":"The Bomb","floor":37.0},{"not_picked":["Rampage","Perfected Strike","Thunderclap"],"picked":"SKIP","floor":39.0},{"not_picked":["Perfected Strike","Havoc"],"picked":"Flame Barrier","floor":40.0},{"not_picked":["Flex","Twin Strike","Hemokinesis"],"picked":"SKIP","floor":42.0},{"not_picked":["Warcry","Armaments"],"picked":"Flame Barrier+1","floor":44.0},{"not_picked":["Clash","Cleave","Pommel Strike"],"picked":"SKIP","floor":46.0},{"not_picked":["Body Slam","Perfected Strike","Whirlwind"],"picked":"SKIP","floor":54.0},{"not_picked":["Body Slam","Perfected Strike","Whirlwind"],"picked":"SKIP","floor":54.0}],"player_experience":2579009,"relics_obtained":[{"floor":7.0,"key":"Happy Flower"},{"floor":9.0,"key":"Omamori"},{"floor":13.0,"key":"Juzu Bracelet"},{"floor":24.0,"key":"Matryoshka"},{"floor":26.0,"key":"Orichalcum"},{"floor":26.0,"key":"Lantern"},{"floor":28.0,"key":"Incense Burner"},{"floor":28.0,"key":"Bottled Tornado"},{"floor":30.0,"key":"Old Coin"},{"floor":40.0,"key":"Centennial Puzzle"},{"floor":42.0,"key":"Pen Nib"},{"floor":43.0,"key":"Dream Catcher"},{"floor":44.0,"key":"Bag of Marbles"},{"floor":47.0,"key":"Turnip"},{"floor":54.0,"key":"Bottled Lightning"}],"event_choices":[{"damage_healed":0.0,"max_hp_gain":0.0,"max_hp_loss":7.0,"gold_gain":0.0,"event_name":"Golden Idol","player_choice":"Lose Max HP","floor":3.0,"gold_loss":0.0,"damage_taken":0.0,"relics_obtained":["Golden Idol"]},{"damage_healed":0.0,"max_hp_gain":0.0,"max_hp_loss":0.0,"gold_gain":0.0,"event_name":"Shining Light","player_choice":"Entered Light","floor":5.0,"gold_loss":0.0,"damage_taken":20.0,"cards_upgraded":["Anger","Twin Strike"]},{"damage_healed":0.0,"max_hp_gain":0.0,"max_hp_loss":0.0,"gold_gain":75.0,"event_name":"World of Goop","player_choice":"Gather Gold","floor":12.0,"gold_loss":0.0,"damage_taken":11.0},{"damage_healed":0.0,"max_hp_gain":0.0,"max_hp_loss":0.0,"gold_gain":59.0,"event_name":"Golden Wing","player_choice":"Gained Gold","floor":14.0,"gold_loss":0.0,"damage_taken":0.0},{"damage_healed":0.0,"max_hp_gain":0.0,"max_hp_loss":0.0,"gold_gain":0.0,"event_name":"Forgotten Altar","player_choice":"Gave Idol","floor":19.0,"relics_lost":["Golden Idol"],"gold_loss":0.0,"damage_taken":0.0,"relics_obtained":["Bloody Idol"]},{"damage_healed":0.0,"max_hp_gain":0.0,"max_hp_loss":0.0,"gold_gain":0.0,"event_name":"Colosseum","player_choice":"Fight","floor":28.0,"gold_loss":0.0,"damage_taken":0.0},{"damage_healed":0.0,"max_hp_gain":0.0,"max_hp_loss":0.0,"gold_gain":0.0,"event_name":"Colosseum","player_choice":"Fought Nobs","floor":28.0,"gold_loss":0.0,"damage_taken":0.0},{"damage_healed":0.0,"max_hp_gain":0.0,"max_hp_loss":0.0,"gold_gain":0.0,"event_name":"Vampires","player_choice":"Ignored","floor":31.0,"gold_loss":0.0,"damage_taken":0.0},{"damage_healed":0.0,"max_hp_gain":0.0,"max_hp_loss":0.0,"gold_gain":0.0,"event_name":"SensoryStone","player_choice":"Memory 3","floor":37.0,"gold_loss":0.0,"damage_taken":10.0},{"damage_healed":0.0,"max_hp_gain":0.0,"max_hp_loss":0.0,"gold_gain":0.0,"event_name":"MindBloom","player_choice":"Fight","floor":47.0,"gold_loss":0.0,"damage_taken":0.0},{"cards_removed":["Anger"],"damage_healed":0.0,"max_hp_gain":0.0,"max_hp_loss":0.0,"gold_gain":0.0,"event_name":"Falling","player_choice":"Removed Attack","floor":48.0,"gold_loss":0.0,"damage_taken":0.0}],"is_beta":true,"boss_relics":[{"not_picked":["Runic Dome","Tiny House"],"picked":"Cursed Key"},{"not_picked":["Orrery","Mark of Pain"],"picked":"Lizard Tail"}],"items_purged_floors":[25,38],"is_endless":false,"potions_floor_spawned":[2,10,11,21,22,24,28,33,36,39,40,42,47],"ascension_level":15}