{"gold_per_floor":[116,136,136,136,157,157,191,191,191,235,0,15,15,44,44,135,135,123,123,123,142,142,165,165,204,204,222,256,256,296,316,316,411,411,430,430,763,763,446,446,457,492,492,492],"floor_reached":44,"playtime":2268,"items_purged":["Strike_G"],"score":1059,"play_id":"ebfd1274-b33a-4df2-823f-0f42c96272b2","local_time":"20190619220330","is_ascension_mode":true,"campfire_choices":[{"data":"Sucker Punch","floor":6.0,"key":"SMITH"},{"data":"Cloak And Dagger","floor":8.0,"key":"SMITH"},{"data":"Envenom","floor":13.0,"key":"SMITH"},{"data":"Neutralize","floor":15.0,"key":"SMITH"},{"data":"Burst","floor":24.0,"key":"SMITH"},{"data":"Catalyst","floor":32.0,"key":"SMITH"},{"data":"Well Laid Plans","floor":40,"key":"SMITH"}],"neow_cost":"NONE","seed_source_timestamp":0,"circlet_count":0,"master_deck":["AscendersBane","Defend_G+1","Defend_G+1","Defend_G+1","Defend_G+1","Defend_G+1","Survivor","Sucker Punch+1","Cloak And Dagger+1","Bouncing Flask","Burst+1","Envenom+1","Well Laid Plans+1","Dash","Backflip","Venomology","Bite","Bite","Bite","Bite","Bite","PiercingWail+1","Catalyst+1","Infinite Blades","Footwork","Malaise","Dodge and Roll+1","Deadly Poison+1","Dodge and Roll+1","Writhe"],"special_seed":0,"relics":["Ring of the Snake","Shuriken","Bottled Lightning","Darkstone Periapt","Odd Mushroom","Cursed Key","Sundial","Boot","Spirit Poop","Question Card","Lizard Tail","Toxic Egg 2","Ginger","Juzu Bracelet"],"potions_floor_usage":[33,35,41,42,44],"damage_taken":[{"damage":0.0,"enemies":"Small Slimes","floor":1.0,"turns":5.0},{"damage":1.0,"enemies":"2 Louse","floor":2.0,"turns":3.0},{"damage":0.0,"enemies":"Cultist","floor":5.0,"turns":4.0},{"damage":15.0,"enemies":"Lagavulin","floor":7.0,"turns":7.0},{"damage":21.0,"enemies":"3 Sentries","floor":10.0,"turns":10.0},{"damage":1.0,"enemies":"Exordium Thugs","floor":12.0,"turns":5.0},{"damage":5.0,"enemies":"The Mushroom Lair","floor":14.0,"turns":5.0},{"damage":0.0,"enemies":"The Guardian","floor":16.0,"turns":10.0},{"damage":3.0,"enemies":"2 Thieves","floor":18.0,"turns":4.0},{"damage":0.0,"enemies":"Spheric Guardian","floor":21.0,"turns":3.0},{"damage":0.0,"enemies":"Centurion and Healer","floor":23.0,"turns":8.0},{"damage":12.0,"enemies":"Book of Stabbing","floor":25.0,"turns":6.0},{"damage":7.0,"enemies":"Snecko","floor":27.0,"turns":5.0},{"damage":42.0,"enemies":"Slavers","floor":28.0,"turns":8.0},{"damage":4.0,"enemies":"Book of Stabbing","floor":30.0,"turns":6.0},{"damage":15.0,"enemies":"Sentry and Sphere","floor":31.0,"turns":9.0},{"damage":26,"enemies":"Automaton","floor":33,"turns":12},{"damage":13,"enemies":"3 Darklings","floor":35,"turns":7},{"damage":0,"enemies":"3 Shapes","floor":41,"turns":7},{"damage":43,"enemies":"Giant Head","floor":42,"turns":10},{"damage":69,"enemies":"Transient","floor":44,"turns":5}],"seed_played":"-8038931513610699587","potions_obtained":[{"floor":1.0,"key":"Ancient Potion"},{"floor":7.0,"key":"Explosive Potion"},{"floor":10.0,"key":"GhostInAJar"},{"floor":12.0,"key":"Energy Potion"},{"floor":28.0,"key":"SkillPotion"},{"floor":30.0,"key":"LiquidBronze"},{"floor":33,"key":"GhostInAJar"}],"is_trial":false,"path_per_floor":["M","M","?","?","M","R","E","R","T","E","$","M","R","?","R","B",null,"M","?","?","M","$","M","R","E","T","M","E","?","E","M","R","B",null,"M","?","?","?","$","R","M","E","T","M"],"character_chosen":"THE_SILENT","items_purchased":["Well Laid Plans","Dash","Toxic Egg 2","Dodge and Roll+1","Deadly Poison+1"],"campfire_rested":0,"item_purchase_floors":[11,11,39,39,39],"current_hp_per_floor":[65,64,64,64,64,64,49,49,49,28,28,27,27,22,22,22,54,51,51,45,45,45,45,45,43,49,50,28,28,38,39,39,43,49,46,46,46,46,46,46,51,16,22,0],"gold":492,"neow_bonus":"TEN_PERCENT_HP_BONUS","is_prod":false,"is_daily":false,"chose_seed":false,"campfire_upgraded":7,"win_rate":0,"timestamp":1560996210,"path_taken":["M","M","?","?","M","R","E","R","T","E","$","M","R","?","R","BOSS","M","?","?","M","$","M","R","E","T","M","E","?","E","?","R","BOSS","M","?","?","?","$","R","?","E","T","M"],"build_version":"2019-01-23","purchased_purges":1,"victory":false,"max_hp_per_floor":[72,72,72,65,65,65,65,65,65,65,65,65,65,65,65,65,65,65,65,45,45,45,45,45,45,51,51,51,51,51,51,51,51,51,51,51,51,51,51,51,51,51,57,57],"card_choices":[{"not_picked":["Eviscerate","Acrobatics"],"picked":"Sucker Punch","floor":1.0},{"not_picked":["Acrobatics","Prepared"],"picked":"Cloak And Dagger","floor":2.0},{"not_picked":["Quick Slash","Acrobatics"],"picked":"Bouncing Flask","floor":5.0},{"not_picked":["Unload","Setup"],"picked":"Burst","floor":7.0},{"not_picked":["Dagger Spray","Eviscerate"],"picked":"Envenom","floor":10.0},{"not_picked":["Poisoned Stab","Dodge and Roll"],"picked":"Backflip","floor":12.0},{"not_picked":["Unload","Doppelganger"],"picked":"Venomology","floor":16.0},{"not_picked":["Poisoned Stab","Bane","Flying Knee"],"picked":"SKIP","floor":18.0},{"not_picked":["Slice","Bane"],"picked":"PiercingWail+1","floor":21.0},{"not_picked":["Acrobatics","Deadly Poison","Outmaneuver"],"picked":"SKIP","floor":23.0},{"not_picked":["Quick Slash","Storm of Steel"],"picked":"Catalyst","floor":25.0},{"not_picked":["Deadly Poison","Flying Knee","Setup"],"picked":"SKIP","floor":27.0},{"not_picked":["Caltrops","Deflect"],"picked":"Infinite Blades","floor":28.0},{"not_picked":["Setup","Deflect","Deadly Poison"],"picked":"SKIP","floor":30.0},{"not_picked":["Infinite Blades","Slice","Sucker Punch"],"picked":"Footwork","floor":31.0},{"not_picked":["Grand Finale","Venomology","Bullet Time"],"picked":"Malaise","floor":33},{"not_picked":["Deflect","Deadly Poison","Terror","Choke+1"],"picked":"SKIP","floor":35},{"not_picked":["Heel Hook","Caltrops","Dagger Spray"],"picked":"Dodge and Roll+1","floor":41},{"not_picked":["Prepared+1","Masterful Stab","Dagger Throw","Dagger Spray+1"],"picked":"SKIP","floor":42}],"player_experience":2555736,"relics_obtained":[{"floor":7.0,"key":"Shuriken"},{"floor":9.0,"key":"Bottled Lightning"},{"floor":10.0,"key":"Darkstone Periapt"},{"floor":14.0,"key":"Odd Mushroom"},{"floor":25.0,"key":"Sundial"},{"floor":28.0,"key":"Boot"},{"floor":30.0,"key":"Question Card"},{"floor":42,"key":"Ginger"},{"floor":43,"key":"Juzu Bracelet"}],"event_choices":[{"damage_healed":0.0,"max_hp_gain":0.0,"max_hp_loss":0.0,"gold_gain":0.0,"event_name":"Liars Game","player_choice":"Ignored","floor":3.0,"gold_loss":0.0,"damage_taken":0.0},{"damage_healed":0.0,"max_hp_gain":0.0,"max_hp_loss":7.0,"gold_gain":0.0,"event_name":"Golden Idol","player_choice":"Lose Max HP","floor":4.0,"gold_loss":0.0,"damage_taken":0.0,"relics_obtained":["Golden Idol"]},{"damage_healed":0.0,"max_hp_gain":0.0,"max_hp_loss":0.0,"gold_gain":0.0,"event_name":"Mushrooms","player_choice":"Fought Mushrooms","floor":14.0,"gold_loss":0.0,"damage_taken":0.0},{"damage_healed":0.0,"max_hp_gain":0.0,"max_hp_loss":0.0,"gold_gain":0.0,"event_name":"Back to Basics","player_choice":"Simplicity","floor":19.0,"gold_loss":0.0,"damage_taken":0.0,"cards_upgraded":["Defend_G","Defend_G","Defend_G","Defend_G","Defend_G","Strike_G","Strike_G","Strike_G","Strike_G"]},{"damage_healed":0.0,"max_hp_gain":0.0,"max_hp_loss":20.0,"gold_gain":0.0,"event_name":"Vampires","player_choice":"Became a vampire","floor":20.0,"gold_loss":0.0,"damage_taken":0.0,"cards_obtained":["Bite","Bite","Bite","Bite","Bite"]},{"cards_removed":["Pain"],"damage_healed":0.0,"max_hp_gain":0.0,"max_hp_loss":0.0,"gold_gain":0.0,"event_name":"Bonfire Elementals","player_choice":"Offered Curse","floor":29.0,"gold_loss":0.0,"damage_taken":0.0,"relics_obtained":["Spirit Poop"]},{"cards_removed":["Neutralize"],"damage_healed":0,"gold_gain":0,"player_choice":"Removed Attack","damage_taken":0,"max_hp_gain":0,"max_hp_loss":0,"event_name":"Falling","floor":36,"gold_loss":0},{"damage_healed":0,"gold_gain":333,"player_choice":"Gave Idol","damage_taken":0,"max_hp_gain":0,"max_hp_loss":0,"event_name":"The Moai Head","floor":37,"relics_lost":["Golden Idol"],"gold_loss":0},{"damage_healed":0,"gold_gain":0,"player_choice":"Ignored","damage_taken":0,"max_hp_gain":0,"max_hp_loss":0,"event_name":"Tomb of Lord Red Mask","floor":38,"gold_loss":0}],"is_beta":false,"boss_relics":[{"not_picked":["Calling Bell","White Beast Statue"],"picked":"Cursed Key"},{"not_picked":["Snecko Eye","Runic Dome"],"picked":"Lizard Tail"}],"items_purged_floors":[11],"is_endless":false,"potions_floor_spawned":[1,7,10,12,18,21,28,30,33],"killed_by":"Transient","ascension_level":15}