{"gold_per_floor":[118,118,73,90,110,110,127,147,147,147,72,72,22,35,35,134,134,148,159,20,32,32,57,57,57],"floor_reached":25,"playtime":1549,"items_purged":["Defend_G","Accuracy"],"score":213,"play_id":"f08dd183-f170-44ac-98fe-3cb05a4d0077","local_time":"20190117225811","is_ascension_mode":false,"campfire_choices":[{"data":"Noxious Fumes","floor":6,"key":"SMITH"},{"data":"Distraction","floor":10,"key":"SMITH"},{"data":"Bane","floor":12,"key":"SMITH"},{"floor":15,"key":"REST"},{"floor":24,"key":"REST"}],"neow_cost":"NONE","seed_source_timestamp":95181708382300,"circlet_count":0,"master_deck":["Survivor","Neutralize","Bane+1","Noxious Fumes+1","Dodge and Roll","Dagger Spray","Poisoned Stab","Leg Sweep","Distraction+1","Backflip","Flying Knee","Burst","Dagger Throw","Doppelganger","Concentrate","After Image","A Thousand Cuts","Choke","Sucker Punch","Poisoned Stab","Escape Plan","Catalyst","Leg Sweep+1","Bane+1"],"relics":["Ring of the Snake","Bottled Flame","Pandora\u0027s Box","Centennial Puzzle"],"potions_floor_usage":[16,25,25],"damage_taken":[{"damage":0,"enemies":"2 Louse","floor":1,"turns":3},{"damage":0,"enemies":"Cultist","floor":4,"turns":4},{"damage":0,"enemies":"Jaw Worm","floor":5,"turns":4},{"damage":14,"enemies":"Lots of Slimes","floor":7,"turns":4},{"damage":11,"enemies":"Large Slime","floor":8,"turns":6},{"damage":7,"enemies":"Blue Slaver","floor":14,"turns":4},{"damage":34,"enemies":"Slime Boss","floor":16,"turns":10},{"damage":15,"enemies":"Spheric Guardian","floor":18,"turns":6},{"damage":9,"enemies":"Shell Parasite","floor":19,"turns":6},{"damage":2,"enemies":"Centurion and Healer","floor":21,"turns":8},{"damage":37,"enemies":"Book of Stabbing","floor":23,"turns":7},{"damage":31,"enemies":"Gremlin Leader","floor":25,"turns":4}],"seed_played":"-530172672051879998","potions_obtained":[{"floor":1,"key":"Weak Potion"},{"floor":2,"key":"GamblersBrew"},{"floor":2,"key":"Dexterity Potion"},{"floor":19,"key":"Dexterity Potion"}],"is_trial":false,"path_per_floor":["M","?","$","M","M","R","M","M","T","R","$","R","$","M","R","B",null,"M","M","$","M","?","E","R","E"],"character_chosen":"THE_SILENT","items_purchased":["Dodge and Roll","Backflip","Catalyst"],"campfire_rested":2,"item_purchase_floors":[3,13,20],"current_hp_per_floor":[70,70,70,70,70,70,56,45,45,45,45,45,45,38,59,25,70,55,46,46,44,44,7,28,0],"gold":57,"neow_bonus":"TRANSFORM_CARD","is_prod":false,"is_daily":false,"chose_seed":false,"campfire_upgraded":3,"win_rate":0,"timestamp":1547762291,"path_taken":["M","?","$","M","M","R","?","M","T","R","$","R","$","M","R","BOSS","M","M","$","?","?","E","R","E"],"build_version":"2019-01-10","purchased_purges":2,"victory":false,"max_hp_per_floor":[70,70,70,70,70,70,70,70,70,70,70,70,70,70,70,70,70,70,70,70,70,70,70,70,70],"card_choices":[{"not_picked":["Deflect","Underhanded Strike"],"picked":"Noxious Fumes","floor":1},{"not_picked":["All Out Attack","Prepared"],"picked":"Dagger Spray","floor":4},{"not_picked":["Sucker Punch","Choke"],"picked":"Poisoned Stab","floor":5},{"not_picked":["Terror","Quick Slash"],"picked":"Leg Sweep","floor":7},{"not_picked":["Bane","Slice"],"picked":"Distraction","floor":8},{"not_picked":["Underhanded Strike","Dagger Spray"],"picked":"Flying Knee","floor":14},{"not_picked":["Malaise","Bullet Time"],"picked":"Burst","floor":16},{"not_picked":["Endless Agony+1","Quick Slash+1"],"picked":"Poisoned Stab","floor":18},{"not_picked":["Quick Slash","PiercingWail"],"picked":"Escape Plan","floor":19},{"not_picked":["Cloak And Dagger","Acrobatics"],"picked":"Leg Sweep+1","floor":21},{"not_picked":["Riddle With Holes","Backflip+1"],"picked":"Bane+1","floor":23}],"player_experience":190954,"relics_obtained":[{"floor":9,"key":"Bottled Flame"},{"floor":23,"key":"Centennial Puzzle"}],"event_choices":[{"damage_healed":0,"gold_gain":0,"player_choice":"Got Potions","damage_taken":0,"max_hp_gain":0,"max_hp_loss":0,"event_name":"Lab","floor":2,"gold_loss":0},{"damage_healed":0,"gold_gain":0,"player_choice":"Ignored","damage_taken":0,"max_hp_gain":0,"max_hp_loss":0,"event_name":"NoteForYourself","floor":22,"gold_loss":0}],"is_beta":false,"boss_relics":[{"not_picked":["Orrery","Snecko Eye"],"picked":"Pandora\u0027s Box"}],"items_purged_floors":[11,20],"is_endless":false,"potions_floor_spawned":[1,8,14,19],"killed_by":"Gremlin Leader","ascension_level":0}