{"gold_per_floor":[112,0,0,0,19,19,19,39,64,81,95,113,113,127,127,224,224,240,240,257,268,193,193,206,52,52,64,75,89,89,106,106,106],"floor_reached":33,"playtime":2014,"items_purged":[],"score":245,"play_id":"52220280-8db3-4dd2-9c67-a4e1f16c4452","local_time":"20190225222801","is_ascension_mode":false,"campfire_choices":[{"data":"Flame Barrier","floor":6,"key":"SMITH"},{"data":"Body Slam","floor":13,"key":"SMITH"},{"data":"True Grit","floor":15,"key":"SMITH"},{"data":"Entrench","floor":23,"key":"SMITH"},{"floor":32,"key":"REST"}],"neow_cost":"NONE","seed_source_timestamp":629606869649400,"circlet_count":0,"master_deck":["Strike_R","Defend_R","Defend_R","Defend_R","Bash","Offering","Flame Barrier+1","Metallicize","Carnage","Offering","Second Wind","Body Slam+1","Headbutt","True Grit+1","Headbutt","Double Tap","Whirlwind","Metallicize","Entrench+1","Intimidate+1","Iron Wave","Flex","Body Slam","Clothesline","Metallicize","Body Slam","Headbutt"],"relics":["Burning Blood","Art of War","Dream Catcher","Runic Pyramid","Bronze Scales","Bottled Lightning"],"potions_floor_usage":[21],"damage_taken":[{"damage":5,"enemies":"Cultist","floor":1,"turns":4},{"damage":5,"enemies":"2 Louse","floor":5,"turns":3},{"damage":6,"enemies":"Small Slimes","floor":8,"turns":2},{"damage":15,"enemies":"Blue Slaver","floor":10,"turns":3},{"damage":19,"enemies":"Large Slime","floor":11,"turns":5},{"damage":0,"enemies":"Looter","floor":12,"turns":4},{"damage":0,"enemies":"3 Louse","floor":14,"turns":4},{"damage":47,"enemies":"The Guardian","floor":16,"turns":16},{"damage":8,"enemies":"Spheric Guardian","floor":18,"turns":4},{"damage":11,"enemies":"Shell Parasite","floor":20,"turns":7},{"damage":23,"enemies":"Snake Plant","floor":21,"turns":5},{"damage":36,"enemies":"Shelled Parasite and Fungi","floor":24,"turns":5},{"damage":18,"enemies":"3 Cultists","floor":27,"turns":7},{"damage":6,"enemies":"Centurion and Healer","floor":28,"turns":8},{"damage":6,"enemies":"Cultist and Chosen","floor":29,"turns":7},{"damage":6,"enemies":"Chosen and Byrds","floor":31,"turns":3},{"damage":60,"enemies":"Champ","floor":33,"turns":17}],"seed_played":"-5930580131858601120","potions_obtained":[{"floor":5,"key":"Strength Potion"},{"floor":8,"key":"Swift Potion"},{"floor":12,"key":"Regen Potion"},{"floor":16,"key":"EntropicBrew"},{"floor":20,"key":"Block Potion"},{"floor":24,"key":"SpeedPotion"}],"is_trial":false,"path_per_floor":["M","$","?","?","M","R","?","M","T","M","M","M","R","M","R","B",null,"M","?","M","M","?","R","M","$","T","M","M","M","?","M","R","B"],"character_chosen":"IRONCLAD","items_purchased":["Metallicize","Carnage","Bronze Scales"],"campfire_rested":1,"item_purchase_floors":[2,2,25],"current_hp_per_floor":[80,80,85,85,85,85,82,82,82,73,60,66,66,72,72,31,85,83,83,78,73,73,73,43,43,43,31,31,31,31,31,56,0],"gold":106,"neow_bonus":"TRANSFORM_CARD","is_prod":false,"is_daily":false,"chose_seed":false,"campfire_upgraded":4,"win_rate":0,"timestamp":1551130081,"path_taken":["M","?","?","?","M","R","?","M","T","M","M","?","R","M","R","BOSS","M","?","M","M","?","R","M","$","T","M","M","M","?","M","R","BOSS"],"build_version":"2019-01-23","purchased_purges":0,"victory":false,"max_hp_per_floor":[80,80,85,85,85,85,85,85,85,85,85,85,85,85,85,85,85,85,85,85,85,85,85,85,85,85,85,85,85,85,85,85,85],"card_choices":[{"not_picked":["Shrug It Off","Uppercut"],"picked":"Flame Barrier","floor":1},{"not_picked":["Flex","Heavy Blade"],"picked":"Second Wind","floor":5},{"not_picked":["Thunderclap","Whirlwind","Wild Strike"],"picked":"SKIP","floor":8},{"not_picked":["Reckless Charge","Hemokinesis"],"picked":"Body Slam","floor":10},{"not_picked":["Uppercut","Brutality"],"picked":"Headbutt","floor":11},{"not_picked":["Sword Boomerang","Havoc"],"picked":"True Grit","floor":12},{"not_picked":["Flex","Warcry"],"picked":"Headbutt","floor":14},{"not_picked":["Immolate","Reaper"],"picked":"Double Tap","floor":16},{"not_picked":["Sword Boomerang","Cleave"],"picked":"Whirlwind","floor":18},{"not_picked":["Power Through+1","Warcry"],"picked":"Entrench","floor":20},{"not_picked":["Anger+1","Rampage"],"picked":"Intimidate+1","floor":21},{"not_picked":["Anger","Sword Boomerang+1"],"picked":"Iron Wave","floor":24},{"not_picked":["Sever Soul","Wild Strike","Pommel Strike"],"picked":"SKIP","floor":27},{"not_picked":["Cleave+1","Headbutt+1"],"picked":"Flex","floor":28},{"not_picked":["Cleave","Clash+1"],"picked":"Body Slam","floor":29},{"not_picked":["Intimidate","Warcry+1"],"picked":"Body Slam","floor":31},{"not_picked":["Feed","Flex"],"picked":"Headbutt","floor":32}],"player_experience":249858,"relics_obtained":[{"floor":9,"key":"Dream Catcher"},{"floor":26,"key":"Bottled Lightning"}],"event_choices":[{"damage_healed":0,"gold_gain":0,"player_choice":"Donut","damage_taken":0,"max_hp_gain":5,"max_hp_loss":0,"event_name":"Big Fish","floor":3,"gold_loss":0},{"damage_healed":0,"gold_gain":0,"cards_transformed":["Defend_R"],"player_choice":"Change","damage_taken":0,"max_hp_gain":0,"max_hp_loss":0,"event_name":"Living Wall","floor":4,"gold_loss":0,"cards_obtained":["Offering"]},{"damage_healed":0,"gold_gain":0,"player_choice":"Success","damage_taken":3,"relics_obtained":["Art of War"],"max_hp_gain":0,"max_hp_loss":0,"event_name":"Scrap Ooze","floor":7,"gold_loss":0},{"damage_healed":0,"gold_gain":0,"player_choice":"Read","damage_taken":0,"max_hp_gain":0,"max_hp_loss":0,"event_name":"The Library","floor":19,"gold_loss":0,"cards_obtained":["Metallicize"]},{"cards_removed":["Strike_R"],"damage_healed":0,"gold_gain":0,"player_choice":"Gave Gold","damage_taken":0,"max_hp_gain":0,"max_hp_loss":0,"event_name":"Beggar","floor":22,"gold_loss":75},{"damage_healed":0,"gold_gain":0,"cards_transformed":["Strike_R","Strike_R"],"player_choice":"Became Test Subject","damage_taken":0,"max_hp_gain":0,"max_hp_loss":0,"event_name":"Drug Dealer","floor":30,"gold_loss":0,"cards_obtained":["Clothesline","Metallicize"]}],"is_beta":false,"boss_relics":[{"not_picked":["Empty Cage","Lizard Tail"],"picked":"Runic Pyramid"}],"items_purged_floors":[],"is_endless":false,"potions_floor_spawned":[5,8,12,16,20,24,29],"killed_by":"Champ","ascension_level":0}