{"gold_per_floor":[119,131,131,131,42,42,61,61,86,6,6,27,63,76,76,202,202,227,39,39,39,39,112,137,137,189,189,213,213,231,247,247,247],"floor_reached":33,"playtime":1723,"items_purged":[],"score":265,"play_id":"5694290f-b156-431a-9eb5-ae123bd19424","local_time":"20190117214931","is_ascension_mode":false,"campfire_choices":[{"data":"Discovery","floor":6,"key":"SMITH"},{"data":"Armaments","floor":8,"key":"SMITH"},{"data":"Whirlwind","floor":11,"key":"SMITH"},{"data":"Shockwave","floor":15,"key":"SMITH"},{"floor":25,"key":"REST"},{"data":"Apotheosis","floor":27,"key":"SMITH"},{"data":"Iron Wave","floor":29,"key":"SMITH"},{"floor":32,"key":"REST"}],"neow_cost":"CURSE","seed_source_timestamp":90887957999400,"circlet_count":0,"master_deck":["Strike_R+1","Strike_R+1","Strike_R+1","Strike_R+1","Strike_R+1","Defend_R+1","Defend_R+1","Defend_R+1","Defend_R+1","Bash","Decay","Battle Trance","Armaments+1","Discovery+1","Thunderclap","Whirlwind+1","Headbutt","Pommel Strike","Shockwave+1","Immolate","Iron Wave+1","Apotheosis+1","Evolve","Armaments","Heavy Blade+1"],"relics":["Burning Blood","Peace Pipe","Golden Idol","Centennial Puzzle","Ancient Tea Set","Blood Vial","Black Star","Vajra","Tiny Chest","Omamori"],"potions_floor_usage":[16,23,23],"damage_taken":[{"damage":0,"enemies":"Small Slimes","floor":1,"turns":4},{"damage":18,"enemies":"Jaw Worm","floor":2,"turns":6},{"damage":0,"enemies":"Cultist","floor":7,"turns":4},{"damage":0,"enemies":"3 Louse","floor":12,"turns":2},{"damage":13,"enemies":"3 Sentries","floor":13,"turns":4},{"damage":11,"enemies":"Blue Slaver","floor":14,"turns":3},{"damage":36,"enemies":"Slime Boss","floor":16,"turns":10},{"damage":39,"enemies":"Spheric Guardian","floor":18,"turns":7},{"damage":61,"enemies":"Slavers","floor":23,"turns":7},{"damage":16,"enemies":"Shell Parasite","floor":24,"turns":8},{"damage":3,"enemies":"Snecko","floor":28,"turns":5},{"damage":13,"enemies":"Centurion and Healer","floor":30,"turns":7},{"damage":17,"enemies":"Snake Plant","floor":31,"turns":5},{"damage":68,"enemies":"Automaton","floor":33,"turns":6}],"seed_played":"1023655958233492049","potions_obtained":[{"floor":1,"key":"SkillPotion"},{"floor":2,"key":"Swift Potion"},{"floor":16,"key":"Dexterity Potion"},{"floor":18,"key":"LiquidBronze"},{"floor":24,"key":"SteroidPotion"}],"is_trial":false,"path_per_floor":["M","M","?","?","$","R","M","R","T","$","R","M","E","M","R","B",null,"M","$","?","?","?","E","M","R","T","R","M","R","M","M","R","B"],"character_chosen":"IRONCLAD","items_purchased":["Discovery","Whirlwind","Apotheosis"],"campfire_rested":2,"item_purchase_floors":[5,10,19],"current_hp_per_floor":[80,68,48,45,45,45,51,51,51,51,51,57,50,47,47,19,80,47,47,73,73,73,20,12,36,36,36,41,41,36,27,51,0],"gold":247,"neow_bonus":"ONE_RARE_RELIC","is_prod":false,"is_daily":false,"chose_seed":false,"campfire_upgraded":6,"win_rate":0,"timestamp":1547758171,"path_taken":["M","M","?","?","$","R","?","R","T","?","R","M","E","M","R","BOSS","M","$","?","?","?","E","M","R","T","R","M","R","M","M","R","BOSS"],"build_version":"2019-01-10","purchased_purges":0,"victory":false,"max_hp_per_floor":[80,80,80,80,80,80,80,80,80,80,80,80,80,80,80,80,80,80,80,80,80,80,80,80,80,80,80,80,80,80,80,80,80],"card_choices":[{"not_picked":["Havoc","Dropkick"],"picked":"Battle Trance","floor":1},{"not_picked":["Twin Strike","Hemokinesis"],"picked":"Armaments","floor":2},{"not_picked":["Heavy Blade","Seeing Red"],"picked":"Thunderclap","floor":7},{"not_picked":["Iron Wave","Rupture"],"picked":"Headbutt","floor":12},{"not_picked":["Flex","Sword Boomerang"],"picked":"Pommel Strike","floor":13},{"not_picked":["Clash","Hemokinesis"],"picked":"Shockwave","floor":14},{"not_picked":["Offering","Demon Form"],"picked":"Immolate","floor":16},{"not_picked":["Warcry","Anger"],"picked":"Iron Wave","floor":18},{"not_picked":["Blood for Blood+1","Wild Strike"],"picked":"Evolve","floor":23},{"not_picked":["Anger","Havoc","Pommel Strike"],"picked":"SKIP","floor":24},{"not_picked":["Perfected Strike","Heavy Blade"],"picked":"Armaments","floor":28},{"not_picked":["Sword Boomerang","Battle Trance+1"],"picked":"Heavy Blade+1","floor":30},{"not_picked":["Pommel Strike","Cleave","Thunderclap"],"picked":"SKIP","floor":31}],"player_experience":186731,"relics_obtained":[{"floor":9,"key":"Ancient Tea Set"},{"floor":13,"key":"Blood Vial"},{"floor":23,"key":"Vajra"},{"floor":23,"key":"Tiny Chest"},{"floor":26,"key":"Omamori"}],"event_choices":[{"damage_healed":0,"gold_gain":0,"player_choice":"Take Damage","damage_taken":20,"relics_obtained":["Golden Idol"],"max_hp_gain":0,"max_hp_loss":0,"event_name":"Golden Idol","floor":3,"gold_loss":0},{"damage_healed":0,"gold_gain":0,"player_choice":"Success","damage_taken":3,"relics_obtained":["Centennial Puzzle"],"max_hp_gain":0,"max_hp_loss":0,"event_name":"Scrap Ooze","floor":4,"gold_loss":0},{"damage_healed":26,"gold_gain":0,"player_choice":"Heal","damage_taken":0,"max_hp_gain":0,"max_hp_loss":0,"event_name":"The Library","floor":20,"gold_loss":0},{"damage_healed":0,"gold_gain":0,"player_choice":"Simplicity","damage_taken":0,"max_hp_gain":0,"max_hp_loss":0,"event_name":"Back to Basics","floor":21,"gold_loss":0,"cards_upgraded":["Strike_R","Strike_R","Strike_R","Strike_R","Strike_R","Defend_R","Defend_R","Defend_R","Defend_R"]}],"is_beta":false,"boss_relics":[{"not_picked":["Philosopher\u0027s Stone","Runic Dome"],"picked":"Black Star"}],"items_purged_floors":[],"is_endless":false,"potions_floor_spawned":[1,2,16,18,24],"killed_by":"Automaton","ascension_level":0}