{"gold_per_floor":[367,367,379,164,183,214,225,225,249,249,281,281,308,325,325,402,402,421,281,54,74,87,117,117,148,148,183,183,183,194,209,209,286,286,305,305,378,389,403,436,436,466,491,525,543,571,583,603,603,603,603,603,50,76,76],"floor_reached":56,"playtime":2380,"items_purged":["Strike_R","Strike_R","Strike_R","Combust+1"],"score":2532,"play_id":"4fa092d8-6649-41a5-b9aa-cd78e80b5010","local_time":"20190811174441","is_ascension_mode":true,"campfire_choices":[{"data":"Combust","floor":8,"key":"SMITH"},{"floor":10,"key":"REST"},{"floor":15,"key":"REST"},{"data":"Juggernaut","floor":24,"key":"SMITH"},{"data":"Whirlwind","floor":29,"key":"SMITH"},{"data":"Impervious","floor":32,"key":"SMITH"},{"floor":41,"key":"RECALL"},{"data":"Demon Form","floor":49,"key":"SMITH"},{"data":"Flame Barrier","floor":52,"key":"SMITH"}],"neow_cost":"CURSE","seed_source_timestamp":2762089016319690,"circlet_count":0,"master_deck":["AscendersBane","Defend_R","Defend_R","Defend_R","Defend_R","Bash","Flame Barrier+1","Cleave","Impervious+1","Impervious","Spot Weakness","Disarm","Juggernaut+1","Disarm","Metallicize","Uppercut","Shrug It Off","Whirlwind+1","Corruption","Burning Pact","Disarm+1","Shockwave","Impervious","Sword Boomerang","Shrug It Off","Spot Weakness","Flex+1","Shrug It Off+1","Dark Embrace","Demon Form+1","Feel No Pain","Impervious"],"relics":["Burning Blood","Happy Flower","Vajra","Boot","Matryoshka","Snecko Eye","Sundial","PreservedInsect","Centennial Puzzle","Ornamental Fan","Red Skull","Empty Cage","Bag of Marbles","Meat on the Bone","Ice Cream","Self Forming Clay","Bag of Preparation","Regal Pillow","ClockworkSouvenir","Bottled Tornado"],"potions_floor_usage":[6,13,13,13,13,16,23,50,55,55],"damage_taken":[{"damage":0,"enemies":"2 Louse","floor":1,"turns":3},{"damage":6,"enemies":"Cultist","floor":3,"turns":4},{"damage":2,"enemies":"Jaw Worm","floor":5,"turns":5},{"damage":53,"enemies":"Lagavulin","floor":6,"turns":8},{"damage":11,"enemies":"Exordium Thugs","floor":7,"turns":5},{"damage":35,"enemies":"Gremlin Nob","floor":11,"turns":4},{"damage":3,"enemies":"3 Sentries","floor":13,"turns":4},{"damage":8,"enemies":"Exordium Wildlife","floor":14,"turns":3},{"damage":14,"enemies":"The Guardian","floor":16,"turns":12},{"damage":0,"enemies":"Chosen","floor":18,"turns":4},{"damage":11,"enemies":"2 Thieves","floor":21,"turns":4},{"damage":8,"enemies":"Centurion and Healer","floor":22,"turns":8},{"damage":13,"enemies":"Book of Stabbing","floor":23,"turns":5},{"damage":3,"enemies":"Slavers","floor":25,"turns":5},{"damage":3,"enemies":"Gremlin Leader","floor":27,"turns":5},{"damage":0,"enemies":"3 Cultists","floor":30,"turns":3},{"damage":3,"enemies":"Shelled Parasite and Fungi","floor":31,"turns":4},{"damage":5,"enemies":"Automaton","floor":33,"turns":7},{"damage":3,"enemies":"3 Shapes","floor":35,"turns":2},{"damage":1,"enemies":"Orb Walker","floor":38,"turns":3},{"damage":10,"enemies":"Transient","floor":39,"turns":5},{"damage":2,"enemies":"Reptomancer","floor":40,"turns":4},{"damage":0,"enemies":"Nemesis","floor":42,"turns":5},{"damage":1,"enemies":"Reptomancer","floor":44,"turns":5},{"damage":0,"enemies":"3 Darklings","floor":45,"turns":3},{"damage":0,"enemies":"Nemesis","floor":46,"turns":5},{"damage":1,"enemies":"Spire Growth","floor":47,"turns":4},{"damage":0,"enemies":"Jaw Worm Horde","floor":48,"turns":4},{"damage":34,"enemies":"Awakened One","floor":50,"turns":14},{"damage":0,"enemies":"Shield and Spear","floor":54,"turns":4},{"damage":1,"enemies":"The Heart","floor":55,"turns":6}],"seed_played":"-5252381399880269175","potions_obtained":[{"floor":5,"key":"LiquidBronze"},{"floor":11,"key":"Weak Potion"},{"floor":12,"key":"EntropicBrew"},{"floor":13,"key":"Strength Potion"},{"floor":14,"key":"Weak Potion"},{"floor":21,"key":"Block Potion"},{"floor":25,"key":"BloodPotion"},{"floor":54,"key":"Fire Potion"}],"is_trial":false,"path_per_floor":["M","?","M","$","M","E","M","R","T","R","E","?","E","M","R","B",null,"M","$","$","M","M","E","R","E","T","E","?","R","M","M","R","B",null,"M","?","T","M","M","E","R","E","T","E","M","E","M","M","R","B",null,"R","$","E","B",null],"character_chosen":"IRONCLAD","items_purchased":["Impervious","Combust","Metallicize","Uppercut","Shrug It Off","Feel No Pain","ClockworkSouvenir","Impervious"],"campfire_rested":2,"item_purchase_floors":[4,4,19,20,20,53,53,53],"current_hp_per_floor":[74,67,67,67,71,24,19,19,19,40,11,11,14,12,33,25,60,66,66,66,61,59,52,52,55,55,58,58,58,64,67,67,68,71,72,72,72,72,68,72,72,72,72,72,72,72,72,72,72,44,65,65,65,71,72],"gold":76,"neow_bonus":"TWO_FIFTY_GOLD","is_prod":false,"is_daily":false,"chose_seed":false,"campfire_upgraded":6,"win_rate":0,"timestamp":1565559881,"path_taken":["M","?","M","$","M","E","M","R","T","R","E","?","E","?","R","BOSS","M","?","$","?","M","E","R","E","T","E","?","R","M","M","R","BOSS","M","?","?","M","M","E","R","E","T","E","M","E","?","M","R","BOSS","R","$","E","BOSS"],"build_version":"2019-07-17","purchased_purges":4,"victory":true,"max_hp_per_floor":[75,72,72,72,72,72,72,72,72,72,72,72,72,72,72,72,72,72,72,72,72,72,72,72,72,72,72,72,72,72,72,72,72,72,72,72,72,72,72,72,72,72,72,72,72,72,72,72,72,72,72,72,72,72,72],"card_choices":[{"not_picked":["True Grit","Burning Pact"],"picked":"Flame Barrier","floor":1},{"not_picked":["Flex","Sever Soul"],"picked":"Cleave","floor":3},{"not_picked":["Iron Wave","Heavy Blade","Flex"],"picked":"SKIP","floor":5},{"not_picked":["Feel No Pain","Flame Barrier"],"picked":"Impervious","floor":6},{"not_picked":["Warcry","Iron Wave","Metallicize"],"picked":"SKIP","floor":7},{"not_picked":["Pommel Strike","Infernal Blade"],"picked":"Spot Weakness","floor":11},{"not_picked":["Wild Strike","Perfected Strike"],"picked":"Rupture","floor":13},{"not_picked":["Body Slam","Metallicize"],"picked":"Disarm","floor":14},{"not_picked":["Demon Form","Bludgeon"],"picked":"Juggernaut","floor":16},{"not_picked":["Burning Pact","Flex"],"picked":"Disarm","floor":18},{"not_picked":["Havoc","Cleave","Twin Strike"],"picked":"SKIP","floor":21},{"not_picked":["Body Slam","Ghostly Armor"],"picked":"Whirlwind","floor":22},{"not_picked":["Warcry","Body Slam"],"picked":"Corruption","floor":23},{"not_picked":["Warcry","Thunderclap","Uppercut"],"picked":"SKIP","floor":25},{"not_picked":["Wild Strike","Flex"],"picked":"Burning Pact","floor":27},{"not_picked":["Inflame","Thunderclap"],"picked":"Disarm+1","floor":30},{"not_picked":["Wild Strike","Sword Boomerang"],"picked":"Shockwave","floor":31},{"not_picked":["Double Tap","Offering"],"picked":"Impervious","floor":33},{"not_picked":["Carnage","Inflame"],"picked":"Sword Boomerang","floor":35},{"not_picked":["Armaments","Carnage"],"picked":"Shrug It Off","floor":38},{"not_picked":["Iron Wave","Headbutt"],"picked":"Spot Weakness","floor":39},{"not_picked":["Sever Soul+1","Sword Boomerang"],"picked":"Flex+1","floor":40},{"not_picked":["Pommel Strike","Clothesline"],"picked":"Shrug It Off+1","floor":42},{"not_picked":["Sword Boomerang","Cleave"],"picked":"Dark Embrace","floor":44},{"not_picked":["Battle Trance","Sever Soul","Flex"],"picked":"SKIP","floor":45},{"not_picked":["Cleave","Headbutt"],"picked":"Demon Form","floor":46},{"not_picked":["Whirlwind","Cleave+1","Pommel Strike"],"picked":"SKIP","floor":47},{"not_picked":["Headbutt","Juggernaut","Power Through"],"picked":"SKIP","floor":48},{"not_picked":["Clothesline","Headbutt","Havoc+1"],"picked":"SKIP","floor":54}],"player_experience":2669596,"relics_obtained":[{"floor":6,"key":"Happy Flower"},{"floor":9,"key":"Vajra"},{"floor":11,"key":"Boot"},{"floor":13,"key":"Matryoshka"},{"floor":23,"key":"Sundial"},{"floor":25,"key":"PreservedInsect"},{"floor":26,"key":"Centennial Puzzle"},{"floor":26,"key":"Ornamental Fan"},{"floor":27,"key":"Red Skull"},{"floor":37,"key":"Bag of Marbles"},{"floor":37,"key":"Meat on the Bone"},{"floor":40,"key":"Ice Cream"},{"floor":42,"key":"Self Forming Clay"},{"floor":44,"key":"Bag of Preparation"},{"floor":46,"key":"Regal Pillow"},{"floor":54,"key":"Bottled Tornado"}],"event_choices":[{"cards_removed":["Parasite"],"damage_healed":0,"gold_gain":0,"player_choice":"Card Removal","damage_taken":7,"max_hp_gain":0,"max_hp_loss":0,"event_name":"Golden Wing","floor":2,"gold_loss":0},{"damage_healed":0,"gold_gain":0,"player_choice":"Got Potions","damage_taken":0,"max_hp_gain":0,"max_hp_loss":0,"event_name":"Lab","floor":12,"gold_loss":0},{"cards_removed":["Strike_R"],"damage_healed":0,"gold_gain":0,"player_choice":"Purged","damage_taken":0,"max_hp_gain":0,"max_hp_loss":0,"event_name":"Purifier","floor":28,"gold_loss":0},{"damage_healed":0,"gold_gain":0,"player_choice":"Ignored","damage_taken":0,"max_hp_gain":0,"max_hp_loss":0,"event_name":"Tomb of Lord Red Mask","floor":36,"gold_loss":0}],"is_beta":false,"boss_relics":[{"not_picked":["Cursed Key","Runic Cube"],"picked":"Snecko Eye"},{"not_picked":["Eternal Feather","Runic Pyramid"],"picked":"Empty Cage"}],"items_purged_floors":[4,19,20,53],"is_endless":false,"potions_floor_spawned":[5,11,13,14,21,25,30,31,38,39,42,44,47,54],"ascension_level":15}