{"gold_per_floor":[113,128,128,144,156,185,185,185,240,272,287,287,301,318,318,417,417,427,447,466,466],"floor_reached":21,"playtime":3340,"items_purged":[],"score":195,"play_id":"8f4edb12-14b2-4787-9991-3951b94dc82a","local_time":"20190824212514","is_ascension_mode":false,"campfire_choices":[{"data":"Sucker Punch","floor":7.0,"key":"SMITH"},{"data":"All Out Attack","floor":12.0,"key":"SMITH"},{"data":"Noxious Fumes","floor":15.0,"key":"SMITH"}],"neow_cost":"TEN_PERCENT_HP_LOSS","seed_source_timestamp":78770188402600,"circlet_count":0,"master_deck":["Strike_G","Strike_G","Strike_G","Strike_G","Defend_G","Defend_G","Defend_G","Defend_G","Survivor","Neutralize+1","Backflip","Outmaneuver","Acrobatics","Sucker Punch+1","Dash","All Out Attack+1","Heel Hook","Well Laid Plans","Dagger Throw","Noxious Fumes+1","Malaise","All Out Attack","Leg Sweep","Footwork","Caltrops+1","Dagger Spray+1"],"special_seed":0,"relics":["Ring of the Snake","Question Card","Ancient Tea Set","Potion Belt","Orrery"],"potions_floor_usage":[],"damage_taken":[{"damage":0.0,"enemies":"Jaw Worm","floor":1.0,"turns":7.0},{"damage":0.0,"enemies":"Small Slimes","floor":2.0,"turns":4.0},{"damage":0.0,"enemies":"Cultist","floor":4.0,"turns":7.0},{"damage":0.0,"enemies":"Large Slime","floor":5.0,"turns":8.0},{"damage":1.0,"enemies":"3 Sentries","floor":6.0,"turns":6.0},{"damage":16.0,"enemies":"Gremlin Nob","floor":10.0,"turns":5.0},{"damage":1.0,"enemies":"Gremlin Gang","floor":11.0,"turns":5.0},{"damage":1.0,"enemies":"Blue Slaver","floor":13.0,"turns":4.0},{"damage":1.0,"enemies":"2 Fungi Beasts","floor":14.0,"turns":2.0},{"damage":31.0,"enemies":"Slime Boss","floor":16.0,"turns":8.0},{"damage":4,"enemies":"3 Byrds","floor":18,"turns":5},{"damage":24,"enemies":"Spheric Guardian","floor":19,"turns":6},{"damage":0,"enemies":"Snake Plant","floor":20,"turns":5},{"damage":35,"enemies":"Sentry and Sphere","floor":21,"turns":5}],"seed_played":"-4079248415107290368","potions_obtained":[{"floor":1.0,"key":"Strength Potion"},{"floor":2.0,"key":"Explosive Potion"},{"floor":4.0,"key":"Regen Potion"},{"floor":14.0,"key":"SneckoOil"},{"floor":18,"key":"Ancient Potion"},{"floor":20,"key":"AttackPotion"}],"is_trial":false,"path_per_floor":["M","M","?","M","M","E","R","?","T","E","M","R","M","M","R","B",null,"M","M","M","M"],"character_chosen":"THE_SILENT","items_purchased":[],"campfire_rested":0,"item_purchase_floors":[],"current_hp_per_floor":[63,63,63,63,63,62,62,62,62,46,45,45,44,43,43,24,63,59,35,35,0],"gold":466,"neow_bonus":"TRANSFORM_TWO_CARDS","is_prod":false,"is_daily":false,"chose_seed":false,"campfire_upgraded":3,"win_rate":0.0,"timestamp":1566696314,"path_taken":["M","M","?","M","M","E","R","?","T","E","M","R","?","M","R","BOSS","M","M","M","M"],"build_version":"2019-07-17","purchased_purges":0,"victory":false,"max_hp_per_floor":[63,63,63,63,63,63,63,63,63,63,63,63,63,63,63,63,63,63,63,63,63],"card_choices":[{"not_picked":["Expertise","Tactician"],"picked":"Acrobatics","floor":1.0},{"not_picked":["Dagger Throw","Underhanded Strike"],"picked":"Sucker Punch","floor":2.0},{"not_picked":["Deadly Poison","Accuracy"],"picked":"Dash","floor":4.0},{"not_picked":["Poisoned Stab","Expertise"],"picked":"All Out Attack","floor":5.0},{"not_picked":["Choke","Crippling Poison"],"picked":"Heel Hook","floor":6.0},{"not_picked":["Finisher","Outmaneuver","Choke"],"picked":"Well Laid Plans","floor":10.0},{"not_picked":["Calculated Gamble","Slice","Flechettes"],"picked":"Dagger Throw","floor":11.0},{"not_picked":["Adrenaline","Escape Plan","Outmaneuver"],"picked":"Noxious Fumes","floor":13.0},{"not_picked":["Acrobatics","Blur","PiercingWail","Escape Plan"],"picked":"SKIP","floor":14.0},{"not_picked":["Night Terror","Storm of Steel","Venomology"],"picked":"Malaise","floor":16.0},{"not_picked":["Prepared","Cloak And Dagger","Caltrops"],"picked":"All Out Attack","floor":17.0},{"not_picked":["Terror","Underhanded Strike","Backflip"],"picked":"Leg Sweep","floor":17.0},{"not_picked":["Acrobatics","Underhanded Strike","Slice"],"picked":"Footwork","floor":17.0},{"not_picked":["Slice","Bouncing Flask","Calculated Gamble","All Out Attack"],"picked":"SKIP","floor":18},{"not_picked":["Underhanded Strike","Deadly Poison","Poisoned Stab"],"picked":"Caltrops+1","floor":19},{"not_picked":["PiercingWail","Quick Slash","Terror"],"picked":"Dagger Spray+1","floor":20}],"player_experience":51085,"relics_obtained":[{"floor":6.0,"key":"Question Card"},{"floor":9.0,"key":"Ancient Tea Set"},{"floor":10.0,"key":"Potion Belt"}],"event_choices":[{"damage_healed":0.0,"max_hp_gain":0.0,"max_hp_loss":0.0,"gold_gain":0.0,"event_name":"Golden Idol","player_choice":"Ignored","floor":3.0,"gold_loss":0.0,"damage_taken":0.0},{"damage_healed":0.0,"max_hp_gain":0.0,"max_hp_loss":0.0,"gold_gain":0.0,"event_name":"Accursed Blacksmith","player_choice":"Forge","floor":8.0,"gold_loss":0.0,"damage_taken":0.0,"cards_upgraded":["Neutralize"]}],"is_beta":false,"boss_relics":[{"not_picked":["Ectoplasm","Snecko Eye"],"picked":"Orrery"}],"items_purged_floors":[],"is_endless":false,"potions_floor_spawned":[1,2,4,14,18,20],"killed_by":"Sentry and Sphere","ascension_level":0}