{"gold_per_floor":[367,379,67,87,87,119,137,168,193,193],"floor_reached":10,"playtime":304,"items_purged":[],"score":137,"play_id":"c530bd5f-98a1-4b0c-b3ea-39c1f15c9abc","local_time":"20190711193505","is_ascension_mode":true,"campfire_choices":[],"neow_cost":"CURSE","seed_source_timestamp":92125940330702,"circlet_count":0,"master_deck":["AscendersBane","Strike_R","Strike_R","Strike_R","Strike_R","Defend_R","Defend_R","Defend_R","Defend_R","Bash","Clumsy","Anger","Sword Boomerang","Disarm","Disarm","Whirlwind","Pummel"],"special_seed":0,"relics":["Burning Blood","ClockworkSouvenir","Smiling Mask","Boot","Oddly Smooth Stone"],"potions_floor_usage":[6,8,8,10],"damage_taken":[{"damage":14.0,"enemies":"2 Louse","floor":1.0,"turns":3.0},{"damage":0.0,"enemies":"Cultist","floor":2.0,"turns":4.0},{"damage":0.0,"enemies":"Small Slimes","floor":4.0,"turns":3.0},{"damage":49,"enemies":"3 Sentries","floor":6,"turns":7},{"damage":1,"enemies":"Exordium Wildlife","floor":7,"turns":3},{"damage":27,"enemies":"Lagavulin","floor":8,"turns":7},{"damage":30,"enemies":"Gremlin Nob","floor":10,"turns":3}],"seed_played":"-110136914301919223","potions_obtained":[{"floor":1.0,"key":"Dexterity Potion"},{"floor":7,"key":"PowerPotion"},{"floor":8,"key":"Swift Potion"}],"is_trial":false,"path_per_floor":["M","M","$","M","?","E","M","E","T","E"],"character_chosen":"IRONCLAD","items_purchased":["ClockworkSouvenir","Disarm","SteroidPotion"],"campfire_rested":0,"item_purchase_floors":[3,3,3],"current_hp_per_floor":[60,66,66,72,72,29,34,13,13,0],"gold":193,"neow_bonus":"TWO_FIFTY_GOLD","is_prod":false,"is_daily":false,"chose_seed":false,"campfire_upgraded":0,"win_rate":0,"timestamp":1562888105,"path_taken":["M","M","$","M","?","E","?","E","T","E"],"build_version":"2019-07-10","purchased_purges":0,"victory":false,"max_hp_per_floor":[75,75,75,75,75,75,75,75,75,75],"card_choices":[{"not_picked":["Searing Blow","Second Wind"],"picked":"Anger","floor":1.0},{"not_picked":["Perfected Strike","Heavy Blade"],"picked":"Sword Boomerang","floor":2.0},{"not_picked":["Metallicize","Anger"],"picked":"Disarm","floor":4.0},{"not_picked":["Dual Wield","Havoc"],"picked":"Pummel","floor":6},{"not_picked":["Clothesline","Iron Wave","Anger"],"picked":"SKIP","floor":7},{"not_picked":["Intimidate","Reckless Charge","Combust"],"picked":"SKIP","floor":8}],"player_experience":2629881,"relics_obtained":[{"floor":6,"key":"Smiling Mask"},{"floor":8,"key":"Boot"},{"floor":9,"key":"Oddly Smooth Stone"}],"event_choices":[{"damage_healed":0.0,"max_hp_gain":0.0,"max_hp_loss":0.0,"gold_gain":0.0,"cards_transformed":["Strike_R"],"event_name":"Transmorgrifier","player_choice":"Transformed","floor":5.0,"gold_loss":0.0,"damage_taken":0.0,"cards_obtained":["Whirlwind"]}],"is_beta":true,"boss_relics":[],"items_purged_floors":[],"is_endless":false,"potions_floor_spawned":[1,7,8],"killed_by":"Gremlin Nob","ascension_level":15}