{"gold_per_floor":[114,34,54,4,19,19,53,53,98,98,198,19,19,39,39,167,167,191,191,39,39,39,39,54,54,54,54,67,110,110,61,61,189,189,205,205,221,221,244,244,267,267,293,337,361,361,377,193,193,193],"floor_reached":51,"playtime":4991,"items_purged":["Defend_G","Defend_G+1"],"score":665,"play_id":"fd289c7d-f629-4f25-a30c-7a3a7417683d","local_time":"20181227200852","is_ascension_mode":false,"campfire_choices":[{"data":"Neutralize","floor":6,"key":"SMITH"},{"data":"Deflect","floor":10,"key":"SMITH"},{"floor":15,"key":"REST"},{"data":"Blur","floor":23,"key":"SMITH"},{"data":"Glass Knife","floor":25,"key":"SMITH"},{"data":"Adrenaline","floor":27,"key":"SMITH"},{"floor":32,"key":"REST"},{"data":"Leg Sweep","floor":40,"key":"SMITH"},{"floor":42,"key":"REST"},{"data":"Backflip","floor":49,"key":"SMITH"}],"neow_cost":"NONE","seed_source_timestamp":109176867718900,"circlet_count":0,"master_deck":["Defend_G+1","Defend_G+1","Strike_G+1","Strike_G+1","Strike_G+1","Strike_G+1","Strike_G+1","Survivor+1","Neutralize+1","Tools of the Trade+1","Quick Slash+1","Footwork+1","Dagger Throw+1","Deflect+1","Backstab+1","Blur+1","Glass Knife+1","Quick Slash+1","Adrenaline+1","Infinite Blades+1","Dash+1","Adrenaline+1","RitualDagger+1","Footwork+1","Masterful Stab+1","Dodge and Roll+1","After Image+1","Slice+1","Caltrops+1","Leg Sweep+1","Distraction+1","Cloak And Dagger+1","Backflip+1","Distraction"],"relics":["Ring of the Snake","Bag of Preparation","Golden Idol","Juzu Bracelet","White Beast Statue","Spirit Poop","Shuriken","Frozen Egg 2","Sundial","Black Star","Snake Skull","Mark of the Bloom","Oddly Smooth Stone","Pear","Whetstone"],"potions_floor_usage":[7,7,16,29,33,41,41,41,41,50,50,50],"damage_taken":[{"damage":2,"enemies":"Small Slimes","floor":1,"turns":5},{"damage":0,"enemies":"2 Louse","floor":3,"turns":3},{"damage":6,"enemies":"Cultist","floor":5,"turns":4},{"damage":31,"enemies":"3 Sentries","floor":7,"turns":10},{"damage":0,"enemies":"3 Louse","floor":14,"turns":3},{"damage":11,"enemies":"The Guardian","floor":16,"turns":20},{"damage":17,"enemies":"Chosen","floor":18,"turns":7},{"damage":3,"enemies":"2 Thieves","floor":24,"turns":4},{"damage":1,"enemies":"Shelled Parasite and Fungi","floor":28,"turns":4},{"damage":7,"enemies":"Slavers","floor":29,"turns":5},{"damage":39,"enemies":"Champ","floor":33,"turns":12},{"damage":0,"enemies":"3 Darklings","floor":35,"turns":9},{"damage":0,"enemies":"Orb Walker","floor":37,"turns":4},{"damage":13,"enemies":"Transient","floor":39,"turns":5},{"damage":2,"enemies":"Maw","floor":41,"turns":9},{"damage":0,"enemies":"Nemesis","floor":44,"turns":7},{"damage":0,"enemies":"4 Shapes","floor":45,"turns":3},{"damage":0,"enemies":"Jaw Worm Horde","floor":47,"turns":5},{"damage":11,"enemies":"Donu and Deca","floor":50,"turns":12}],"seed_played":"-8079291782354089150","potions_obtained":[{"floor":1,"key":"Block Potion"},{"floor":3,"key":"LiquidBronze"},{"floor":14,"key":"Swift Potion"},{"floor":18,"key":"SteroidPotion"},{"floor":24,"key":"Swift Potion"},{"floor":28,"key":"Block Potion"},{"floor":29,"key":"LiquidBronze"},{"floor":33,"key":"Fire Potion"},{"floor":35,"key":"EntropicBrew"},{"floor":37,"key":"Dexterity Potion"},{"floor":41,"key":"Fire Potion"}],"is_trial":false,"path_per_floor":["M","$","M","?","M","R","E","?","T","R","?","$","?","M","R","B",null,"M","?","$","?","?","R","M","R","T","R","M","E","?","$","R","B",null,"M","T","M","?","M","R","M","R","T","E","M","?","M","$","R","B",null],"character_chosen":"THE_SILENT","items_purchased":["Footwork","Blur","Glass Knife","Dash","Dodge and Roll","Backflip","Distraction"],"campfire_rested":3,"item_purchase_floors":[2,12,12,20,31,48,48],"current_hp_per_floor":[68,68,68,68,62,62,31,31,31,31,31,31,31,31,52,41,70,53,53,53,53,47,47,44,44,44,44,43,36,36,36,57,18,70,70,70,70,70,57,57,55,55,55,55,55,55,55,55,55,44],"gold":193,"neow_bonus":"ONE_RANDOM_RARE_CARD","is_prod":false,"is_daily":false,"chose_seed":false,"campfire_upgraded":7,"win_rate":0.0,"timestamp":1545937732,"path_taken":["M","$","M","?","M","R","E","?","T","R","?","$","?","M","R","BOSS","M","?","$","?","?","R","M","R","T","R","M","E","?","$","R","BOSS","M","?","M","?","M","R","M","R","T","E","M","?","M","$","R","BOSS"],"build_version":"2018-12-20","purchased_purges":2,"victory":true,"max_hp_per_floor":[70,70,70,70,70,70,70,70,70,70,70,70,70,70,70,70,70,70,70,70,70,70,70,70,70,70,70,70,70,70,70,70,70,70,70,70,70,70,70,70,70,70,70,80,80,80,80,80,80,80],"card_choices":[{"not_picked":["Accuracy","Slice"],"picked":"Quick Slash","floor":1},{"not_picked":["Cloak And Dagger","Prepared"],"picked":"Dagger Throw","floor":3},{"not_picked":["Choke","Tactician"],"picked":"Deflect","floor":5},{"not_picked":["Blade Dance","Choke"],"picked":"Backstab","floor":7},{"not_picked":["Prepared","Flying Knee"],"picked":"Quick Slash","floor":14},{"not_picked":["Wraith Form v2","Venomology"],"picked":"Adrenaline","floor":16},{"not_picked":["Accuracy+1","Cloak And Dagger"],"picked":"Infinite Blades+1","floor":18},{"not_picked":["All Out Attack","Deadly Poison"],"picked":"Footwork","floor":24},{"not_picked":["Choke+1","Well Laid Plans","Deflect"],"picked":"SKIP","floor":28},{"not_picked":["All Out Attack","Expertise+1"],"picked":"Masterful Stab","floor":29},{"not_picked":["Wraith Form v2+1","Storm of Steel"],"picked":"After Image+1","floor":33},{"not_picked":["Poisoned Stab+1","Bane+1"],"picked":"Slice+1","floor":35},{"not_picked":["Deadly Poison+1","Acrobatics"],"picked":"Caltrops+1","floor":37},{"not_picked":["Quick Slash+1","Acrobatics+1"],"picked":"Leg Sweep","floor":39},{"not_picked":["Cloak And Dagger","Prepared+1"],"picked":"Distraction+1","floor":41},{"not_picked":["Deadly Poison","Predator"],"picked":"Cloak And Dagger+1","floor":44},{"not_picked":["Acrobatics","Storm of Steel","Dagger Spray"],"picked":"SKIP","floor":45},{"not_picked":["Predator+1","Bane+1","Outmaneuver"],"picked":"SKIP","floor":47}],"player_experience":53518,"relics_obtained":[{"floor":7,"key":"Bag of Preparation"},{"floor":9,"key":"Juzu Bracelet"},{"floor":26,"key":"Shuriken"},{"floor":29,"key":"Frozen Egg 2"},{"floor":36,"key":"Snake Skull"},{"floor":43,"key":"Oddly Smooth Stone"},{"floor":44,"key":"Pear"},{"floor":44,"key":"Whetstone"}],"event_choices":[{"cards_removed":["Defend_G"],"damage_healed":0,"gold_gain":0,"player_choice":"Card Removal","damage_taken":0,"max_hp_gain":0,"max_hp_loss":0,"event_name":"The Cleric","floor":4,"gold_loss":50},{"damage_healed":0,"gold_gain":0,"player_choice":"Take Wound","damage_taken":0,"relics_obtained":["Golden Idol"],"max_hp_gain":0,"max_hp_loss":0,"event_name":"Golden Idol","floor":8,"gold_loss":0,"cards_obtained":["Injury"]},{"damage_healed":0,"gold_gain":100,"player_choice":"Pray","damage_taken":0,"max_hp_gain":0,"max_hp_loss":0,"event_name":"Golden Shrine","floor":11,"gold_loss":0},{"damage_healed":0,"gold_gain":0,"player_choice":"Fled","damage_taken":0,"max_hp_gain":0,"max_hp_loss":0,"event_name":"Scrap Ooze","floor":13,"gold_loss":0},{"cards_removed":["Injury"],"damage_healed":0,"gold_gain":0,"player_choice":"Offered Curse","damage_taken":0,"relics_obtained":["Spirit Poop"],"max_hp_gain":0,"max_hp_loss":0,"event_name":"Bonfire Elementals","floor":19,"gold_loss":0},{"damage_healed":0,"gold_gain":0,"player_choice":"Copied","damage_taken":0,"max_hp_gain":0,"max_hp_loss":0,"event_name":"Duplicator","floor":21,"gold_loss":0,"cards_obtained":["Adrenaline"]},{"damage_healed":0,"gold_gain":0,"player_choice":"Joined the Cult","damage_taken":6,"max_hp_gain":0,"max_hp_loss":0,"event_name":"Nest","floor":22,"gold_loss":0,"cards_obtained":["RitualDagger"]},{"damage_healed":0,"gold_gain":0,"player_choice":"Gave Potion","damage_taken":0,"relics_obtained":["Sundial"],"max_hp_gain":0,"max_hp_loss":0,"event_name":"WeMeetAgain","floor":30,"gold_loss":0},{"damage_healed":0,"gold_gain":0,"player_choice":"Upgrade","damage_taken":0,"relics_obtained":["Mark of the Bloom"],"max_hp_gain":0,"max_hp_loss":0,"event_name":"MindBloom","floor":38,"gold_loss":0,"cards_upgraded":["Defend_G","Defend_G","Defend_G","Strike_G","Strike_G","Strike_G","Strike_G","Strike_G","Survivor","Tools of the Trade","Quick Slash","Footwork","Dagger Throw","Backstab","Quick Slash","Dash","Adrenaline","RitualDagger","Footwork","Masterful Stab","Dodge and Roll"]},{"damage_healed":0,"gold_gain":0,"player_choice":"Ignored","damage_taken":0,"max_hp_gain":0,"max_hp_loss":0,"event_name":"Tomb of Lord Red Mask","floor":46,"gold_loss":0}],"is_beta":false,"boss_relics":[{"not_picked":["Calling Bell","Tiny House"],"picked":"White Beast Statue"},{"not_picked":["HoveringKite","Busted Crown"],"picked":"Black Star"}],"items_purged_floors":[20,48],"is_endless":false,"potions_floor_spawned":[1,3,14,18,24,28,29,33,35,37,39,41,44,45,47],"ascension_level":0}