{"gold_per_floor":[109,129,129,139,10,10,38,53,353,368,8,8,42,59,59,160,160,174,174,22,40,58,88,88,88],"floor_reached":25,"playtime":1713,"items_purged":["Regret","Strike_R"],"score":268,"play_id":"f8ef477a-b8e9-4f70-859b-120eb2f01202","local_time":"20190703200803","is_ascension_mode":true,"campfire_choices":[{"data":"Bash","floor":6,"key":"SMITH"},{"data":"Armaments","floor":15,"key":"SMITH"},{"data":"True Grit","floor":24,"key":"SMITH"}],"neow_cost":"NONE","seed_source_timestamp":1042101982171700,"circlet_count":0,"master_deck":["Strike_R+1","Strike_R","Strike_R","Defend_R","Defend_R","Defend_R","Defend_R","Bash+1","Cleave","Headbutt","Twin Strike","Wild Strike","Shockwave","Pommel Strike","Heavy Blade","True Grit+1","Armaments+1","Rampage","Bludgeon","Clothesline+1","Searing Blow+1"],"relics":["Burning Blood","Gambling Chip","Champion Belt","Old Coin","Ice Cream","Self Forming Clay","Blood Vial","Coffee Dripper","Whetstone"],"potions_floor_usage":[7,16,18,23,23],"damage_taken":[{"damage":8,"enemies":"Jaw Worm","floor":1,"turns":4},{"damage":7,"enemies":"Small Slimes","floor":2,"turns":3},{"damage":1,"enemies":"2 Louse","floor":4,"turns":2},{"damage":10,"enemies":"3 Sentries","floor":7,"turns":6},{"damage":12,"enemies":"Large Slime","floor":8,"turns":4},{"damage":8,"enemies":"Blue Slaver","floor":10,"turns":3},{"damage":21,"enemies":"Gremlin Nob","floor":13,"turns":4},{"damage":8,"enemies":"3 Louse","floor":14,"turns":2},{"damage":22,"enemies":"The Guardian","floor":16,"turns":11},{"damage":21,"enemies":"Spheric Guardian","floor":18,"turns":4},{"damage":4,"enemies":"3 Byrds","floor":21,"turns":5},{"damage":14,"enemies":"Snake Plant","floor":22,"turns":3},{"damage":56,"enemies":"Gremlin Leader","floor":23,"turns":7},{"damage":21,"enemies":"Cultist and Chosen","floor":25,"turns":4}],"seed_played":"3978397987081208346","potions_obtained":[{"floor":0,"key":"Dexterity Potion"},{"floor":0,"key":"EssenceOfSteel"},{"floor":0,"key":"Strength Potion"},{"floor":7,"key":"GamblersBrew"},{"floor":21,"key":"SkillPotion"},{"floor":22,"key":"LiquidBronze"}],"is_trial":false,"path_per_floor":["M","M","?","M","$","R","E","M","T","M","$","?","E","M","R","B",null,"M","?","$","M","M","E","R","M"],"character_chosen":"IRONCLAD","items_purchased":["Wild Strike","Ice Cream","True Grit","Block Potion"],"campfire_rested":0,"item_purchase_floors":[5,11,11,20],"current_hp_per_floor":[78,77,77,80,80,80,76,70,70,68,68,65,50,50,50,36,80,65,65,65,69,63,15,15,0],"gold":88,"neow_bonus":"THREE_SMALL_POTIONS","is_prod":false,"is_daily":false,"chose_seed":false,"campfire_upgraded":3,"win_rate":0,"timestamp":1562177283,"path_taken":["M","M","?","M","$","R","E","M","T","M","$","?","E","M","R","BOSS","M","?","$","M","M","E","R","M"],"build_version":"2019-07-01","purchased_purges":2,"victory":false,"max_hp_per_floor":[80,80,80,80,80,80,80,80,80,80,80,80,80,80,80,80,80,80,80,80,80,80,80,80,80],"card_choices":[{"not_picked":["Rage","Flex"],"picked":"Cleave","floor":1},{"not_picked":["Armaments","Body Slam"],"picked":"Headbutt","floor":2},{"not_picked":["Flex","Anger"],"picked":"Twin Strike","floor":4},{"not_picked":["Body Slam","Offering"],"picked":"Shockwave","floor":7},{"not_picked":["Flex","Shockwave"],"picked":"Pommel Strike","floor":8},{"not_picked":["Twin Strike","Burning Pact"],"picked":"Heavy Blade","floor":10},{"not_picked":["Searing Blow","Thunderclap"],"picked":"Armaments","floor":13},{"not_picked":["Shockwave","Anger"],"picked":"Rampage","floor":14},{"not_picked":["Reaper","Berserk"],"picked":"Bludgeon","floor":16},{"not_picked":["Anger","Clash","Wild Strike+1"],"picked":"SKIP","floor":18},{"not_picked":["Headbutt+1","Thunderclap"],"picked":"Clothesline","floor":21},{"not_picked":["Havoc","Pommel Strike"],"picked":"Searing Blow+1","floor":22},{"not_picked":["Offering","Headbutt","Heavy Blade"],"picked":"SKIP","floor":23}],"player_experience":298081,"relics_obtained":[{"floor":7,"key":"Champion Belt"},{"floor":9,"key":"Old Coin"},{"floor":13,"key":"Blood Vial"},{"floor":23,"key":"Whetstone"}],"event_choices":[{"damage_healed":0,"gold_gain":0,"player_choice":"Box","damage_taken":0,"relics_obtained":["Gambling Chip"],"max_hp_gain":0,"max_hp_loss":0,"event_name":"Big Fish","floor":3,"gold_loss":0,"cards_obtained":["Regret"]},{"damage_healed":0,"gold_gain":0,"player_choice":"Success","damage_taken":3,"relics_obtained":["Self Forming Clay"],"max_hp_gain":0,"max_hp_loss":0,"event_name":"Scrap Ooze","floor":12,"gold_loss":0},{"cards_removed":["Strike_R"],"damage_healed":0,"gold_gain":0,"player_choice":"Elegance","damage_taken":0,"max_hp_gain":0,"max_hp_loss":0,"event_name":"Back to Basics","floor":19,"gold_loss":0}],"is_beta":false,"boss_relics":[{"not_picked":["Black Star","Calling Bell"],"picked":"Coffee Dripper"}],"items_purged_floors":[5,20],"is_endless":false,"potions_floor_spawned":[2,7,10,21,22],"killed_by":"Cultist and Chosen","ascension_level":3}