{"gold_per_floor":[11,11,34,34,57,57,80,116,162,205,205,205,130,170,170,268,268,292,292,308,233,252,252,252,252,252,264,287,332,359,384,396,408],"floor_reached":33,"playtime":1027,"items_purged":["Strike_R"],"score":499,"play_id":"cdf87be6-41dc-4102-a053-38f74fd46de0","local_time":"20190810000425","is_ascension_mode":true,"campfire_choices":[{"data":"Fiend Fire","floor":6,"key":"SMITH"},{"data":"Uppercut","floor":12,"key":"SMITH"},{"floor":15,"key":"REST"},{"data":"Whirlwind","floor":23,"key":"SMITH"},{"data":"RitualDagger","floor":27,"key":"SMITH"},{"floor":32,"key":"REST"}],"neow_cost":"NO_GOLD","seed_source_timestamp":2613427928233508,"circlet_count":0,"master_deck":["AscendersBane","Strike_R","Strike_R","Strike_R","Defend_R","Defend_R","Defend_R","Defend_R","Bash","Fiend Fire+1","Anger","Cleave","Uppercut+1","Shrug It Off","Battle Trance","Berserk+1","Shockwave","RitualDagger+1","Whirlwind+1","Dark Embrace+1","Corruption+1","Inflame+1","Inflame+1","Ghostly Armor","Spot Weakness"],"relics":["Burning Blood","Frozen Egg 2","Art of War","Red Skull","Sundial","Eternal Feather","Nloth\u0027s Gift","MawBank","Self Forming Clay"],"potions_floor_usage":[10,18,30,33,33],"damage_taken":[{"damage":7,"enemies":"Jaw Worm","floor":1,"turns":2},{"damage":1,"enemies":"2 Louse","floor":3,"turns":2},{"damage":0,"enemies":"Small Slimes","floor":5,"turns":2},{"damage":12,"enemies":"Blue Slaver","floor":7,"turns":3},{"damage":32,"enemies":"Gremlin Nob","floor":8,"turns":4},{"damage":26,"enemies":"3 Sentries","floor":10,"turns":6},{"damage":20,"enemies":"Lagavulin","floor":14,"turns":6},{"damage":19,"enemies":"The Guardian","floor":16,"turns":8},{"damage":18,"enemies":"Shell Parasite","floor":18,"turns":3},{"damage":11,"enemies":"2 Thieves","floor":20,"turns":4},{"damage":13,"enemies":"Snecko","floor":22,"turns":4},{"damage":24,"enemies":"Centurion and Healer","floor":28,"turns":4},{"damage":24,"enemies":"Book of Stabbing","floor":29,"turns":4},{"damage":10,"enemies":"Shelled Parasite and Fungi","floor":30,"turns":3},{"damage":0,"enemies":"Snecko","floor":31,"turns":3},{"damage":73,"enemies":"Champ","floor":33,"turns":10}],"seed_played":"-8417732623209036387","potions_obtained":[{"floor":1,"key":"PowerPotion"},{"floor":3,"key":"Ancient Potion"},{"floor":14,"key":"Weak Potion"},{"floor":20,"key":"Strength Potion"},{"floor":28,"key":"Fire Potion"},{"floor":31,"key":"BloodPotion"}],"is_trial":false,"path_per_floor":["M","?","M","$","M","R","M","E","T","E","?","R","?","E","R","B",null,"M","?","M","$","M","R","?","?","T","R","M","E","M","M","R","B"],"character_chosen":"IRONCLAD","items_purchased":[],"campfire_rested":2,"item_purchase_floors":[],"current_hp_per_floor":[67,67,68,68,68,68,62,36,36,16,38,38,38,24,44,31,59,47,41,36,36,29,41,41,41,41,53,35,17,13,19,54,0],"gold":408,"neow_bonus":"THREE_RARE_CARDS","is_prod":false,"is_daily":false,"chose_seed":false,"campfire_upgraded":4,"win_rate":0,"timestamp":1565409865,"path_taken":["M","?","M","$","M","R","M","E","T","E","?","R","?","E","R","BOSS","M","?","M","$","M","R","?","?","T","R","M","E","M","M","R","BOSS"],"build_version":"2019-07-17","purchased_purges":1,"victory":false,"max_hp_per_floor":[75,68,68,68,68,68,68,68,68,68,68,68,68,68,68,68,68,68,68,68,68,68,68,68,68,68,68,68,68,68,68,68,68],"card_choices":[{"not_picked":["Impervious","Reaper"],"picked":"Fiend Fire","floor":0},{"not_picked":["Dropkick","Warcry"],"picked":"Anger","floor":1},{"not_picked":["Entrench","True Grit"],"picked":"Cleave","floor":3},{"not_picked":["Burning Pact","Heavy Blade"],"picked":"Uppercut","floor":5},{"not_picked":["Thunderclap","Seeing Red"],"picked":"Shrug It Off","floor":7},{"not_picked":["Sentinel","Cleave","Anger"],"picked":"SKIP","floor":8},{"not_picked":["Clothesline","Ghostly Armor"],"picked":"Battle Trance","floor":10},{"not_picked":["Second Wind","True Grit","Wild Strike"],"picked":"SKIP","floor":14},{"not_picked":["Exhume","Bludgeon"],"picked":"Berserk+1","floor":16},{"not_picked":["Body Slam","Heavy Blade+1"],"picked":"Shockwave","floor":18},{"not_picked":["Havoc","Flex"],"picked":"Whirlwind","floor":20},{"not_picked":["Body Slam","Thunderclap"],"picked":"Dark Embrace+1","floor":22},{"not_picked":["Anger","Intimidate"],"picked":"Inflame+1","floor":28},{"not_picked":["Havoc+1","Clash"],"picked":"Inflame+1","floor":29},{"not_picked":["Clash","Body Slam"],"picked":"Ghostly Armor","floor":30},{"not_picked":["Dropkick+1","Juggernaut+1"],"picked":"Spot Weakness","floor":31}],"player_experience":2658272,"relics_obtained":[{"floor":8,"key":"Frozen Egg 2"},{"floor":9,"key":"Art of War"},{"floor":10,"key":"Red Skull"},{"floor":14,"key":"Sundial"},{"floor":26,"key":"MawBank"},{"floor":29,"key":"Self Forming Clay"}],"event_choices":[{"damage_healed":0,"gold_gain":0,"player_choice":"Lose Max HP","damage_taken":0,"relics_obtained":["Golden Idol"],"max_hp_gain":0,"max_hp_loss":7,"event_name":"Golden Idol","floor":2,"gold_loss":0},{"damage_healed":22,"gold_gain":0,"player_choice":"Banana","damage_taken":0,"max_hp_gain":0,"max_hp_loss":0,"event_name":"Big Fish","floor":11,"gold_loss":0},{"cards_removed":["Strike_R"],"damage_healed":0,"gold_gain":0,"player_choice":"Card Removal","damage_taken":0,"max_hp_gain":0,"max_hp_loss":0,"event_name":"The Cleric","floor":13,"gold_loss":75},{"damage_healed":0,"gold_gain":0,"player_choice":"Joined the Cult","damage_taken":6,"max_hp_gain":0,"max_hp_loss":0,"event_name":"Nest","floor":19,"gold_loss":0,"cards_obtained":["RitualDagger"]},{"damage_healed":0,"gold_gain":0,"player_choice":"Read","damage_taken":0,"max_hp_gain":0,"max_hp_loss":0,"event_name":"The Library","floor":24,"gold_loss":0,"cards_obtained":["Corruption"]},{"damage_healed":0,"gold_gain":0,"player_choice":"Traded Relic","damage_taken":0,"relics_obtained":["Nloth\u0027s Gift"],"max_hp_gain":0,"max_hp_loss":0,"event_name":"N\u0027loth","floor":25,"relics_lost":["Golden Idol"],"gold_loss":0}],"is_beta":false,"boss_relics":[{"not_picked":["Mark of Pain","Busted Crown"],"picked":"Eternal Feather"}],"items_purged_floors":[21],"is_endless":false,"potions_floor_spawned":[1,3,14,20,28,31],"killed_by":"Champ","ascension_level":15}