{"gold_per_floor":[113,113,128,53,13,13,52,75,125,125,5,49,49,63,63,152,152,168,31,31,46,46,86,86,111,137,178,203,244,369,409,409,502,502,516,535,535,555,555,555],"floor_reached":40,"playtime":1711,"items_purged":["Strike_B"],"score":835,"play_id":"b3882597-86a3-4c0c-979b-b1d2d3e06668","local_time":"20190520224751","is_ascension_mode":true,"campfire_choices":[{"data":"Sunder","floor":6,"key":"SMITH"},{"data":"Static Discharge","floor":10,"key":"SMITH"},{"data":"Loop","floor":15,"key":"SMITH"},{"floor":24,"key":"REST"},{"floor":32,"key":"REST"}],"neow_cost":"NONE","seed_source_timestamp":448283198230175,"circlet_count":0,"master_deck":["AscendersBane","Strike_B","Defend_B","Defend_B","Defend_B","Defend_B","Zap+1","Dualcast","Reinforced Body","Sunder+1","Static Discharge+1","Core Surge","Conserve Battery","Loop+1","Electrodynamics","Hologram","Defragment","Undo","Ball Lightning+1","Capacitor","Self Repair","Cold Snap","Undo","Seek","Doom and Gloom+1"],"relics":["Cracked Core","Golden Idol","Potion Belt","Oddly Smooth Stone","Sundial","Sozu","FaceOfCleric","Regal Pillow","Bag of Preparation","Pear","Strawberry","Pocketwatch","Symbiotic Virus","Red Mask","Eternal Feather"],"potions_floor_usage":[16,23,27],"damage_taken":[{"damage":0,"enemies":"Small Slimes","floor":1,"turns":3},{"damage":12,"enemies":"Jaw Worm","floor":3,"turns":3},{"damage":20,"enemies":"3 Sentries","floor":7,"turns":7},{"damage":0,"enemies":"Cultist","floor":8,"turns":3},{"damage":14,"enemies":"Lagavulin","floor":12,"turns":8},{"damage":0,"enemies":"Blue Slaver","floor":14,"turns":3},{"damage":6,"enemies":"Hexaghost","floor":16,"turns":6},{"damage":2,"enemies":"Shell Parasite","floor":18,"turns":6},{"damage":8,"enemies":"Spheric Guardian","floor":21,"turns":4},{"damage":11,"enemies":"Book of Stabbing","floor":23,"turns":4},{"damage":10,"enemies":"Snake Plant","floor":25,"turns":4},{"damage":14,"enemies":"Gremlin Leader","floor":27,"turns":6},{"damage":10,"enemies":"Shelled Parasite and Fungi","floor":28,"turns":5},{"damage":43,"enemies":"Book of Stabbing","floor":29,"turns":5},{"damage":13,"enemies":"Colosseum Slavers","floor":30,"turns":2},{"damage":7,"enemies":"Colosseum Nobs","floor":30,"turns":2},{"damage":0,"enemies":"Masked Bandits","floor":31,"turns":2},{"damage":7,"enemies":"Champ","floor":33,"turns":15},{"damage":6,"enemies":"Orb Walker","floor":35,"turns":5},{"damage":0,"enemies":"3 Shapes","floor":36,"turns":4},{"damage":8,"enemies":"Sphere and 2 Shapes","floor":38,"turns":6},{"damage":97,"enemies":"Giant Head","floor":40,"turns":7}],"seed_played":"3189639606399789599","potions_obtained":[{"floor":3,"key":"PowerPotion"},{"floor":12,"key":"Fire Potion"},{"floor":16,"key":"Poison Potion"}],"is_trial":false,"path_per_floor":["M","?","M","?","$","R","E","M","T","R","$","E","?","M","R","B",null,"M","$","?","M","?","E","R","M","T","E","M","E","?","?","R","B",null,"M","M","?","M","?","E"],"character_chosen":"DEFECT","items_purchased":["Static Discharge","Ball Lightning","Defragment","Undo"],"campfire_rested":2,"item_purchase_floors":[5,11,19,19],"current_hp_per_floor":[64,64,52,52,52,52,32,32,32,32,32,18,11,11,11,5,49,47,47,47,39,39,29,63,54,54,51,49,21,10,11,52,53,81,83,91,87,87,87,0],"gold":555,"neow_bonus":"UPGRADE_CARD","is_prod":false,"is_daily":false,"chose_seed":false,"campfire_upgraded":3,"win_rate":0,"timestamp":1558406871,"path_taken":["M","?","M","?","?","R","E","M","T","R","?","E","?","M","R","BOSS","M","$","?","M","?","E","R","?","T","E","M","E","?","?","R","BOSS","M","M","?","M","?","E"],"build_version":"2019-05-07","purchased_purges":1,"victory":false,"max_hp_per_floor":[71,64,64,64,64,64,64,64,64,64,64,64,64,64,64,64,64,64,64,64,64,64,65,65,66,66,77,78,86,88,89,89,90,90,91,92,87,88,88,88],"card_choices":[{"not_picked":["Hologram","Go for the Eyes"],"picked":"Reinforced Body","floor":1},{"not_picked":["Redo","Coolheaded"],"picked":"Sunder","floor":3},{"not_picked":["Beam Cell","Leap"],"picked":"Core Surge","floor":7},{"not_picked":["Lockon","White Noise"],"picked":"Conserve Battery","floor":8},{"not_picked":["Conserve Battery","Leap","Tempest"],"picked":"SKIP","floor":12},{"not_picked":["Conserve Battery","Leap","Tempest"],"picked":"SKIP","floor":12},{"not_picked":["Hologram","Chaos"],"picked":"Loop","floor":14},{"not_picked":["All For One","Rainbow"],"picked":"Electrodynamics","floor":16},{"not_picked":["Fusion","Gash"],"picked":"Hologram","floor":18},{"not_picked":["Steam","Leap+1"],"picked":"Ball Lightning+1","floor":21},{"not_picked":["Turbo","Cold Snap"],"picked":"Capacitor","floor":23},{"not_picked":["Ball Lightning","Leap"],"picked":"Self Repair","floor":25},{"not_picked":["Meteor Strike","Rebound","Static Discharge"],"picked":"SKIP","floor":27},{"not_picked":["Tempest","Sweeping Beam","Ball Lightning"],"picked":"SKIP","floor":28},{"not_picked":["Defragment","Loop"],"picked":"Cold Snap","floor":29},{"not_picked":["Core Surge","Sweeping Beam"],"picked":"Undo","floor":31},{"not_picked":["Machine Learning","Thunder Strike"],"picked":"Seek","floor":33},{"not_picked":["Sweeping Beam+1","Redo","Rip and Tear"],"picked":"SKIP","floor":35},{"not_picked":["Double Energy+1","Reprogram","Ball Lightning"],"picked":"SKIP","floor":36},{"not_picked":["Recycle","Go for the Eyes"],"picked":"Doom and Gloom+1","floor":38}],"player_experience":2513139,"relics_obtained":[{"floor":7,"key":"Potion Belt"},{"floor":9,"key":"Oddly Smooth Stone"},{"floor":12,"key":"Sundial"},{"floor":23,"key":"Regal Pillow"},{"floor":26,"key":"Bag of Preparation"},{"floor":27,"key":"Pear"},{"floor":29,"key":"Strawberry"},{"floor":30,"key":"Pocketwatch"},{"floor":30,"key":"Symbiotic Virus"},{"floor":31,"key":"Red Mask"}],"event_choices":[{"damage_healed":0,"gold_gain":0,"player_choice":"Lose Max HP","damage_taken":0,"relics_obtained":["Golden Idol"],"max_hp_gain":0,"max_hp_loss":7,"event_name":"Golden Idol","floor":2,"gold_loss":0},{"cards_removed":["Strike_B"],"damage_healed":0,"gold_gain":0,"player_choice":"Card Removal","damage_taken":0,"max_hp_gain":0,"max_hp_loss":0,"event_name":"The Cleric","floor":4,"gold_loss":75},{"cards_removed":["Strike_B"],"damage_healed":0,"gold_gain":0,"player_choice":"Card Removal","damage_taken":7,"max_hp_gain":0,"max_hp_loss":0,"event_name":"Golden Wing","floor":13,"gold_loss":0},{"damage_healed":0,"gold_gain":0,"player_choice":"Ignored","damage_taken":0,"max_hp_gain":0,"max_hp_loss":0,"event_name":"Vampires","floor":20,"gold_loss":0},{"damage_healed":0,"gold_gain":0,"player_choice":"Trade","damage_taken":0,"relics_obtained":["FaceOfCleric"],"max_hp_gain":0,"max_hp_loss":0,"event_name":"FaceTrader","floor":22,"gold_loss":0},{"damage_healed":0,"gold_gain":0,"player_choice":"Fight","damage_taken":0,"max_hp_gain":0,"max_hp_loss":0,"event_name":"Colosseum","floor":30,"gold_loss":0},{"damage_healed":0,"gold_gain":0,"player_choice":"Fought Nobs","damage_taken":0,"max_hp_gain":0,"max_hp_loss":0,"event_name":"Colosseum","floor":30,"gold_loss":0},{"damage_healed":0,"gold_gain":0,"player_choice":"Fought Bandits","damage_taken":0,"max_hp_gain":0,"max_hp_loss":0,"event_name":"Masked Bandits","floor":31,"gold_loss":0},{"damage_healed":0,"gold_gain":0,"player_choice":"Max HP","damage_taken":0,"max_hp_gain":0,"max_hp_loss":5,"event_name":"Winding Halls","floor":37,"gold_loss":0},{"cards_removed":["Ball Lightning"],"damage_healed":0,"gold_gain":0,"player_choice":"Removed Attack","damage_taken":0,"max_hp_gain":0,"max_hp_loss":0,"event_name":"Falling","floor":39,"gold_loss":0}],"is_beta":true,"boss_relics":[{"not_picked":["Orrery","FrozenCore"],"picked":"Sozu"},{"not_picked":["Tiny House","Runic Dome"],"picked":"Eternal Feather"}],"items_purged_floors":[11],"is_endless":false,"potions_floor_spawned":[3,12,16,25,29,30,30,31,38],"killed_by":"Giant Head","ascension_level":15}