{"gold_per_floor":[13,13,27,44,44,74,74,85,85,85,85,85,113,129,129,203,203,215,215,234,1,1,1,1,1,1,1,15,35,49,84,84,158,158,174,191,77,96,96,115,146,146,228,254,196,196,223,234,234,234],"floor_reached":50,"playtime":2141,"items_purged":["Strike_R"],"score":1005,"play_id":"cbdf4e6a-7d42-4ee2-b94c-71f9f0cabf69","local_time":"20190706205935","is_ascension_mode":true,"campfire_choices":[{"floor":7,"key":"REST"},{"floor":10,"key":"REST"},{"data":"Magnetism","floor":12,"key":"SMITH"},{"data":"Uppercut","floor":15,"key":"SMITH"},{"data":"Corruption","floor":23,"key":"SMITH"},{"floor":25,"key":"REST"},{"floor":32,"key":"REST"},{"floor":42,"key":"REST"},{"floor":49,"key":"RECALL"}],"neow_cost":"NO_GOLD","seed_source_timestamp":167702267960708,"circlet_count":0,"master_deck":["AscendersBane","Strike_R","Strike_R","Strike_R","Defend_R","Defend_R","Defend_R","Defend_R","Bash","Magnetism+1","Armaments+1","Uppercut+1","Anger","Headbutt","Shockwave","Shrug It Off","Feed","True Grit+1","Flex+1","Corruption+1","Juggernaut","Burning Pact","Whirlwind+1","Demon Form","Power Through","True Grit+1","Flame Barrier","Pommel Strike+1","Parasite","Battle Trance","Impervious","Twin Strike+1","Bludgeon+1"],"relics":["Burning Blood","Paper Frog","Omamori","The Courier","Bottled Flame","Philosopher\u0027s Stone","Vajra","Necronomicon","Regal Pillow","Cursed Key","Pen Nib","Gambling Chip","Molten Egg 2","Mercury Hourglass","Boot"],"potions_floor_usage":[13,33,50,50,50],"damage_taken":[{"damage":14,"enemies":"Cultist","floor":1,"turns":5},{"damage":11,"enemies":"Jaw Worm","floor":3,"turns":5},{"damage":12,"enemies":"Small Slimes","floor":4,"turns":5},{"damage":40,"enemies":"3 Sentries","floor":6,"turns":9},{"damage":25,"enemies":"Gremlin Gang","floor":8,"turns":4},{"damage":13,"enemies":"Gremlin Nob","floor":13,"turns":4},{"damage":16,"enemies":"Exordium Thugs","floor":14,"turns":7},{"damage":32,"enemies":"Hexaghost","floor":16,"turns":11},{"damage":17,"enemies":"Spheric Guardian","floor":18,"turns":4},{"damage":9,"enemies":"Shell Parasite","floor":20,"turns":7},{"damage":3,"enemies":"Snecko","floor":28,"turns":4},{"damage":9,"enemies":"Chosen and Byrds","floor":29,"turns":6},{"damage":7,"enemies":"Centurion and Healer","floor":30,"turns":8},{"damage":29,"enemies":"Gremlin Leader","floor":31,"turns":8},{"damage":23,"enemies":"Automaton","floor":33,"turns":6},{"damage":27,"enemies":"3 Darklings","floor":35,"turns":4},{"damage":8,"enemies":"3 Shapes","floor":36,"turns":7},{"damage":34,"enemies":"Spire Growth","floor":38,"turns":5},{"damage":22,"enemies":"Maw","floor":40,"turns":6},{"damage":2,"enemies":"Nemesis","floor":41,"turns":3},{"damage":50,"enemies":"Reptomancer","floor":44,"turns":5},{"damage":31,"enemies":"Giant Head","floor":47,"turns":6},{"damage":32,"enemies":"Sphere and 2 Shapes","floor":48,"turns":3},{"damage":38,"enemies":"Awakened One","floor":50,"turns":4}],"seed_played":"-6647473254851876966","potions_obtained":[{"floor":1,"key":"SpeedPotion"},{"floor":8,"key":"EssenceOfSteel"},{"floor":16,"key":"Swift Potion"},{"floor":29,"key":"SteroidPotion"},{"floor":40,"key":"Weak Potion"},{"floor":44,"key":"BloodPotion"},{"floor":47,"key":"EntropicBrew"}],"is_trial":false,"path_per_floor":["M","?","M","M","?","E","R","M","T","R","?","R","E","M","R","B",null,"M","?","M","$","?","R","$","R","T","$","M","M","M","E","R","B",null,"M","M","$","M","?","M","E","R","T","E","$","?","E","M","R","B"],"character_chosen":"IRONCLAD","items_purchased":["Vajra","Corruption","Pen Nib","Impervious"],"campfire_rested":5,"item_purchase_floors":[21,21,37,45],"current_hp_per_floor":[60,60,55,49,49,15,37,18,18,40,85,85,78,68,68,42,74,66,66,63,63,42,42,42,68,68,68,74,75,77,57,101,84,97,76,78,78,50,71,55,59,105,105,61,61,61,36,10,10,0],"gold":234,"neow_bonus":"RANDOM_COLORLESS_2","is_prod":false,"is_daily":false,"chose_seed":false,"campfire_upgraded":3,"win_rate":0,"timestamp":1562461175,"path_taken":["M","?","M","M","?","E","R","?","T","R","?","R","E","?","R","BOSS","M","?","M","?","?","R","$","R","T","?","?","M","M","E","R","BOSS","M","M","$","M","?","M","E","R","T","E","$","?","E","M","R","BOSS"],"build_version":"2019-07-03","purchased_purges":1,"victory":false,"max_hp_per_floor":[75,75,75,75,75,75,75,75,75,75,85,85,85,85,85,85,85,88,88,88,88,88,88,88,88,88,88,91,95,98,101,101,101,101,101,105,105,105,105,105,105,105,105,105,105,105,105,105,105,105],"card_choices":[{"not_picked":["Perfected Strike","Clothesline"],"picked":"Armaments","floor":1},{"not_picked":["Iron Wave","Clash"],"picked":"Uppercut","floor":3},{"not_picked":["Armaments","Whirlwind"],"picked":"Anger","floor":4},{"not_picked":["Combust","Thunderclap"],"picked":"Headbutt","floor":6},{"not_picked":["Twin Strike","Headbutt"],"picked":"Shockwave","floor":8},{"not_picked":["Flex","Seeing Red"],"picked":"Shrug It Off","floor":13},{"not_picked":["Intimidate","Clash","Clothesline"],"picked":"SKIP","floor":14},{"not_picked":["Offering","Bludgeon"],"picked":"Feed","floor":16},{"not_picked":["Intimidate","Cleave"],"picked":"True Grit","floor":18},{"not_picked":["Sever Soul","True Grit"],"picked":"Flex+1","floor":20},{"not_picked":["Pummel","Seeing Red"],"picked":"Juggernaut","floor":28},{"not_picked":["Clash","Rampage"],"picked":"Burning Pact","floor":29},{"not_picked":["Heavy Blade","Warcry","Body Slam"],"picked":"SKIP","floor":30},{"not_picked":["Dark Embrace","Clash"],"picked":"Whirlwind+1","floor":31},{"not_picked":["Dark Embrace","Double Tap"],"picked":"Demon Form","floor":33},{"not_picked":["Sever Soul","Iron Wave","Twin Strike"],"picked":"SKIP","floor":35},{"not_picked":["Thunderclap","Armaments"],"picked":"Power Through","floor":36},{"not_picked":["Anger+1","Brutality"],"picked":"True Grit+1","floor":38},{"not_picked":["Body Slam","Thunderclap"],"picked":"Flame Barrier","floor":40},{"not_picked":["Reckless Charge","True Grit"],"picked":"Pommel Strike+1","floor":41},{"not_picked":["Carnage+1","Havoc+1"],"picked":"Battle Trance","floor":44},{"not_picked":["Havoc","Entrench","Wild Strike+1"],"picked":"SKIP","floor":47},{"not_picked":["Reckless Charge+1","Wild Strike+1"],"picked":"Bludgeon+1","floor":48}],"player_experience":2600497,"relics_obtained":[{"floor":5,"key":"Paper Frog"},{"floor":6,"key":"Omamori"},{"floor":9,"key":"The Courier"},{"floor":13,"key":"Bottled Flame"},{"floor":22,"key":"Necronomicon"},{"floor":31,"key":"Regal Pillow"},{"floor":41,"key":"Gambling Chip"},{"floor":43,"key":"Molten Egg 2"},{"floor":44,"key":"Mercury Hourglass"},{"floor":47,"key":"Boot"}],"event_choices":[{"damage_healed":0,"gold_gain":0,"player_choice":"Grow","damage_taken":0,"max_hp_gain":0,"max_hp_loss":0,"event_name":"Living Wall","floor":2,"gold_loss":0,"cards_upgraded":["Armaments"]},{"damage_healed":0,"gold_gain":0,"player_choice":"Relic","damage_taken":0,"max_hp_gain":0,"max_hp_loss":0,"event_name":"Wheel of Change","floor":5,"gold_loss":0},{"cards_removed":["Secret Weapon"],"damage_healed":35,"gold_gain":0,"player_choice":"Offered Rare","damage_taken":0,"max_hp_gain":10,"max_hp_loss":0,"event_name":"Bonfire Elementals","floor":11,"gold_loss":0},{"damage_healed":0,"gold_gain":0,"player_choice":"Upgraded","damage_taken":0,"max_hp_gain":0,"max_hp_loss":0,"event_name":"Upgrade Shrine","floor":19,"gold_loss":0,"cards_upgraded":["True Grit"]},{"damage_healed":0,"gold_gain":0,"player_choice":"Obtained Book","damage_taken":21,"max_hp_gain":0,"max_hp_loss":0,"event_name":"Cursed Tome","floor":22,"gold_loss":0},{"damage_healed":21,"gold_gain":0,"player_choice":"Writhe","damage_taken":0,"max_hp_gain":0,"max_hp_loss":0,"event_name":"Winding Halls","floor":39,"gold_loss":0,"cards_obtained":["Writhe"]},{"damage_healed":0,"gold_gain":0,"cards_transformed":["Strike_R"],"player_choice":"Transformed","damage_taken":0,"max_hp_gain":0,"max_hp_loss":0,"event_name":"Transmorgrifier","floor":46,"gold_loss":0,"cards_obtained":["Twin Strike"]}],"is_beta":true,"boss_relics":[{"not_picked":["Black Star","White Beast Statue"],"picked":"Philosopher\u0027s Stone"},{"not_picked":["Runic Pyramid","Black Blood"],"picked":"Cursed Key"}],"items_purged_floors":[21],"is_endless":false,"potions_floor_spawned":[1,8,16,20,29,30,40,44,47,48],"killed_by":"Awakened One","ascension_level":15}