{"gold_per_floor":[112,122,272,290,9,9,39,39,62,92,15,27,27,27,27,100,100,112,4,18,18],"floor_reached":21,"playtime":657,"items_purged":["Doubt","Strike_R"],"score":327,"play_id":"e2fbaf22-3333-4632-89ac-b7d40f60a96e","local_time":"20190814201638","is_ascension_mode":true,"campfire_choices":[{"data":"Rampage","floor":6,"key":"SMITH"},{"data":"Bash","floor":8,"key":"SMITH"},{"data":"Spot Weakness","floor":13,"key":"SMITH"},{"floor":15,"key":"REST"}],"neow_cost":"NONE","seed_source_timestamp":1642636579591,"circlet_count":0,"master_deck":["AscendersBane","Strike_R","Strike_R","Strike_R","Strike_R","Defend_R","Defend_R","Defend_R","Defend_R","Bash+1","Clothesline+1","Rampage+1","Whirlwind+1","Spot Weakness+1","Shrug It Off","Decay","Injury","Pain","Shrug It Off","Feel No Pain","Disarm"],"relics":["Burning Blood","Membership Card","PreservedInsect","Dream Catcher","Ancient Tea Set","Blue Candle","Calling Bell","Blood Vial","Letter Opener","Dead Branch"],"potions_floor_usage":[10,18],"damage_taken":[{"damage":0,"enemies":"2 Louse","floor":1,"turns":4},{"damage":11,"enemies":"Jaw Worm","floor":2,"turns":4},{"damage":3,"enemies":"Cultist","floor":4,"turns":4},{"damage":20,"enemies":"Lagavulin","floor":7,"turns":6},{"damage":40,"enemies":"3 Sentries","floor":10,"turns":9},{"damage":7,"enemies":"Looter","floor":12,"turns":4},{"damage":28,"enemies":"Hexaghost","floor":16,"turns":8},{"damage":21,"enemies":"Shell Parasite","floor":18,"turns":7},{"damage":25,"enemies":"3 Byrds","floor":20,"turns":5},{"damage":35,"enemies":"3 Cultists","floor":21,"turns":4}],"seed_played":"900934567948423488","potions_obtained":[{"floor":4,"key":"Energy Potion"},{"floor":12,"key":"Weak Potion"}],"is_trial":false,"path_per_floor":["M","M","?","M","$","R","E","R","T","E","$","M","R","?","R","B",null,"M","$","M","M"],"character_chosen":"IRONCLAD","items_purchased":["Membership Card","PreservedInsect","Spot Weakness","Feel No Pain","Disarm"],"campfire_rested":1,"item_purchase_floors":[5,5,11,19,19],"current_hp_per_floor":[81,76,76,79,79,79,65,65,65,31,31,30,30,5,29,7,63,50,50,33,0],"gold":18,"neow_bonus":"TEN_PERCENT_HP_BONUS","is_prod":false,"is_daily":false,"chose_seed":false,"campfire_upgraded":3,"win_rate":0,"timestamp":1565828198,"path_taken":["M","M","?","M","$","R","E","R","T","E","$","M","R","?","R","BOSS","M","$","M","M"],"build_version":"2019-07-17","purchased_purges":2,"victory":false,"max_hp_per_floor":[82,82,82,82,82,82,82,82,82,82,82,82,82,82,82,82,82,82,82,82,82],"card_choices":[{"not_picked":["Blood for Blood","Second Wind"],"picked":"Clothesline","floor":1},{"not_picked":["Sword Boomerang","Clothesline","Body Slam"],"picked":"SKIP","floor":2},{"not_picked":["Heavy Blade","Rupture"],"picked":"Rampage","floor":4},{"not_picked":["Wild Strike","Dual Wield","Heavy Blade"],"picked":"SKIP","floor":7},{"not_picked":["Headbutt","Uppercut"],"picked":"Whirlwind","floor":10},{"not_picked":["Havoc","Clothesline"],"picked":"Shrug It Off","floor":12},{"not_picked":["Armaments","Carnage"],"picked":"Shrug It Off","floor":18},{"not_picked":["Clothesline","Whirlwind","Pommel Strike"],"picked":"SKIP","floor":20}],"player_experience":2683512,"relics_obtained":[{"floor":7,"key":"Dream Catcher"},{"floor":9,"key":"Ancient Tea Set"},{"floor":10,"key":"Blue Candle"},{"floor":17,"key":"Blood Vial"},{"floor":17,"key":"Letter Opener"},{"floor":17,"key":"Dead Branch"}],"event_choices":[{"damage_healed":0,"gold_gain":150,"player_choice":"AGREE","damage_taken":0,"max_hp_gain":0,"max_hp_loss":0,"event_name":"Liars Game","floor":3,"gold_loss":0,"cards_obtained":["Doubt"]},{"damage_healed":0,"gold_gain":0,"player_choice":"Entered Light","damage_taken":25,"max_hp_gain":0,"max_hp_loss":0,"event_name":"Shining Light","floor":14,"gold_loss":0,"cards_upgraded":["Whirlwind","Clothesline"]}],"is_beta":false,"boss_relics":[{"not_picked":["Mark of Pain","Fusion Hammer"],"picked":"Calling Bell"}],"items_purged_floors":[11,19],"is_endless":false,"potions_floor_spawned":[4,12],"killed_by":"3 Cultists","ascension_level":15}