{"gold_per_floor":[116,131,131,54,73,73,173,173,173,198,210,226,36,47,47,144,144,156,139,154,172,172,172,197,197,197,225,225,225,225,235,235,235],"floor_reached":33,"playtime":4177,"items_purged":["Strike_G"],"score":409,"play_id":"822ac669-253a-42b5-89be-8faae1562a77","local_time":"20191007000646","is_ascension_mode":true,"campfire_choices":[{"data":"Noxious Fumes","floor":6,"key":"SMITH"},{"data":"Neutralize","floor":8,"key":"SMITH"},{"floor":15,"key":"REST"},{"floor":23,"key":"REST"},{"data":"Phantasmal Killer","floor":25,"key":"SMITH"},{"floor":28,"key":"REST"},{"data":"Blur","floor":32,"key":"SMITH"}],"neow_cost":"TEN_PERCENT_HP_LOSS","seed_source_timestamp":301141118113988,"circlet_count":0,"master_deck":["Defend_G","Defend_G","Defend_G","Defend_G","Defend_G","Survivor","Neutralize+1","Poisoned Stab","Noxious Fumes+1","PiercingWail","Blur+1","Noxious Fumes","Phantasmal Killer+1","Infinite Blades","Blur","Unload","Well Laid Plans+1","Backflip+1","Noxious Fumes+1","Quick Slash+1","Bite","Bite","Bite","Bite","Bite","Burst","Outmaneuver+1","PiercingWail+1"],"relics":["Ring of the Snake","Nunchaku","Torii","Shuriken","Ginger","Velvet Choker","Blood Vial","Meat on the Bone","Bag of Marbles"],"potions_floor_usage":[12,14,18,19,24,24,27,30],"damage_taken":[{"damage":5,"enemies":"Small Slimes","floor":1,"turns":5},{"damage":0,"enemies":"Cultist","floor":2,"turns":3},{"damage":7,"enemies":"2 Louse","floor":5,"turns":3},{"damage":35,"enemies":"Gremlin Nob","floor":10,"turns":5},{"damage":2,"enemies":"Looter","floor":11,"turns":3},{"damage":0,"enemies":"Blue Slaver","floor":12,"turns":3},{"damage":0,"enemies":"2 Fungi Beasts","floor":14,"turns":4},{"damage":20,"enemies":"Slime Boss","floor":16,"turns":10},{"damage":4,"enemies":"3 Byrds","floor":18,"turns":5},{"damage":7,"enemies":"2 Thieves","floor":19,"turns":4},{"damage":6,"enemies":"Snake Plant","floor":20,"turns":4},{"damage":12,"enemies":"Centurion and Healer","floor":21,"turns":6},{"damage":12,"enemies":"Book of Stabbing","floor":24,"turns":6},{"damage":44,"enemies":"Gremlin Leader","floor":27,"turns":6},{"damage":35,"enemies":"Book of Stabbing","floor":30,"turns":6},{"damage":9,"enemies":"Snecko","floor":31,"turns":7},{"damage":62,"enemies":"Collector","floor":33,"turns":6}],"seed_played":"7189761698573650761","potions_obtained":[{"floor":5,"key":"SmokeBomb"},{"floor":10,"key":"Fire Potion"},{"floor":14,"key":"Weak Potion"},{"floor":16,"key":"SkillPotion"},{"floor":18,"key":"Fire Potion"},{"floor":21,"key":"EssenceOfSteel"},{"floor":24,"key":"Swift Potion"}],"is_trial":false,"path_per_floor":["M","M","?","$","M","R","?","R","T","E","M","M","$","M","R","B",null,"M","M","M","M","?","R","E","R","T","E","R","?","E","M","R","B"],"character_chosen":"THE_SILENT","items_purchased":["Noxious Fumes","Regen Potion","Infinite Blades"],"campfire_rested":3,"item_purchase_floors":[4,13,13],"current_hp_per_floor":[58,58,46,46,39,39,39,39,39,4,2,2,2,16,34,14,51,47,40,34,22,22,35,39,39,39,19,32,32,21,30,30,0],"gold":235,"neow_bonus":"ONE_RARE_RELIC","is_prod":false,"is_daily":false,"chose_seed":false,"campfire_upgraded":4,"win_rate":0,"timestamp":1570421206,"path_taken":["M","M","?","$","M","R","?","R","T","E","M","?","$","?","R","BOSS","M","M","M","M","?","R","E","R","T","E","R","?","E","M","R","BOSS"],"build_version":"2019-07-17","purchased_purges":1,"victory":false,"max_hp_per_floor":[63,63,63,63,63,63,63,63,63,63,63,63,63,63,63,63,63,63,63,63,63,44,44,44,44,44,44,44,44,44,44,44,44],"card_choices":[{"not_picked":["Cloak And Dagger","Acrobatics"],"picked":"Poisoned Stab","floor":1},{"not_picked":["Concentrate","Underhanded Strike","Deflect"],"picked":"SKIP","floor":2},{"not_picked":["Bane","Cloak And Dagger"],"picked":"PiercingWail","floor":5},{"not_picked":["Deadly Poison","Flying Knee"],"picked":"Blur","floor":10},{"not_picked":["Dagger Throw","Concentrate"],"picked":"Noxious Fumes","floor":11},{"not_picked":["Blade Dance","Underhanded Strike"],"picked":"Phantasmal Killer","floor":12},{"not_picked":["Tactician","Reflex"],"picked":"Blur","floor":14},{"not_picked":["Phantasmal Killer","Tools of the Trade"],"picked":"Unload","floor":16},{"not_picked":["Deflect","Dagger Spray"],"picked":"Well Laid Plans+1","floor":18},{"not_picked":["Bane","Quick Slash"],"picked":"Backflip+1","floor":19},{"not_picked":["Distraction","Dagger Spray+1"],"picked":"Noxious Fumes+1","floor":20},{"not_picked":["Slice","Acrobatics"],"picked":"Quick Slash+1","floor":21},{"not_picked":["Cloak And Dagger","Quick Slash+1"],"picked":"Burst","floor":24},{"not_picked":["Reflex","Well Laid Plans"],"picked":"Outmaneuver+1","floor":27},{"not_picked":["Envenom","Reflex"],"picked":"PiercingWail+1","floor":31}],"player_experience":464345,"relics_obtained":[{"floor":9,"key":"Shuriken"},{"floor":10,"key":"Ginger"},{"floor":24,"key":"Blood Vial"},{"floor":26,"key":"Meat on the Bone"},{"floor":27,"key":"Bag of Marbles"}],"event_choices":[{"damage_healed":0,"gold_gain":0,"player_choice":"Success","damage_taken":12,"relics_obtained":["Torii"],"max_hp_gain":0,"max_hp_loss":0,"event_name":"Scrap Ooze","floor":3,"gold_loss":0},{"damage_healed":0,"gold_gain":100,"player_choice":"Pray","damage_taken":0,"max_hp_gain":0,"max_hp_loss":0,"event_name":"Golden Shrine","floor":7,"gold_loss":0},{"damage_healed":0,"gold_gain":0,"player_choice":"Became a vampire","damage_taken":0,"max_hp_gain":0,"max_hp_loss":19,"event_name":"Vampires","floor":22,"gold_loss":0,"cards_obtained":["Bite","Bite","Bite","Bite","Bite"]},{"damage_healed":0,"gold_gain":0,"player_choice":"Ignored","damage_taken":0,"max_hp_gain":0,"max_hp_loss":0,"event_name":"The Mausoleum","floor":29,"gold_loss":0}],"is_beta":false,"boss_relics":[{"not_picked":["Fusion Hammer","HoveringKite"],"picked":"Velvet Choker"}],"items_purged_floors":[13],"is_endless":false,"potions_floor_spawned":[5,10,14,16,18,21,24,30],"killed_by":"Collector","ascension_level":5}