{"gold_per_floor":[116,133,83,95,112,112,59,75,155,188,188,198,224,243,243,338,338,356,356,281,42,53,53,53,66,66,66,95,95,105,117,117,117],"floor_reached":33,"playtime":5221,"items_purged":[],"score":321,"play_id":"ab6d841b-d5fe-4658-aa66-a93241782235","local_time":"20191003221327","is_ascension_mode":true,"campfire_choices":[{"data":"Whirlwind","floor":6.0,"key":"SMITH"},{"data":"Armaments","floor":15.0,"key":"SMITH"},{"data":"RitualDagger","floor":23,"key":"SMITH"},{"data":"Barricade","floor":27,"key":"SMITH"},{"floor":32,"key":"REST"}],"neow_cost":"NONE","seed_source_timestamp":0,"circlet_count":0,"master_deck":["Strike_R","Strike_R","Defend_R","Defend_R","Defend_R","Defend_R","Bash","Exhume","Intimidate","Whirlwind+1","Metallicize","Flex","Armaments+1","Anger","Shrug It Off","Barricade+1","Headbutt","Juggernaut","Flame Barrier","RitualDagger+1","J.A.X.","Headbutt","Body Slam+1","Feel No Pain"],"special_seed":0,"relics":["Burning Blood","Kunai","Magic Flower","Potion Belt","Mark of Pain","Singing Bowl","Ornamental Fan","Red Skull","NlothsMask"],"potions_floor_usage":[28,28,33,33,33],"damage_taken":[{"damage":6.0,"enemies":"Cultist","floor":1.0,"turns":3.0},{"damage":9.0,"enemies":"2 Louse","floor":2.0,"turns":3.0},{"damage":0.0,"enemies":"Small Slimes","floor":4.0,"turns":3.0},{"damage":4.0,"enemies":"2 Fungi Beasts","floor":5.0,"turns":4.0},{"damage":7.0,"enemies":"Red Slaver","floor":8.0,"turns":6.0},{"damage":30.0,"enemies":"Gremlin Nob","floor":10.0,"turns":5.0},{"damage":0.0,"enemies":"3 Louse","floor":12.0,"turns":1.0},{"damage":23.0,"enemies":"3 Sentries","floor":13.0,"turns":6.0},{"damage":0.0,"enemies":"Large Slime","floor":14.0,"turns":6.0},{"damage":11.0,"enemies":"Slime Boss","floor":16.0,"turns":12.0},{"damage":12,"enemies":"Shell Parasite","floor":18,"turns":5},{"damage":3,"enemies":"Chosen","floor":22,"turns":7},{"damage":33,"enemies":"3 Cultists","floor":25,"turns":5},{"damage":70,"enemies":"Book of Stabbing","floor":28,"turns":8},{"damage":5,"enemies":"Centurion and Healer","floor":30,"turns":7},{"damage":10,"enemies":"Chosen and Byrds","floor":31,"turns":5},{"damage":76,"enemies":"Automaton","floor":33,"turns":6}],"seed_played":"-7063579232551833569","potions_obtained":[{"floor":1.0,"key":"EssenceOfSteel"},{"floor":5.0,"key":"FearPotion"},{"floor":13.0,"key":"Weak Potion"},{"floor":14.0,"key":"BloodPotion"},{"floor":18,"key":"SteroidPotion"},{"floor":28,"key":"Weak Potion"},{"floor":30,"key":"Ancient Potion"}],"is_trial":false,"path_per_floor":["M","M","?","M","M","R","$","M","T","E","?","M","E","M","R","B",null,"M","?","?","$","M","R","?","M","T","R","E","?","M","M","R","B"],"character_chosen":"IRONCLAD","items_purchased":["Armaments","Singing Bowl"],"campfire_rested":1,"item_purchase_floors":[7,21],"current_hp_per_floor":[80,77,77,80,80,80,80,79,79,55,48,57,43,52,52,50,80,77,71,71,71,79,79,79,57,57,57,28,28,32,31,56,0],"gold":117,"neow_bonus":"ONE_RANDOM_RARE_CARD","is_prod":false,"is_daily":false,"chose_seed":false,"campfire_upgraded":4,"win_rate":0,"timestamp":1570155207,"path_taken":["M","M","?","M","M","R","$","M","T","E","?","M","E","M","R","BOSS","M","?","?","$","M","R","?","M","T","R","E","?","M","M","R","BOSS"],"build_version":"2019-07-17","purchased_purges":0,"victory":false,"max_hp_per_floor":[80,80,80,80,80,80,80,80,80,80,80,80,80,80,80,80,80,80,80,80,80,82,82,82,84,84,84,84,84,84,84,84,84],"card_choices":[{"not_picked":["Reckless Charge","Pommel Strike"],"picked":"Intimidate","floor":1.0},{"not_picked":["Twin Strike","Clothesline"],"picked":"Whirlwind","floor":2.0},{"not_picked":["Uppercut","Twin Strike"],"picked":"Metallicize","floor":4.0},{"not_picked":["Clothesline","Body Slam"],"picked":"Flex","floor":5.0},{"not_picked":["Evolve","Clothesline"],"picked":"Anger","floor":8.0},{"not_picked":["Flex","Combust"],"picked":"Shrug It Off","floor":10.0},{"not_picked":["Wild Strike","Clothesline","Cleave"],"picked":"SKIP","floor":12.0},{"not_picked":["Dual Wield","Twin Strike"],"picked":"Barricade","floor":13.0},{"not_picked":["Shrug It Off","Fire Breathing"],"picked":"Headbutt","floor":14.0},{"not_picked":["Dark Embrace","Feed"],"picked":"Juggernaut","floor":16.0},{"not_picked":["Seeing Red","Clothesline+1"],"picked":"Flame Barrier","floor":18},{"not_picked":["Clash","Pummel","Intimidate"],"picked":"Singing Bowl","floor":22},{"not_picked":["Wild Strike+1","Whirlwind","Shockwave"],"picked":"Singing Bowl","floor":25},{"not_picked":["Clash","Flex"],"picked":"Headbutt","floor":28},{"not_picked":["Flex","Reckless Charge"],"picked":"Body Slam+1","floor":30},{"not_picked":["Ghostly Armor","Perfected Strike"],"picked":"Feel No Pain","floor":31}],"player_experience":423966,"relics_obtained":[{"floor":9.0,"key":"Kunai"},{"floor":10.0,"key":"Magic Flower"},{"floor":13.0,"key":"Potion Belt"},{"floor":26,"key":"Ornamental Fan"},{"floor":28,"key":"Red Skull"}],"event_choices":[{"cards_removed":["Strike_R"],"damage_healed":0.0,"max_hp_gain":0.0,"max_hp_loss":0.0,"gold_gain":0.0,"event_name":"The Cleric","player_choice":"Card Removal","floor":3.0,"gold_loss":50.0,"damage_taken":0.0},{"cards_removed":["Strike_R"],"damage_healed":0.0,"max_hp_gain":0.0,"max_hp_loss":0.0,"gold_gain":0.0,"event_name":"Golden Wing","player_choice":"Card Removal","floor":11.0,"gold_loss":0.0,"damage_taken":7.0},{"damage_healed":0,"gold_gain":0,"player_choice":"Joined the Cult","damage_taken":6,"max_hp_gain":0,"max_hp_loss":0,"event_name":"Nest","floor":19,"gold_loss":0,"cards_obtained":["RitualDagger"]},{"cards_removed":["Strike_R"],"damage_healed":0,"gold_gain":0,"player_choice":"Gave Gold","damage_taken":0,"max_hp_gain":0,"max_hp_loss":0,"event_name":"Beggar","floor":20,"gold_loss":75},{"damage_healed":0,"gold_gain":0,"player_choice":"Obtain J.A.X.","damage_taken":0,"max_hp_gain":0,"max_hp_loss":0,"event_name":"Drug Dealer","floor":24,"gold_loss":0,"cards_obtained":["J.A.X."]},{"damage_healed":0,"gold_gain":0,"player_choice":"Trade","damage_taken":0,"relics_obtained":["NlothsMask"],"max_hp_gain":0,"max_hp_loss":0,"event_name":"FaceTrader","floor":29,"gold_loss":0}],"is_beta":false,"boss_relics":[{"not_picked":["Lizard Tail","Empty Cage"],"picked":"Mark of Pain"}],"items_purged_floors":[],"is_endless":false,"potions_floor_spawned":[1,5,13,14,18,28,30],"killed_by":"Automaton","ascension_level":3}