{"gold_per_floor":[112,212,222,237,237,237,268,268,321,321,340,340,43,73,73,169,169,184,184,17,36,71,104,104,115,115,115,18,18,18,31,31,128,128,140,140,160,1,48,48,48,48,128,128],"floor_reached":44,"playtime":5305,"items_purged":[],"score":477,"play_id":"f3c47bd7-4daa-4d8f-b47d-07f942f91107","local_time":"20191016004050","is_ascension_mode":true,"campfire_choices":[{"data":"Machine Learning","floor":6.0,"key":"SMITH"},{"data":"Reinforced Body","floor":8.0,"key":"SMITH"},{"data":"Tempest","floor":10.0,"key":"SMITH"},{"data":"Zap","floor":15.0,"key":"SMITH"},{"floor":24.0,"key":"REST"},{"floor":27.0,"key":"REST"},{"data":"Genetic Algorithm","floor":32.0,"key":"SMITH"},{"floor":40.0,"key":"REST"},{"data":"Regret","floor":42.0,"key":"PURGE"}],"neow_cost":"NONE","seed_source_timestamp":48533780258600,"circlet_count":0,"master_deck":["Strike_B","Strike_B","Strike_B","Defend_B","Defend_B","Defend_B","Defend_B","Zap+1","Dualcast","Cold Snap","Reinforced Body+1","Machine Learning+1","Tempest+1","Turbo+1","Trip","Doom and Gloom","Meteor Strike","Rebound","Leap","Glacier","Beam Cell","Genetic Algorithm+1","Conserve Battery","Rebound+1","Reboot","Decay","Self Repair+1","Force Field+1","Coolheaded","Scrape","BootSequence","Compile Driver+1"],"special_seed":0,"relics":["Cracked Core","Omamori","Juzu Bracelet","Lee\u0027s Waffle","Centennial Puzzle","Nuclear Battery","Anchor","Red Mask","Pear","Question Card","WarpedTongs","Calling Bell","Vajra","Frozen Egg 2","Peace Pipe","Prayer Wheel","Ornamental Fan"],"potions_floor_usage":[44],"damage_taken":[{"damage":0.0,"enemies":"Small Slimes","floor":1.0,"turns":3.0},{"damage":0.0,"enemies":"Cultist","floor":3.0,"turns":3.0},{"damage":1.0,"enemies":"Jaw Worm","floor":4.0,"turns":3.0},{"damage":6.0,"enemies":"Lagavulin","floor":7.0,"turns":14.0},{"damage":20.0,"enemies":"Gremlin Gang","floor":11.0,"turns":6.0},{"damage":11.0,"enemies":"3 Sentries","floor":14.0,"turns":7.0},{"damage":27.0,"enemies":"Slime Boss","floor":16.0,"turns":8.0},{"damage":7.0,"enemies":"Shell Parasite","floor":18.0,"turns":3.0},{"damage":0.0,"enemies":"3 Byrds","floor":21.0,"turns":3.0},{"damage":4.0,"enemies":"Masked Bandits","floor":22.0,"turns":5.0},{"damage":18.0,"enemies":"Slavers","floor":23.0,"turns":6.0},{"damage":7.0,"enemies":"Centurion and Healer","floor":25.0,"turns":4.0},{"damage":11.0,"enemies":"Shelled Parasite and Fungi","floor":31.0,"turns":8.0},{"damage":93.0,"enemies":"Automaton","floor":33.0,"turns":14.0},{"damage":22.0,"enemies":"3 Shapes","floor":35.0,"turns":6.0},{"damage":2.0,"enemies":"Orb Walker","floor":37.0,"turns":3.0},{"damage":38.0,"enemies":"2 Orb Walkers","floor":39.0,"turns":5.0},{"damage":104,"enemies":"Giant Head","floor":44,"turns":10}],"seed_played":"-4339953732390100220","potions_obtained":[{"floor":4.0,"key":"PowerPotion"},{"floor":7.0,"key":"SpeedPotion"},{"floor":30.0,"key":"EssenceOfSteel"},{"floor":30.0,"key":"Weak Potion"},{"floor":30.0,"key":"Weak Potion"},{"floor":31.0,"key":"SteroidPotion"},{"floor":33.0,"key":"FearPotion"},{"floor":35.0,"key":"Energy Potion"}],"is_trial":false,"path_per_floor":["M","?","M","M","?","R","E","R","T","R","M","?","$","E","R","B",null,"M","?","$","M","?","E","R","M","T","R","$","?","?","M","R","B",null,"M","?","M","$","?","R","?","R","T","E"],"character_chosen":"DEFECT","items_purchased":["Trip","Lee\u0027s Waffle","Leap","Anchor","Bandage Up","Coolheaded","Scrape","BootSequence"],"campfire_rested":3,"item_purchase_floors":[13,13,20,20,28,38,38,38],"current_hp_per_floor":[82,82,82,81,81,81,75,75,75,75,55,55,89,78,78,51,89,82,65,65,65,61,53,84,77,77,104,104,104,104,97,97,8,104,85,104,104,104,76,104,104,104,104,0],"gold":128,"neow_bonus":"TEN_PERCENT_HP_BONUS","is_prod":false,"is_daily":false,"chose_seed":false,"campfire_upgraded":5,"win_rate":0,"timestamp":1571200850,"path_taken":["M","?","M","?","?","R","E","R","T","R","M","?","?","E","R","BOSS","M","?","$","M","?","E","R","M","T","R","$","?","?","M","R","BOSS","M","?","M","$","?","R","?","R","T","E"],"build_version":"2019-07-17","purchased_purges":0,"victory":false,"max_hp_per_floor":[82,82,82,82,82,82,82,82,82,82,82,82,89,89,89,89,89,89,94,94,94,94,104,104,104,104,104,104,104,104,104,104,104,104,104,104,104,104,104,104,104,104,104,104],"card_choices":[{"not_picked":["Gash","Ball Lightning"],"picked":"Cold Snap","floor":1.0},{"not_picked":["Scrape","Streamline"],"picked":"Reinforced Body","floor":3.0},{"not_picked":["Ball Lightning","Stack"],"picked":"Machine Learning","floor":4.0},{"not_picked":["Stack","Beam Cell"],"picked":"Tempest","floor":7.0},{"not_picked":["Compile Driver","Streamline"],"picked":"Turbo","floor":11.0},{"not_picked":["Rip and Tear","Gash"],"picked":"Doom and Gloom","floor":14.0},{"not_picked":["Biased Cognition","Reboot"],"picked":"Meteor Strike","floor":16.0},{"not_picked":["Streamline","Redo"],"picked":"Rebound","floor":18.0},{"not_picked":["BootSequence","Redo+1"],"picked":"Glacier","floor":21.0},{"not_picked":["Sweeping Beam+1","Gash"],"picked":"Beam Cell","floor":22.0},{"not_picked":["Darkness","Sunder"],"picked":"Genetic Algorithm","floor":23.0},{"not_picked":["Melter","Heatsinks"],"picked":"Conserve Battery","floor":25.0},{"not_picked":["Reinforced Body","Conserve Battery","Glacier"],"picked":"Rebound+1","floor":31.0},{"not_picked":["Amplify","Multi-Cast","Machine Learning"],"picked":"Reboot","floor":33.0},{"not_picked":["Rebound+1","BootSequence","Consume"],"picked":"Self Repair+1","floor":35.0},{"not_picked":["Melter+1","Undo","BootSequence+1"],"picked":"Force Field+1","floor":37.0},{"not_picked":["Coolheaded","BootSequence+1","Doom and Gloom+1"],"picked":"Compile Driver+1","floor":39.0}],"player_experience":86592,"relics_obtained":[{"floor":7.0,"key":"Omamori"},{"floor":9.0,"key":"Juzu Bracelet"},{"floor":14.0,"key":"Centennial Puzzle"},{"floor":22.0,"key":"Red Mask"},{"floor":23.0,"key":"Pear"},{"floor":26.0,"key":"Question Card"},{"floor":34.0,"key":"Vajra"},{"floor":34.0,"key":"Frozen Egg 2"},{"floor":34.0,"key":"Peace Pipe"},{"floor":39.0,"key":"Prayer Wheel"},{"floor":43.0,"key":"Ornamental Fan"}],"event_choices":[{"damage_healed":0.0,"max_hp_gain":0.0,"max_hp_loss":0.0,"gold_gain":100.0,"event_name":"Wheel of Change","player_choice":"Gold","floor":2.0,"gold_loss":0.0,"damage_taken":0.0},{"cards_removed":["Strike_B"],"damage_healed":0.0,"max_hp_gain":0.0,"max_hp_loss":0.0,"gold_gain":0.0,"event_name":"Purifier","player_choice":"Purged","floor":5.0,"gold_loss":0.0,"damage_taken":0.0},{"damage_healed":0.0,"max_hp_gain":0.0,"max_hp_loss":0.0,"gold_gain":0.0,"event_name":"Upgrade Shrine","player_choice":"Upgraded","floor":12.0,"gold_loss":0.0,"damage_taken":0.0,"cards_upgraded":["Turbo"]},{"damage_healed":0.0,"max_hp_gain":5.0,"max_hp_loss":0.0,"gold_gain":0.0,"event_name":"Forgotten Altar","player_choice":"Shed Blood","floor":19.0,"gold_loss":0.0,"damage_taken":22.0},{"damage_healed":0.0,"max_hp_gain":0.0,"max_hp_loss":0.0,"gold_gain":0.0,"event_name":"Masked Bandits","player_choice":"Fought Bandits","floor":22.0,"gold_loss":0.0,"damage_taken":0.0},{"damage_healed":0.0,"max_hp_gain":0.0,"max_hp_loss":0.0,"gold_gain":0.0,"event_name":"Accursed Blacksmith","player_choice":"Rummage","floor":29.0,"gold_loss":0.0,"damage_taken":0.0,"relics_obtained":["WarpedTongs"],"cards_obtained":["Pain"]},{"damage_healed":0.0,"max_hp_gain":0.0,"max_hp_loss":0.0,"gold_gain":0.0,"event_name":"Lab","player_choice":"Got Potions","floor":30.0,"gold_loss":0.0,"damage_taken":0.0},{"damage_healed":19.0,"max_hp_gain":0.0,"max_hp_loss":0.0,"gold_gain":0.0,"event_name":"Wheel of Change","player_choice":"Full Heal","floor":36.0,"gold_loss":0.0,"damage_taken":0.0},{"damage_healed":0.0,"max_hp_gain":0.0,"max_hp_loss":0.0,"gold_gain":0.0,"event_name":"Mysterious Sphere","player_choice":"Fight","floor":39.0,"gold_loss":0.0,"damage_taken":0.0},{"cards_removed":["Bandage Up"],"damage_healed":0.0,"max_hp_gain":0.0,"max_hp_loss":0.0,"gold_gain":0.0,"event_name":"Falling","player_choice":"Removed Skill","floor":41.0,"gold_loss":0.0,"damage_taken":0.0}],"is_beta":false,"boss_relics":[{"not_picked":["Tiny House","Snecko Eye"],"picked":"Nuclear Battery"},{"not_picked":["Sozu","FrozenCore"],"picked":"Calling Bell"}],"items_purged_floors":[],"is_endless":false,"potions_floor_spawned":[4,7,31,33,35,37],"killed_by":"Giant Head","ascension_level":1}