{"gold_per_floor":[115,115,115,125,125,160,160,178,203,203,217,392,415,429,429,548,548,567,567,567,582,582,622,55,90,90,215,215,229,229,249,249,379,379,400,413,437,437,33,33,49,83,133,133,133,171,196,230,230,230],"floor_reached":51,"playtime":9140,"items_purged":[],"score":899,"play_id":"7a2e33c8-2e16-462c-b846-6b494d88f037","local_time":"20191015214440","is_ascension_mode":false,"campfire_choices":[{"floor":7.0,"key":"REST"},{"floor":10.0,"key":"REST"},{"data":"Immolate","floor":15.0,"key":"SMITH"},{"data":"1","floor":28.0,"key":"LIFT"},{"data":"2","floor":30.0,"key":"LIFT"},{"data":"3","floor":32.0,"key":"LIFT"},{"data":"Armaments","floor":40.0,"key":"SMITH"},{"data":"Bandage Up","floor":45.0,"key":"SMITH"},{"data":"Spot Weakness","floor":49.0,"key":"SMITH"}],"neow_cost":"NONE","seed_source_timestamp":0,"circlet_count":0,"master_deck":["Strike_R+1","Strike_R+1","Strike_R+1","Strike_R+1","Defend_R+1","Defend_R+1","Defend_R+1","Defend_R+1","Bash+1","Flame Barrier","Immolate+1","Pommel Strike","Pummel","Seeing Red","Rage","Armaments+1","Thunderclap","Double Tap","Perfected Strike+1","Anger+1","Ghostly","Ghostly","Ghostly","Ghostly","Ghostly+1","Demon Form","Impervious","Good Instincts","Carnage","Feel No Pain","Warcry","Intimidate+1","Shockwave","Body Slam+1","Ghostly Armor+1","Feed","Inflame+1","Flex","Heavy Blade+1","Chrysalis","Corruption+1","Flex","Metallicize+1","Clash+1","Bandage Up+1","Metamorphosis","Spot Weakness+1","Uppercut+1","Headbutt+1"],"special_seed":0,"relics":["Burning Blood","Golden Idol","Pen Nib","Bronze Scales","Eternal Feather","Spirit Poop","Question Card","Blood Vial","Happy Flower","Orichalcum","Girya","Frozen Egg 2","Lizard Tail","Membership Card","Tiny Chest","War Paint","Centennial Puzzle","Potion Belt","Oddly Smooth Stone"],"potions_floor_usage":[50],"damage_taken":[{"damage":2.0,"enemies":"Small Slimes","floor":1.0,"turns":4.0},{"damage":1.0,"enemies":"Jaw Worm","floor":4.0,"turns":4.0},{"damage":44.0,"enemies":"Gremlin Nob","floor":6.0,"turns":5.0},{"damage":0.0,"enemies":"2 Louse","floor":8.0,"turns":2.0},{"damage":0.0,"enemies":"2 Fungi Beasts","floor":11.0,"turns":3.0},{"damage":1.0,"enemies":"Exordium Wildlife","floor":13.0,"turns":5.0},{"damage":1.0,"enemies":"3 Louse","floor":14.0,"turns":3.0},{"damage":60.0,"enemies":"The Guardian","floor":16.0,"turns":14.0},{"damage":3.0,"enemies":"Shell Parasite","floor":18.0,"turns":7.0},{"damage":0.0,"enemies":"2 Thieves","floor":21.0,"turns":3.0},{"damage":10.0,"enemies":"Book of Stabbing","floor":23.0,"turns":6.0},{"damage":0.0,"enemies":"Gremlin Leader","floor":25.0,"turns":7.0},{"damage":0.0,"enemies":"Colosseum Slavers","floor":27.0,"turns":5.0},{"damage":25.0,"enemies":"Colosseum Nobs","floor":27.0,"turns":4.0},{"damage":0.0,"enemies":"Centurion and Healer","floor":29.0,"turns":3.0},{"damage":0.0,"enemies":"Sentry and Sphere","floor":31.0,"turns":6.0},{"damage":0.0,"enemies":"Automaton","floor":33.0,"turns":10.0},{"damage":1.0,"enemies":"3 Shapes","floor":35.0,"turns":3.0},{"damage":0.0,"enemies":"3 Darklings","floor":36.0,"turns":6.0},{"damage":8.0,"enemies":"Spire Growth","floor":37.0,"turns":7.0},{"damage":13.0,"enemies":"Jaw Worm Horde","floor":41.0,"turns":4.0},{"damage":6.0,"enemies":"Giant Head","floor":42.0,"turns":10.0},{"damage":3.0,"enemies":"Reptomancer","floor":46.0,"turns":8.0},{"damage":0.0,"enemies":"Maw","floor":47.0,"turns":8.0},{"damage":6.0,"enemies":"Nemesis","floor":48.0,"turns":5.0},{"damage":56,"enemies":"Time Eater","floor":50,"turns":13}],"seed_played":"1466262801879381526","potions_obtained":[{"floor":1.0,"key":"BloodPotion"},{"floor":4.0,"key":"Block Potion"},{"floor":8.0,"key":"Strength Potion"},{"floor":13.0,"key":"Energy Potion"},{"floor":18.0,"key":"Fire Potion"},{"floor":25.0,"key":"FearPotion"},{"floor":27.0,"key":"AttackPotion"},{"floor":33.0,"key":"EssenceOfSteel"},{"floor":42.0,"key":"SmokeBomb"},{"floor":47.0,"key":"AttackPotion"}],"is_trial":false,"path_per_floor":["M","?","?","M","?","E","R","M","T","R","M","?","M","M","R","B",null,"M","?","?","M","?","E","$","E","T","?","R","M","R","M","R","B",null,"M","M","M","?","$","R","M","E","T","?","R","E","M","E","R","B",null],"character_chosen":"IRONCLAD","items_purchased":["Impervious","Good Instincts","Carnage","Blood Vial","Feel No Pain","Warcry","Membership Card","Tiny Chest","Chrysalis","Corruption+1","Flex"],"campfire_rested":2,"item_purchase_floors":[24,24,24,24,24,24,39,39,39,39,39],"current_hp_per_floor":[80,64,64,69,49,11,35,41,41,65,71,71,76,80,80,26,80,80,80,80,80,40,36,36,40,40,21,39,40,40,40,40,40,40,40,40,38,38,38,40,36,38,38,33,43,43,43,46,46,13],"gold":230,"neow_bonus":"UPGRADE_CARD","is_prod":false,"is_daily":false,"chose_seed":false,"campfire_upgraded":4,"win_rate":0.0,"timestamp":1571190280,"path_taken":["M","?","?","M","?","E","R","M","T","R","M","?","M","?","R","BOSS","M","?","?","?","?","E","$","E","T","?","R","M","R","M","R","BOSS","M","M","M","?","$","R","M","E","T","?","R","E","M","E","R","BOSS"],"build_version":"2019-07-17","purchased_purges":0,"victory":true,"max_hp_per_floor":[80,80,80,80,80,80,80,80,80,80,80,80,80,80,80,80,80,80,80,80,80,40,40,40,40,40,40,40,40,40,40,40,40,40,40,40,40,40,40,40,43,43,43,43,43,43,43,46,46,46],"card_choices":[{"not_picked":["Sever Soul","Rupture"],"picked":"Flame Barrier","floor":1.0},{"not_picked":["Flame Barrier","Entrench"],"picked":"Pommel Strike","floor":4.0},{"not_picked":["Pommel Strike","Corruption"],"picked":"Pummel","floor":6.0},{"not_picked":["Body Slam","Feel No Pain"],"picked":"Seeing Red","floor":8.0},{"not_picked":["Sever Soul","Twin Strike"],"picked":"Rage","floor":11.0},{"not_picked":["Wild Strike","Reckless Charge"],"picked":"Armaments","floor":13.0},{"not_picked":["Perfected Strike","Pommel Strike"],"picked":"Thunderclap","floor":14.0},{"not_picked":["Limit Break","Immolate"],"picked":"Double Tap","floor":16.0},{"not_picked":["Uppercut","Cleave"],"picked":"Perfected Strike+1","floor":18.0},{"not_picked":["Iron Wave","True Grit"],"picked":"Anger+1","floor":21.0},{"not_picked":["Burning Pact+1","Warcry+1"],"picked":"Demon Form","floor":23.0},{"not_picked":["Shrug It Off+1","Body Slam+1","Second Wind+1"],"picked":"Intimidate","floor":25.0},{"not_picked":["Intimidate","Hemokinesis+1","Sword Boomerang"],"picked":"Shockwave","floor":27.0},{"not_picked":["Disarm","Clothesline","Perfected Strike+1"],"picked":"Body Slam+1","floor":29.0},{"not_picked":["Anger","Warcry","Clothesline"],"picked":"Ghostly Armor+1","floor":31.0},{"not_picked":["Reaper","Offering","Juggernaut+1"],"picked":"Feed","floor":33.0},{"not_picked":["Headbutt+1","Heavy Blade+1","Whirlwind"],"picked":"Inflame+1","floor":35.0},{"not_picked":["Sword Boomerang+1","Thunderclap","Clash"],"picked":"Flex","floor":36.0},{"not_picked":["Wild Strike+1","Perfected Strike+1","Rampage+1"],"picked":"Heavy Blade+1","floor":37.0},{"not_picked":["Armaments","Twin Strike","Bludgeon"],"picked":"Metallicize+1","floor":41.0},{"not_picked":["Sword Boomerang","Pummel+1","Body Slam"],"picked":"Clash+1","floor":42.0},{"not_picked":["Finesse","Enlightenment","Jack Of All Trades"],"picked":"Bandage Up","floor":44.0},{"not_picked":["Forethought","Master of Strategy","Chrysalis"],"picked":"Metamorphosis","floor":44.0},{"not_picked":["Sever Soul+1","Rupture+1","Twin Strike+1"],"picked":"Spot Weakness","floor":46.0},{"not_picked":["Warcry","Sword Boomerang","True Grit+1"],"picked":"Uppercut+1","floor":47.0},{"not_picked":["Clothesline+1","Dual Wield","Sever Soul"],"picked":"Headbutt+1","floor":48.0}],"player_experience":76237,"relics_obtained":[{"floor":6.0,"key":"Pen Nib"},{"floor":9.0,"key":"Bronze Scales"},{"floor":23.0,"key":"Question Card"},{"floor":25.0,"key":"Happy Flower"},{"floor":26.0,"key":"Orichalcum"},{"floor":27.0,"key":"Girya"},{"floor":27.0,"key":"Frozen Egg 2"},{"floor":42.0,"key":"War Paint"},{"floor":43.0,"key":"Centennial Puzzle"},{"floor":46.0,"key":"Potion Belt"},{"floor":48.0,"key":"Oddly Smooth Stone"}],"event_choices":[{"damage_healed":0.0,"max_hp_gain":0.0,"max_hp_loss":0.0,"gold_gain":0.0,"event_name":"Shining Light","player_choice":"Entered Light","floor":2.0,"gold_loss":0.0,"damage_taken":16.0,"cards_upgraded":["Strike_R","Strike_R"]},{"damage_healed":0.0,"max_hp_gain":0.0,"max_hp_loss":0.0,"gold_gain":0.0,"cards_transformed":["Strike_R"],"event_name":"Living Wall","player_choice":"Change","floor":3.0,"gold_loss":0.0,"damage_taken":0.0,"cards_obtained":["Immolate"]},{"damage_healed":0.0,"max_hp_gain":0.0,"max_hp_loss":0.0,"gold_gain":0.0,"event_name":"Golden Idol","player_choice":"Take Damage","floor":5.0,"gold_loss":0.0,"damage_taken":20.0,"relics_obtained":["Golden Idol"]},{"damage_healed":0.0,"max_hp_gain":0.0,"max_hp_loss":0.0,"gold_gain":175.0,"event_name":"Liars Game","player_choice":"AGREE","floor":12.0,"gold_loss":0.0,"damage_taken":0.0,"cards_obtained":["Doubt"]},{"damage_healed":0.0,"max_hp_gain":0.0,"max_hp_loss":0.0,"gold_gain":0.0,"event_name":"Back to Basics","player_choice":"Simplicity","floor":19.0,"gold_loss":0.0,"damage_taken":0.0,"cards_upgraded":["Strike_R","Strike_R","Defend_R","Defend_R","Defend_R","Defend_R"]},{"cards_removed":["Doubt"],"damage_healed":0.0,"max_hp_gain":0.0,"max_hp_loss":0.0,"gold_gain":0.0,"event_name":"Bonfire Elementals","player_choice":"Offered Curse","floor":20.0,"gold_loss":0.0,"damage_taken":0.0,"relics_obtained":["Spirit Poop"]},{"damage_healed":0.0,"max_hp_gain":0.0,"max_hp_loss":40.0,"gold_gain":0.0,"event_name":"Ghosts","player_choice":"Became a Ghost","floor":22.0,"gold_loss":0.0,"damage_taken":0.0,"cards_obtained":["Ghostly","Ghostly","Ghostly","Ghostly","Ghostly"]},{"damage_healed":0.0,"max_hp_gain":0.0,"max_hp_loss":0.0,"gold_gain":0.0,"event_name":"Colosseum","player_choice":"Fight","floor":27.0,"gold_loss":0.0,"damage_taken":0.0},{"damage_healed":0.0,"max_hp_gain":0.0,"max_hp_loss":0.0,"gold_gain":0.0,"event_name":"Colosseum","player_choice":"Fought Nobs","floor":27.0,"gold_loss":0.0,"damage_taken":0.0},{"damage_healed":0.0,"max_hp_gain":0.0,"max_hp_loss":0.0,"gold_gain":0.0,"event_name":"Tomb of Lord Red Mask","player_choice":"Ignored","floor":38.0,"gold_loss":0.0,"damage_taken":0.0},{"damage_healed":0.0,"max_hp_gain":0.0,"max_hp_loss":0.0,"gold_gain":0.0,"event_name":"SensoryStone","player_choice":"Memory 2","floor":44.0,"gold_loss":0.0,"damage_taken":5.0}],"is_beta":false,"boss_relics":[{"not_picked":["Empty Cage","Sozu"],"picked":"Eternal Feather"},{"not_picked":["Philosopher\u0027s Stone","Black Star"],"picked":"Lizard Tail"}],"items_purged_floors":[],"is_endless":false,"potions_floor_spawned":[1,4,8,13,18,25,27,27,33,35,42,47],"ascension_level":0}