{"gold_per_floor":[114,130,22,22,39,71,25,39,39,10,27,82,82,96,96,198,198,212,225,238,238,249,249,262,280,305,230,243,243,39,65,65,164,214,226,246,27,44,64,64,64,77,129,129,140,165,3,3],"floor_reached":48,"playtime":10328,"items_purged":[],"score":618,"play_id":"1daafa37-896f-43fc-8806-11007f6e0d35","local_time":"20191016184420","is_ascension_mode":true,"campfire_choices":[{"floor":13.0,"key":"REST"},{"data":"Hologram","floor":15.0,"key":"SMITH"},{"floor":23.0,"key":"REST"},{"floor":29.0,"key":"REST"},{"floor":32.0,"key":"REST"},{"floor":40.0,"key":"REST"},{"floor":44.0,"key":"REST"}],"neow_cost":"NONE","seed_source_timestamp":0,"circlet_count":0,"master_deck":["Strike_B","Strike_B","Defend_B","Defend_B","Defend_B","Defend_B","Zap","Dualcast","Genetic Algorithm+1","Darkness","Consume","Tempest","All For One","Fusion","Defragment","Dark Shackles","Steam","Loop","Steam Power","Coolheaded","Auto Shields","Sunder","Reprogram","Hologram+1","Rainbow","Conserve Battery+1","Darkness+1","Aggregate","BootSequence","Conserve Battery+1","Rebound+1","Barrage","Creative AI","Thunder Strike","Compile Driver","Chill+1","Blizzard","Redo","Go for the Eyes","Creative AI","Chaos","Storm+1","Reinforced Body+1","Magnetism"],"special_seed":0,"relics":["Orrery","Darkstone Periapt","Mummified Hand","Inserter","Happy Flower","Cauldron","Question Card","Tiny House","Chemical X","Bag of Marbles","Pen Nib"],"potions_floor_usage":[],"damage_taken":[{"damage":5.0,"enemies":"Small Slimes","floor":1.0,"turns":4.0},{"damage":6.0,"enemies":"Cultist","floor":2.0,"turns":4.0},{"damage":3.0,"enemies":"2 Louse","floor":5.0,"turns":4.0},{"damage":6.0,"enemies":"Lagavulin","floor":6.0,"turns":7.0},{"damage":3.0,"enemies":"Blue Slaver","floor":8.0,"turns":4.0},{"damage":10.0,"enemies":"Exordium Thugs","floor":10.0,"turns":5.0},{"damage":2.0,"enemies":"Lots of Slimes","floor":11.0,"turns":5.0},{"damage":0.0,"enemies":"Exordium Wildlife","floor":14.0,"turns":4.0},{"damage":15.0,"enemies":"Slime Boss","floor":16.0,"turns":10.0},{"damage":5.0,"enemies":"Shell Parasite","floor":18.0,"turns":9.0},{"damage":29.0,"enemies":"Chosen","floor":19.0,"turns":8.0},{"damage":32.0,"enemies":"Sentry and Sphere","floor":20.0,"turns":9.0},{"damage":2.0,"enemies":"Centurion and Healer","floor":22.0,"turns":9.0},{"damage":3.0,"enemies":"Snake Plant","floor":24.0,"turns":7.0},{"damage":4.0,"enemies":"Shelled Parasite and Fungi","floor":25.0,"turns":8.0},{"damage":14.0,"enemies":"Cultist and Chosen","floor":28.0,"turns":7.0},{"damage":26.0,"enemies":"Book of Stabbing","floor":31.0,"turns":8.0},{"damage":0.0,"enemies":"Champ","floor":33.0,"turns":12.0},{"damage":15.0,"enemies":"3 Shapes","floor":35.0,"turns":6.0},{"damage":12.0,"enemies":"Orb Walker","floor":36.0,"turns":5.0},{"damage":13.0,"enemies":"4 Shapes","floor":38.0,"turns":7.0},{"damage":40.0,"enemies":"Transient","floor":39.0,"turns":5.0},{"damage":4.0,"enemies":"Jaw Worm Horde","floor":42.0,"turns":6.0},{"damage":23.0,"enemies":"3 Darklings","floor":45.0,"turns":7.0},{"damage":4.0,"enemies":"Nemesis","floor":46.0,"turns":9.0},{"damage":76,"enemies":"Reptomancer","floor":48,"turns":3}],"seed_played":"-6627074231892842867","potions_obtained":[{"floor":1.0,"key":"Regen Potion"},{"floor":2.0,"key":"Dexterity Potion"},{"floor":10.0,"key":"Strength Potion"},{"floor":22.0,"key":"FearPotion"},{"floor":24.0,"key":"PowerPotion"},{"floor":25.0,"key":"Ancient Potion"},{"floor":30.0,"key":"FairyPotion"},{"floor":30.0,"key":"EssenceOfSteel"},{"floor":30.0,"key":"Energy Potion"},{"floor":30.0,"key":"FocusPotion"},{"floor":31.0,"key":"SteroidPotion"},{"floor":34.0,"key":"Regen Potion"},{"floor":36.0,"key":"LiquidMemories"},{"floor":45.0,"key":"FearPotion"}],"is_trial":false,"path_per_floor":["M","M","$","?","M","E","$","M","T","M","M","?","R","M","R","B",null,"M","M","M","?","M","R","M","M","T","$","M","R","$","E","R","B",null,"M","M","$","M","M","R","?","M","T","R","M","E","$","E"],"character_chosen":"DEFECT","items_purchased":["Dark Shackles","Steam","Coolheaded","Regen Potion","Cauldron","Chemical X","Redo","Go for the Eyes","Magnetism"],"campfire_rested":6,"item_purchase_floors":[3,3,7,27,30,37,37,37,47],"current_hp_per_floor":[70,64,64,64,61,55,55,52,52,42,40,40,62,62,62,47,75,70,41,9,9,7,29,26,22,22,22,23,45,45,19,41,41,80,65,67,67,54,14,38,38,34,34,58,35,31,31,0],"gold":3,"neow_bonus":"BOSS_RELIC","is_prod":false,"is_daily":false,"chose_seed":false,"campfire_upgraded":1,"win_rate":0.0,"timestamp":1571265860,"path_taken":["M","M","$","?","?","E","$","M","T","M","M","?","R","M","R","BOSS","M","M","M","?","M","R","M","M","T","?","M","R","$","E","R","BOSS","M","M","$","?","M","R","?","M","T","R","M","E","$","E"],"build_version":"2019-10-16","purchased_purges":0,"victory":false,"max_hp_per_floor":[75,75,75,75,75,75,75,75,75,75,75,75,75,75,75,75,75,75,75,75,75,75,75,75,75,75,75,75,75,75,75,75,75,80,80,80,80,80,80,80,80,80,80,80,80,80,80,80],"card_choices":[{"not_picked":["Streamline","Cold Snap"],"picked":"Genetic Algorithm","floor":0.0},{"not_picked":["Cold Snap","Streamline"],"picked":"Darkness","floor":0.0},{"not_picked":["Gash","Rebound"],"picked":"Consume","floor":0.0},{"not_picked":["Leap","Cold Snap"],"picked":"Tempest","floor":0.0},{"not_picked":["Streamline","Beam Cell"],"picked":"All For One","floor":0.0},{"not_picked":["Redo","Genetic Algorithm"],"picked":"Fusion","floor":1.0},{"not_picked":["White Noise","Scrape"],"picked":"Defragment","floor":2.0},{"not_picked":["Ball Lightning","Steam"],"picked":"Loop","floor":5.0},{"not_picked":["Compile Driver","Melter"],"picked":"Steam Power","floor":6.0},{"not_picked":["Cold Snap","Blizzard"],"picked":"Auto Shields","floor":8.0},{"not_picked":["Cold Snap","Consume"],"picked":"Sunder","floor":10.0},{"not_picked":["Coolheaded","Stack"],"picked":"Reprogram","floor":11.0},{"not_picked":["Stack","Barrage"],"picked":"Hologram","floor":14.0},{"not_picked":["Machine Learning","Thunder Strike"],"picked":"Rainbow","floor":16.0},{"not_picked":["Darkness","Go for the Eyes+1"],"picked":"Conserve Battery+1","floor":18.0},{"not_picked":["Conserve Battery","Loop+1"],"picked":"Darkness+1","floor":19.0},{"not_picked":["Melter+1","Barrage"],"picked":"Aggregate","floor":20.0},{"not_picked":["Blizzard+1","Genetic Algorithm"],"picked":"BootSequence","floor":22.0},{"not_picked":["Steam","Go for the Eyes"],"picked":"Conserve Battery+1","floor":24.0},{"not_picked":["Gash","Static Discharge"],"picked":"Rebound+1","floor":25.0},{"not_picked":["Sweeping Beam","Compile Driver"],"picked":"Barrage","floor":28.0},{"not_picked":["Barrage","Compile Driver"],"picked":"Creative AI","floor":31.0},{"not_picked":["Multi-Cast","Reboot","Fission"],"picked":"Thunder Strike","floor":33.0},{"not_picked":["Ball Lightning","Coolheaded","Barrage"],"picked":"Compile Driver","floor":34.0},{"not_picked":["Barrage+1","Hologram","Go for the Eyes"],"picked":"Chill+1","floor":35.0},{"not_picked":["Streamline","Barrage+1","Tempest+1"],"picked":"Blizzard","floor":36.0},{"not_picked":["Coolheaded","Aggregate","Leap+1"],"picked":"FTL+1","floor":38.0},{"not_picked":["Coolheaded","Cold Snap","Leap"],"picked":"Creative AI","floor":39.0},{"not_picked":["Streamline+1","Cold Snap+1","Genetic Algorithm+1"],"picked":"Chaos","floor":42.0},{"not_picked":["Steam Power+1","Tempest+1","Gash+1"],"picked":"Storm+1","floor":45.0},{"not_picked":["Go for the Eyes+1","Gash","Fission"],"picked":"Reinforced Body+1","floor":46.0}],"player_experience":0,"relics_obtained":[{"floor":6.0,"key":"Darkstone Periapt"},{"floor":9.0,"key":"Mummified Hand"},{"floor":26.0,"key":"Happy Flower"},{"floor":31.0,"key":"Question Card"},{"floor":43.0,"key":"Bag of Marbles"},{"floor":46.0,"key":"Pen Nib"}],"event_choices":[{"cards_removed":["Strike_B"],"damage_healed":0.0,"max_hp_gain":0.0,"max_hp_loss":0.0,"gold_gain":0.0,"event_name":"Bonfire Elementals","player_choice":"Offered Basic","floor":4.0,"gold_loss":0.0,"damage_taken":0.0},{"damage_healed":0.0,"max_hp_gain":0.0,"max_hp_loss":0.0,"gold_gain":55.0,"event_name":"Golden Wing","player_choice":"Gained Gold","floor":12.0,"gold_loss":0.0,"damage_taken":0.0},{"cards_removed":["Strike_B"],"damage_healed":0.0,"max_hp_gain":0.0,"max_hp_loss":0.0,"gold_gain":0.0,"event_name":"Purifier","player_choice":"Purged","floor":21.0,"gold_loss":0.0,"damage_taken":0.0},{"cards_removed":["FTL"],"damage_healed":0.0,"max_hp_gain":0.0,"max_hp_loss":0.0,"gold_gain":0.0,"event_name":"Falling","player_choice":"Removed Attack","floor":41.0,"gold_loss":0.0,"damage_taken":0.0}],"is_beta":true,"boss_relics":[{"not_picked":["Fusion Hammer","Astrolabe"],"picked":"Inserter"},{"not_picked":["Cursed Key","Snecko Eye"],"picked":"Tiny House"}],"items_purged_floors":[],"is_endless":false,"potions_floor_spawned":[1,2,10,22,24,25,31,36,45],"killed_by":"Reptomancer","ascension_level":1}