{"gold_per_floor":[116,128,146,5,16,16,45,65,65,79,98,98,133,148,148,148],"floor_reached":16,"playtime":1485,"items_purged":[],"score":128,"play_id":"9513a1a8-aa8c-40df-8426-399437060d7f","local_time":"20190930000222","is_ascension_mode":true,"campfire_choices":[{"data":"Echo Form","floor":6,"key":"SMITH"},{"floor":12,"key":"REST"},{"floor":15,"key":"REST"}],"neow_cost":"NONE","seed_source_timestamp":55361146412979,"circlet_count":0,"master_deck":["Strike_B","Strike_B","Strike_B","Defend_B","Defend_B","Defend_B","Defend_B","Zap","Dualcast","Steam Power","Stack","Conserve Battery","Echo Form+1","Leap","Rebound","Streamline","Cold Snap","Darkness"],"relics":["Cracked Core","Omamori","Shovel","Bottled Tornado"],"potions_floor_usage":[7,8,16,16],"damage_taken":[{"damage":1,"enemies":"Cultist","floor":1,"turns":3},{"damage":7,"enemies":"Jaw Worm","floor":2,"turns":3},{"damage":0,"enemies":"2 Louse","floor":3,"turns":1},{"damage":0,"enemies":"Large Slime","floor":5,"turns":4},{"damage":55,"enemies":"Gremlin Nob","floor":7,"turns":6},{"damage":6,"enemies":"Exordium Thugs","floor":8,"turns":6},{"damage":4,"enemies":"Exordium Wildlife","floor":10,"turns":4},{"damage":1,"enemies":"Large Slime","floor":11,"turns":5},{"damage":2,"enemies":"Lagavulin","floor":13,"turns":8},{"damage":11,"enemies":"Lots of Slimes","floor":14,"turns":4},{"damage":36,"enemies":"The Guardian","floor":16,"turns":9}],"seed_played":"-7874378876499755463","potions_obtained":[{"floor":1,"key":"SkillPotion"},{"floor":2,"key":"Energy Potion"},{"floor":8,"key":"Swift Potion"},{"floor":14,"key":"Energy Potion"}],"is_trial":false,"path_per_floor":["M","M","M","$","M","R","E","M","T","M","M","R","E","M","R","B"],"character_chosen":"DEFECT","items_purchased":["Echo Form"],"campfire_rested":2,"item_purchase_floors":[4],"current_hp_per_floor":[74,67,67,67,67,67,12,6,6,2,1,23,21,10,32,0],"gold":148,"neow_bonus":"TRANSFORM_CARD","is_prod":false,"is_daily":false,"chose_seed":false,"campfire_upgraded":1,"win_rate":0,"timestamp":1569816142,"path_taken":["M","M","M","$","?","R","E","M","T","M","M","R","E","M","R","BOSS"],"build_version":"2019-07-17","purchased_purges":0,"victory":false,"max_hp_per_floor":[75,75,75,75,75,75,75,75,75,75,75,75,75,75,75,75],"card_choices":[{"not_picked":["Blizzard","Gash"],"picked":"Stack","floor":1},{"not_picked":["Gash","Steam","Beam Cell"],"picked":"SKIP","floor":2},{"not_picked":["Barrage","Reboot"],"picked":"Conserve Battery","floor":3},{"not_picked":["Go for the Eyes","BootSequence"],"picked":"Leap","floor":5},{"not_picked":["Steam","Go for the Eyes"],"picked":"Rebound","floor":7},{"not_picked":["Compile Driver","Beam Cell","Go for the Eyes"],"picked":"SKIP","floor":8},{"not_picked":["Multi-Cast","Barrage"],"picked":"Streamline","floor":10},{"not_picked":["Barrage","Skim"],"picked":"Cold Snap","floor":11},{"not_picked":["Compile Driver","Double Energy"],"picked":"Darkness","floor":13},{"not_picked":["Conserve Battery","Streamline","Hello World"],"picked":"SKIP","floor":14}],"player_experience":422481,"relics_obtained":[{"floor":7,"key":"Omamori"},{"floor":9,"key":"Shovel"},{"floor":13,"key":"Bottled Tornado"}],"event_choices":[],"is_beta":false,"boss_relics":[],"items_purged_floors":[],"is_endless":false,"potions_floor_spawned":[1,2,8,14],"killed_by":"The Guardian","ascension_level":2}