{"gold_per_floor":[19,37,54,54,69,69,88,123,123,141,141,141,141,159,159,257,257,241,241,251,265,22,22,22],"floor_reached":24,"playtime":1170,"items_purged":[],"score":225,"play_id":"924582ad-b485-49cc-befa-e4ce077f585f","local_time":"20191019182534","is_ascension_mode":false,"campfire_choices":[{"data":"Zap","floor":6.0,"key":"SMITH"},{"floor":11.0,"key":"REST"},{"floor":15.0,"key":"REST"},{"floor":23.0,"key":"REST"}],"neow_cost":"NO_GOLD","seed_source_timestamp":379599583057600,"circlet_count":0,"master_deck":["Strike_B","Strike_B","Strike_B","Defend_B","Defend_B","Defend_B+1","Zap+1","Dualcast","Hologram","Echo Form+1","Genetic Algorithm","Hologram","Coolheaded","Gash","Reinforced Body","Leap","Machine Learning","Cold Snap","Capacitor"],"special_seed":0,"relics":["Cracked Core","Nloth\u0027s Gift","Matryoshka"],"potions_floor_usage":[24],"damage_taken":[{"damage":1.0,"enemies":"Jaw Worm","floor":1.0,"turns":3.0},{"damage":0.0,"enemies":"Small Slimes","floor":2.0,"turns":3.0},{"damage":0.0,"enemies":"2 Louse","floor":3.0,"turns":3.0},{"damage":0.0,"enemies":"Exordium Wildlife","floor":5.0,"turns":3.0},{"damage":0.0,"enemies":"Red Slaver","floor":7.0,"turns":3.0},{"damage":0.0,"enemies":"Lagavulin","floor":8.0,"turns":8.0},{"damage":26.0,"enemies":"Exordium Thugs","floor":10.0,"turns":6.0},{"damage":10.0,"enemies":"Looter","floor":14.0,"turns":3.0},{"damage":63.0,"enemies":"Slime Boss","floor":16.0,"turns":17.0},{"damage":26.0,"enemies":"2 Thieves","floor":18.0,"turns":4.0},{"damage":12.0,"enemies":"Chosen","floor":20.0,"turns":7.0},{"damage":25.0,"enemies":"Snake Plant","floor":21.0,"turns":7.0},{"damage":37,"enemies":"Sentry and Sphere","floor":24,"turns":11}],"seed_played":"2088276921175831928","potions_obtained":[{"floor":1.0,"key":"Weak Potion"},{"floor":10.0,"key":"Ancient Potion"},{"floor":14.0,"key":"Swift Potion"},{"floor":18.0,"key":"Block Potion"},{"floor":21.0,"key":"SkillPotion"}],"is_trial":false,"path_per_floor":["M","M","M","?","M","R","M","E","T","M","R","?","?","M","R","B",null,"M","?","M","M","$","R","M"],"character_chosen":"DEFECT","items_purchased":["Matryoshka"],"campfire_rested":3,"item_purchase_floors":[22],"current_hp_per_floor":[74,74,74,59,59,59,59,59,59,33,55,55,55,45,67,4,75,49,49,37,12,12,34,0],"gold":22,"neow_bonus":"REMOVE_TWO","is_prod":false,"is_daily":false,"chose_seed":false,"campfire_upgraded":1,"win_rate":0,"timestamp":1571534734,"path_taken":["M","M","M","?","M","R","M","E","T","M","R","?","?","M","R","BOSS","M","?","M","M","$","R","M"],"build_version":"2019-07-17","purchased_purges":0,"victory":false,"max_hp_per_floor":[75,75,75,75,75,75,75,75,75,75,75,75,75,75,75,75,75,75,75,75,75,75,75,75],"card_choices":[{"not_picked":["Rip and Tear","Go for the Eyes"],"picked":"Hologram","floor":1.0},{"not_picked":["Conserve Battery","Rebound"],"picked":"Echo Form","floor":2.0},{"not_picked":["Stack","Go for the Eyes"],"picked":"Genetic Algorithm","floor":3.0},{"not_picked":["Aggregate","Blizzard"],"picked":"Hologram","floor":5.0},{"not_picked":["Turbo","Leap"],"picked":"Coolheaded","floor":7.0},{"not_picked":["Darkness","Compile Driver"],"picked":"Gash","floor":8.0},{"not_picked":["Turbo","Rebound"],"picked":"Reinforced Body","floor":10.0},{"not_picked":["BootSequence","Beam Cell"],"picked":"Leap","floor":14.0},{"not_picked":["Amplify","Seek"],"picked":"Machine Learning","floor":16.0},{"not_picked":["Streamline+1","Reprogram+1"],"picked":"Cold Snap","floor":18.0},{"not_picked":["Double Energy","Steam","Force Field"],"picked":"SKIP","floor":20.0},{"not_picked":["Compile Driver","Leap"],"picked":"Capacitor","floor":21.0}],"player_experience":722149,"relics_obtained":[],"event_choices":[{"damage_healed":0.0,"max_hp_gain":0.0,"max_hp_loss":0.0,"gold_gain":0.0,"event_name":"Shining Light","player_choice":"Entered Light","floor":4.0,"gold_loss":0.0,"damage_taken":15.0,"cards_upgraded":["Defend_B","Echo Form"]},{"damage_healed":0.0,"max_hp_gain":0.0,"max_hp_loss":0.0,"gold_gain":0.0,"event_name":"Liars Game","player_choice":"Ignored","floor":12.0,"gold_loss":0.0,"damage_taken":0.0},{"damage_healed":0.0,"max_hp_gain":0.0,"max_hp_loss":0.0,"gold_gain":0.0,"event_name":"Golden Idol","player_choice":"Ignored","floor":13.0,"gold_loss":0.0,"damage_taken":0.0},{"damage_healed":0.0,"max_hp_gain":0.0,"max_hp_loss":0.0,"gold_gain":0.0,"event_name":"N\u0027loth","player_choice":"Traded Relic","floor":19.0,"relics_lost":["White Beast Statue"],"gold_loss":0.0,"damage_taken":0.0,"relics_obtained":["Nloth\u0027s Gift"]}],"is_beta":false,"boss_relics":[{"not_picked":["Calling Bell","Ectoplasm"],"picked":"White Beast Statue"}],"items_purged_floors":[],"is_endless":false,"potions_floor_spawned":[1,10,14,18,21],"killed_by":"Sentry and Sphere","ascension_level":0}