{"gold_per_floor":[111,186,361,361,378,378,404,420,446,446,461,480,480,494,494,592,592,605,605,23,33,47,47,79,79,158,158,158,83,63,82,82,82],"floor_reached":33,"playtime":2764,"items_purged":[],"score":265,"play_id":"45d8a575-7ca3-443c-8fd5-9f601bbdbe2c","local_time":"20191015061814","is_ascension_mode":false,"campfire_choices":[{"floor":6.0,"key":"REST"},{"floor":10.0,"key":"REST"},{"floor":13.0,"key":"REST"},{"data":"Reaper","floor":15.0,"key":"SMITH"},{"floor":23.0,"key":"REST"},{"data":"Barricade","floor":25.0,"key":"SMITH"},{"data":"Doubt","floor":27.0,"key":"PURGE"},{"floor":32.0,"key":"REST"}],"neow_cost":"PERCENT_DAMAGE","seed_source_timestamp":25037507063500,"circlet_count":0,"master_deck":["Strike_R","Strike_R","Strike_R","Strike_R","Defend_R","Defend_R","Defend_R","Defend_R","Bash","Flex+1","Inflame","Infernal Blade","Shockwave","Blood for Blood","Shrug It Off","Reaper+1","Impervious","True Grit","Flame Barrier","Heavy Blade","Seeing Red","Battle Trance","Anger","Limit Break","Barricade+1","Armaments","Clothesline+1","Disarm"],"special_seed":0,"relics":["Burning Blood","Peace Pipe","Ancient Tea Set","PreservedInsect","Orrery","Bottled Flame","Bottled Tornado","Toolbox","Anchor","Darkstone Periapt","Pear"],"potions_floor_usage":[33],"damage_taken":[{"damage":7.0,"enemies":"2 Louse","floor":1.0,"turns":2.0},{"damage":8.0,"enemies":"Jaw Worm","floor":5.0,"turns":4.0},{"damage":47.0,"enemies":"3 Sentries","floor":7.0,"turns":11.0},{"damage":1.0,"enemies":"Small Slimes","floor":8.0,"turns":4.0},{"damage":1.0,"enemies":"Gremlin Gang","floor":11.0,"turns":5.0},{"damage":11.0,"enemies":"Red Slaver","floor":12.0,"turns":5.0},{"damage":4.0,"enemies":"Blue Slaver","floor":14.0,"turns":3.0},{"damage":56.0,"enemies":"Slime Boss","floor":16.0,"turns":12.0},{"damage":24.0,"enemies":"3 Byrds","floor":18.0,"turns":8.0},{"damage":1.0,"enemies":"Chosen","floor":21.0,"turns":4.0},{"damage":20.0,"enemies":"Centurion and Healer","floor":22.0,"turns":7.0},{"damage":38.0,"enemies":"Slavers","floor":24.0,"turns":5.0},{"damage":62.0,"enemies":"Sentry and Sphere","floor":31.0,"turns":8.0},{"damage":54,"enemies":"Automaton","floor":33,"turns":6}],"seed_played":"4648311659737778152","potions_obtained":[{"floor":7.0,"key":"SmokeBomb"},{"floor":11.0,"key":"Strength Potion"},{"floor":14.0,"key":"Poison Potion"},{"floor":16.0,"key":"Strength Potion"},{"floor":21.0,"key":"Strength Potion"},{"floor":30.0,"key":"Dexterity Potion"}],"is_trial":false,"path_per_floor":["M","?","?","?","M","R","E","M","T","R","M","M","R","M","R","B",null,"M","T","$","M","M","R","E","R","T","R","?","?","?","M","R","B"],"character_chosen":"IRONCLAD","items_purchased":["Bottled Tornado","Toolbox","Limit Break"],"campfire_rested":5,"item_purchase_floors":[20,20,20],"current_hp_per_floor":[55,44,44,44,42,66,25,30,30,54,59,54,78,80,80,39,80,62,62,62,67,53,77,61,61,61,61,71,71,71,26,53,0],"gold":82,"neow_bonus":"ONE_RARE_RELIC","is_prod":false,"is_daily":false,"chose_seed":false,"campfire_upgraded":2,"win_rate":0.0,"timestamp":1571134694,"path_taken":["M","?","?","?","M","R","E","M","T","R","M","?","R","M","R","BOSS","M","?","$","M","M","R","E","R","T","R","?","?","?","M","R","BOSS"],"build_version":"2019-07-17","purchased_purges":0,"victory":false,"max_hp_per_floor":[80,80,80,80,80,80,80,80,80,80,80,80,80,80,80,80,80,80,80,80,80,80,80,80,80,80,80,90,90,90,90,90,90],"card_choices":[{"not_picked":["Whirlwind","Searing Blow"],"picked":"Flex","floor":1.0},{"not_picked":["Clash","Rupture"],"picked":"Inflame","floor":5.0},{"not_picked":["Power Through","Clash"],"picked":"Infernal Blade","floor":7.0},{"not_picked":["Corruption","Body Slam"],"picked":"Shockwave","floor":8.0},{"not_picked":["Clothesline","Iron Wave"],"picked":"Blood for Blood","floor":11.0},{"not_picked":["Iron Wave","Headbutt"],"picked":"Shrug It Off","floor":12.0},{"not_picked":["Metallicize","Heavy Blade"],"picked":"Reaper","floor":14.0},{"not_picked":["Fiend Fire","Limit Break"],"picked":"Impervious","floor":16.0},{"not_picked":["Anger","Blood for Blood"],"picked":"True Grit","floor":17.0},{"not_picked":["Reckless Charge","Burning Pact"],"picked":"Flame Barrier","floor":17.0},{"not_picked":["Second Wind","Cleave"],"picked":"Heavy Blade","floor":17.0},{"not_picked":["Sword Boomerang","Anger"],"picked":"Seeing Red","floor":17.0},{"not_picked":["Ghostly Armor","Body Slam"],"picked":"Battle Trance","floor":17.0},{"not_picked":["Iron Wave","Body Slam"],"picked":"Anger","floor":18.0},{"not_picked":["Pommel Strike","Disarm"],"picked":"Barricade","floor":21.0},{"not_picked":["Thunderclap+1","Clash"],"picked":"Armaments","floor":22.0},{"not_picked":["Flex","Cleave"],"picked":"Clothesline+1","floor":24.0},{"not_picked":["Flex","Shrug It Off"],"picked":"Disarm","floor":31.0}],"player_experience":71087,"relics_obtained":[{"floor":7.0,"key":"Ancient Tea Set"},{"floor":9.0,"key":"PreservedInsect"},{"floor":19.0,"key":"Bottled Flame"},{"floor":24.0,"key":"Anchor"},{"floor":26.0,"key":"Darkstone Periapt"}],"event_choices":[{"damage_healed":0.0,"max_hp_gain":0.0,"max_hp_loss":0.0,"gold_gain":75.0,"event_name":"World of Goop","player_choice":"Gather Gold","floor":2.0,"gold_loss":0.0,"damage_taken":11.0},{"damage_healed":0.0,"max_hp_gain":0.0,"max_hp_loss":0.0,"gold_gain":175.0,"event_name":"Liars Game","player_choice":"AGREE","floor":3.0,"gold_loss":0.0,"damage_taken":0.0,"cards_obtained":["Doubt"]},{"damage_healed":0.0,"max_hp_gain":0.0,"max_hp_loss":0.0,"gold_gain":0.0,"event_name":"Upgrade Shrine","player_choice":"Upgraded","floor":4.0,"gold_loss":0.0,"damage_taken":0.0,"cards_upgraded":["Flex"]},{"damage_healed":0.0,"max_hp_gain":0.0,"max_hp_loss":0.0,"gold_gain":0.0,"event_name":"The Mausoleum","player_choice":"Opened","floor":28.0,"gold_loss":0.0,"damage_taken":0.0,"relics_obtained":["Pear"]},{"cards_removed":["Strike_R"],"damage_healed":0.0,"max_hp_gain":0.0,"max_hp_loss":0.0,"gold_gain":0.0,"event_name":"Beggar","player_choice":"Gave Gold","floor":29.0,"gold_loss":75.0,"damage_taken":0.0},{"damage_healed":0.0,"max_hp_gain":0.0,"max_hp_loss":0.0,"gold_gain":0.0,"event_name":"The Woman in Blue","player_choice":"Bought 1 Potion","floor":30.0,"gold_loss":0.0,"damage_taken":0.0}],"is_beta":false,"boss_relics":[{"not_picked":["Snecko Eye","Ectoplasm"],"picked":"Orrery"}],"items_purged_floors":[],"is_endless":false,"potions_floor_spawned":[7,11,14,16,21],"killed_by":"Automaton","ascension_level":0}