{"gold_per_floor":[114,129,144,159,237,237,23,38,38,53,53,53,68,83,83,183,183,198,213,213,228,243,273,46,46,46,46,61,76,76,91,91,191,191,206,206,56,71,71],"floor_reached":39,"playtime":7928,"items_purged":[],"score":574,"play_id":"e5492539-f599-4c9f-babc-b3dd81542b4f","local_time":"20191018025200","daily_mods":["SealedDeck","Hoarder","Lethality"],"is_ascension_mode":false,"campfire_choices":[{"data":"Backstab","floor":6.0,"key":"SMITH"},{"floor":12.0,"key":"REST"},{"data":"Infinite Blades","floor":15.0,"key":"SMITH"},{"floor":27.0,"key":"REST"},{"data":"Infinite Blades","floor":32.0,"key":"SMITH"}],"neow_cost":"","seed_source_timestamp":0,"circlet_count":0,"master_deck":["Poisoned Stab","Poisoned Stab","Poisoned Stab","Backstab+1","Backstab","Backstab","Deadly Poison","Deadly Poison","Deadly Poison","Underhanded Strike","Underhanded Strike","Underhanded Strike","Dagger Throw","Dagger Throw","Dagger Throw","Calculated Gamble","Calculated Gamble","Calculated Gamble","Acrobatics","Acrobatics","Acrobatics","Cloak And Dagger","Cloak And Dagger","Cloak And Dagger","Prepared","Prepared","Prepared","Blade Dance","Blade Dance","Blade Dance","PiercingWail","PiercingWail","PiercingWail","Endless Agony","Endless Agony","Endless Agony","Well Laid Plans","Well Laid Plans","Well Laid Plans","Tactician","Tactician","Tactician","Chrysalis","Chrysalis","Chrysalis","Slice","Slice","Slice","Infinite Blades","Infinite Blades+1","Infinite Blades+1","Dodge and Roll","Dodge and Roll","Dodge and Roll","Dagger Throw","Dagger Throw","Dagger Throw","Bouncing Flask","Bouncing Flask","Bouncing Flask","A Thousand Cuts","A Thousand Cuts","A Thousand Cuts","Backstab","Backstab","Backstab","Bite","Bite","Bite","Bite","Bite","Bite","Bite","Bite","Bite","Bite","Bite","Bite","Bite","Bite","Caltrops","Caltrops","Caltrops","Deflect","Deflect","Deflect","Distraction+1","Distraction+1","Distraction+1","Footwork","Footwork","Footwork","Quick Slash","Quick Slash","Quick Slash","Eviscerate+1","Eviscerate+1","Eviscerate+1","Writhe","Writhe","Writhe","Eviscerate+1","Eviscerate+1","Eviscerate+1","Envenom","Envenom","Envenom","Outmaneuver+1","Outmaneuver+1","Outmaneuver+1","The Bomb","The Bomb","The Bomb","Cloak And Dagger","Cloak And Dagger","Cloak And Dagger"],"special_seed":18187,"relics":["Ring of the Serpent","Juzu Bracelet","Bag of Preparation","Strawberry","OrangePellets","Mango","Gremlin Horn","SlaversCollar","Bronze Scales"],"potions_floor_usage":[],"damage_taken":[{"damage":0.0,"enemies":"Jaw Worm","floor":1.0,"turns":1.0},{"damage":0.0,"enemies":"Small Slimes","floor":2.0,"turns":1.0},{"damage":0.0,"enemies":"Cultist","floor":3.0,"turns":1.0},{"damage":0.0,"enemies":"Blue Slaver","floor":4.0,"turns":1.0},{"damage":0.0,"enemies":"Looter","floor":8.0,"turns":1.0},{"damage":5.0,"enemies":"Exordium Thugs","floor":10.0,"turns":2.0},{"damage":0.0,"enemies":"2 Fungi Beasts","floor":13.0,"turns":1.0},{"damage":0.0,"enemies":"Exordium Wildlife","floor":14.0,"turns":1.0},{"damage":34.0,"enemies":"The Guardian","floor":16.0,"turns":7.0},{"damage":0.0,"enemies":"Spheric Guardian","floor":18.0,"turns":1.0},{"damage":0.0,"enemies":"2 Thieves","floor":19.0,"turns":1.0},{"damage":0.0,"enemies":"Sentry and Sphere","floor":21.0,"turns":1.0},{"damage":0.0,"enemies":"Snecko","floor":22.0,"turns":2.0},{"damage":14.0,"enemies":"Slavers","floor":23.0,"turns":3.0},{"damage":0.0,"enemies":"Centurion and Healer","floor":28.0,"turns":2.0},{"damage":0.0,"enemies":"Shelled Parasite and Fungi","floor":29.0,"turns":2.0},{"damage":16.0,"enemies":"Cultist and Chosen","floor":31.0,"turns":3.0},{"damage":39.0,"enemies":"Collector","floor":33.0,"turns":9.0},{"damage":26,"enemies":"3 Shapes","floor":35,"turns":3},{"damage":13,"enemies":"Orb Walker","floor":38,"turns":2},{"damage":53,"enemies":"Transient","floor":39,"turns":4}],"seed_played":"344722085892827652","potions_obtained":[{"floor":8.0,"key":"Strength Potion"},{"floor":10.0,"key":"AttackPotion"},{"floor":14.0,"key":"LiquidBronze"},{"floor":16.0,"key":"Weak Potion"},{"floor":18.0,"key":"EssenceOfSteel"},{"floor":38,"key":"Fire Potion"}],"is_trial":false,"path_per_floor":["M","M","M","M","?","R","$","M","T","M","?","R","M","M","R","B",null,"M","M","?","M","M","E","$","?","T","R","M","M","?","M","R","B",null,"M","?","$","M","M"],"character_chosen":"THE_SILENT","items_purchased":["Chrysalis","Slice","Footwork","OrangePellets","Bronze Scales"],"campfire_rested":2,"item_purchase_floors":[7,7,24,24,37],"current_hp_per_floor":[70,70,70,70,70,70,70,70,70,65,47,68,68,68,68,34,70,70,70,49,49,49,44,44,35,49,71,75,75,75,65,65,36,75,53,53,53,40,0],"gold":71,"neow_bonus":"","is_prod":false,"is_daily":true,"chose_seed":false,"campfire_upgraded":3,"win_rate":0,"timestamp":1571381520,"path_taken":["M","M","M","M","?","R","$","M","T","M","?","R","M","M","R","BOSS","M","M","?","M","M","E","$","?","T","R","M","M","?","M","R","BOSS","M","?","$","M","M"],"build_version":"2019-10-17","purchased_purges":0,"victory":false,"max_hp_per_floor":[70,70,70,70,70,70,70,70,70,70,70,70,70,70,70,70,70,70,70,49,49,49,56,56,61,75,75,75,75,75,75,75,75,75,75,75,75,75,75],"card_choices":[{"not_picked":["Dodge and Roll","Cloak And Dagger"],"picked":"PiercingWail","floor":1.0},{"not_picked":["Deadly Poison","Dagger Throw"],"picked":"Endless Agony","floor":2.0},{"not_picked":["Slice","All Out Attack"],"picked":"Well Laid Plans","floor":3.0},{"not_picked":["Sucker Punch","Heel Hook"],"picked":"Tactician","floor":4.0},{"not_picked":["Blade Dance","Dagger Throw"],"picked":"Infinite Blades","floor":8.0},{"not_picked":["Flying Knee","Slice"],"picked":"Dodge and Roll","floor":10.0},{"not_picked":["Poisoned Stab","Acrobatics"],"picked":"Dagger Throw","floor":13.0},{"not_picked":["Flechettes","Dagger Spray"],"picked":"Bouncing Flask","floor":14.0},{"not_picked":["Tools of the Trade","Glass Knife"],"picked":"A Thousand Cuts","floor":16.0},{"not_picked":["Blade Dance","Bane"],"picked":"Backstab","floor":18.0},{"not_picked":["Noxious Fumes","Outmaneuver","Blur+1"],"picked":"SKIP","floor":19.0},{"not_picked":["Prepared","PiercingWail+1"],"picked":"Caltrops","floor":21.0},{"not_picked":["Flechettes","Escape Plan"],"picked":"Deflect","floor":22.0},{"not_picked":["Predator+1","Flechettes+1"],"picked":"Distraction+1","floor":23.0},{"not_picked":["Poisoned Stab","Dodge and Roll"],"picked":"Quick Slash","floor":28.0},{"not_picked":["Well Laid Plans+1","Masterful Stab"],"picked":"Eviscerate+1","floor":29.0},{"not_picked":["Prepared+1","Acrobatics+1"],"picked":"Eviscerate+1","floor":31.0},{"not_picked":["Die Die Die","Malaise"],"picked":"Envenom","floor":33.0},{"not_picked":["Sucker Punch","Blur"],"picked":"Outmaneuver+1","floor":35},{"not_picked":["Outmaneuver+1","Masterful Stab"],"picked":"Cloak And Dagger","floor":38}],"player_experience":125870,"relics_obtained":[{"floor":9.0,"key":"Juzu Bracelet"},{"floor":23.0,"key":"Strawberry"},{"floor":26.0,"key":"Mango"}],"event_choices":[{"damage_healed":0.0,"max_hp_gain":0.0,"max_hp_loss":0.0,"gold_gain":78.0,"event_name":"Golden Wing","player_choice":"Gained Gold","floor":5.0,"gold_loss":0.0,"damage_taken":0.0},{"damage_healed":0.0,"max_hp_gain":0.0,"max_hp_loss":0.0,"gold_gain":0.0,"event_name":"Scrap Ooze","player_choice":"Success","floor":11.0,"gold_loss":0.0,"damage_taken":18.0,"relics_obtained":["Bag of Preparation"]},{"damage_healed":0.0,"max_hp_gain":0.0,"max_hp_loss":21.0,"gold_gain":0.0,"event_name":"Vampires","player_choice":"Became a vampire","floor":20.0,"gold_loss":0.0,"damage_taken":0.0,"cards_obtained":["Bite","Bite","Bite","Bite","Bite"]},{"damage_healed":0.0,"max_hp_gain":5.0,"max_hp_loss":0.0,"gold_gain":0.0,"event_name":"Forgotten Altar","player_choice":"Shed Blood","floor":25.0,"gold_loss":0.0,"damage_taken":14.0},{"damage_healed":0.0,"max_hp_gain":0.0,"max_hp_loss":0.0,"gold_gain":0.0,"event_name":"The Mausoleum","player_choice":"Opened","floor":30.0,"gold_loss":0.0,"damage_taken":0.0,"relics_obtained":["Gremlin Horn"],"cards_obtained":["Writhe"]},{"damage_healed":0,"gold_gain":0,"cards_transformed":["Bite"],"player_choice":"Transformed","damage_taken":0,"max_hp_gain":0,"max_hp_loss":0,"event_name":"Transmorgrifier","floor":36,"gold_loss":0,"cards_obtained":["The Bomb"]}],"is_beta":true,"boss_relics":[{"not_picked":["Sozu","Snecko Eye"],"picked":"Ring of the Serpent"},{"not_picked":["SacredBark","Cursed Key"],"picked":"SlaversCollar"}],"items_purged_floors":[],"is_endless":false,"potions_floor_spawned":[8,10,14,16,18,19,28,31,38],"killed_by":"Transient","ascension_level":0}