{"gold_per_floor":[114,114,114,130,144,144,69,99,170,196,206,206,234,2,2,75,75,54,54,66,80,80,80,80,96,96,96,76,96,96,106,106,180,180,196,214,29,41,58,58,69,69,69,69,69,88,102,117,117,117],"floor_reached":51,"playtime":3135,"items_purged":["Strike_B"],"score":1436,"play_id":"2544b58f-29a5-4369-924f-d426d9ef05b4","local_time":"20191028194655","is_ascension_mode":true,"campfire_choices":[{"data":"Barrage","floor":6.0,"key":"SMITH"},{"data":"Chill","floor":12.0,"key":"SMITH"},{"data":"Defragment","floor":15.0,"key":"SMITH"},{"data":"Defragment","floor":23.0,"key":"SMITH"},{"data":"Go for the Eyes","floor":27.0,"key":"SMITH"},{"floor":32.0,"key":"REST"},{"data":"Steam","floor":40.0,"key":"PURGE"},{"data":"Parasite","floor":42,"key":"PURGE"},{"data":"Steam","floor":45,"key":"PURGE"},{"floor":49,"key":"REST"}],"neow_cost":"TEN_PERCENT_HP_LOSS","seed_source_timestamp":467538599019800,"circlet_count":0,"master_deck":["AscendersBane","Strike_B+1","Strike_B+1","Defend_B+1","Defend_B+1","Defend_B+1","Defend_B+1","Zap","Dualcast","Buffer+1","Gash","Barrage+1","Go for the Eyes+1","Streamline","Gash","Chill+1","Defragment+1","Core Surge","Hologram","Defragment+1","Go for the Eyes+1","Cold Snap","Melter","Reinforced Body","Capacitor","Seek","Gash","Hologram","Glacier","Barrage"],"special_seed":0,"relics":["Cracked Core","Odd Mushroom","Bottled Tornado","Prayer Wheel","Peace Pipe","Happy Flower","Nuclear Battery","Singing Bowl","MutagenicStrength","Incense Burner","Fusion Hammer","DataDisk","Bottled Lightning","Strawberry"],"potions_floor_usage":[50,50],"damage_taken":[{"damage":2.0,"enemies":"Jaw Worm","floor":1.0,"turns":4.0},{"damage":3.0,"enemies":"Small Slimes","floor":4.0,"turns":3.0},{"damage":1.0,"enemies":"2 Louse","floor":5.0,"turns":2.0},{"damage":9.0,"enemies":"The Mushroom Lair","floor":8.0,"turns":5.0},{"damage":0.0,"enemies":"Lagavulin","floor":10.0,"turns":7.0},{"damage":0.0,"enemies":"2 Fungi Beasts","floor":11.0,"turns":3.0},{"damage":0.0,"enemies":"Gremlin Nob","floor":13.0,"turns":4.0},{"damage":46.0,"enemies":"The Guardian","floor":16.0,"turns":13.0},{"damage":12.0,"enemies":"2 Thieves","floor":18.0,"turns":5.0},{"damage":0.0,"enemies":"3 Byrds","floor":20.0,"turns":6.0},{"damage":0.0,"enemies":"Centurion and Healer","floor":21.0,"turns":7.0},{"damage":0.0,"enemies":"Shelled Parasite and Fungi","floor":25.0,"turns":5.0},{"damage":8.0,"enemies":"Snake Plant","floor":29.0,"turns":4.0},{"damage":0.0,"enemies":"Cultist and Chosen","floor":31.0,"turns":6.0},{"damage":0.0,"enemies":"Champ","floor":33.0,"turns":13.0},{"damage":16.0,"enemies":"3 Darklings","floor":35.0,"turns":7.0},{"damage":0.0,"enemies":"3 Shapes","floor":36.0,"turns":7.0},{"damage":0.0,"enemies":"Jaw Worm Horde","floor":38.0,"turns":6.0},{"damage":0.0,"enemies":"3 Darklings","floor":39.0,"turns":8.0},{"damage":0.0,"enemies":"Writhing Mass","floor":41.0,"turns":9.0},{"damage":0,"enemies":"Spire Growth","floor":46,"turns":6},{"damage":0,"enemies":"Sphere and 2 Shapes","floor":47,"turns":5},{"damage":0,"enemies":"Writhing Mass","floor":48,"turns":9},{"damage":49,"enemies":"Awakened One","floor":50,"turns":26}],"seed_played":"-6983283751139955763","potions_obtained":[{"floor":1.0,"key":"Weak Potion"},{"floor":10.0,"key":"GamblersBrew"},{"floor":11.0,"key":"Swift Potion"},{"floor":16.0,"key":"Strength Potion"},{"floor":18.0,"key":"SkillPotion"},{"floor":21.0,"key":"Strength Potion"},{"floor":28.0,"key":"Explosive Potion"},{"floor":29.0,"key":"SpeedPotion"},{"floor":31.0,"key":"Dexterity Potion"},{"floor":38.0,"key":"SteroidPotion"},{"floor":41,"key":"SteroidPotion"}],"is_trial":false,"path_per_floor":["M","?","?","M","M","R","?","?","T","E","M","R","E","$","R","B",null,"M","?","M","M","T","R","?","M","T","R","?","M","$","M","R","B",null,"M","M","$","M","M","R","M","R","T","T","R","M","M","M","R","B",null],"character_chosen":"DEFECT","items_purchased":["Happy Flower","DataDisk","Steam"],"campfire_rested":2,"item_purchase_floors":[14,37,37],"current_hp_per_floor":[62,62,67,64,63,63,63,54,54,54,54,54,54,54,54,8,54,42,42,42,42,42,42,42,44,44,44,44,38,38,40,62,62,72,58,60,60,64,66,66,68,68,68,75,75,79,83,87,103,54],"gold":117,"neow_bonus":"THREE_RARE_CARDS","is_prod":false,"is_daily":false,"chose_seed":false,"campfire_upgraded":5,"win_rate":0,"timestamp":1572317215,"path_taken":["M","?","?","M","M","R","?","?","T","E","M","R","E","$","R","BOSS","M","?","M","M","?","R","?","M","T","R","?","M","$","M","R","BOSS","M","M","$","M","M","R","M","R","T","?","R","M","M","M","R","BOSS"],"build_version":"2019-07-17","purchased_purges":1,"victory":true,"max_hp_per_floor":[64,64,69,69,69,69,69,69,69,69,69,69,69,69,69,69,69,69,69,69,69,69,69,69,71,71,71,71,73,73,75,75,75,75,77,79,79,83,85,85,87,84,84,91,91,95,99,103,103,103],"card_choices":[{"not_picked":["All For One","Creative AI"],"picked":"Buffer","floor":0.0},{"not_picked":["Skim","Barrage"],"picked":"Gash","floor":1.0},{"not_picked":["Steam","Redo"],"picked":"Barrage","floor":4.0},{"not_picked":["Compile Driver","Force Field"],"picked":"Go for the Eyes","floor":5.0},{"not_picked":["Doom and Gloom","Fusion"],"picked":"Streamline","floor":8.0},{"not_picked":["Storm","Steam"],"picked":"Gash","floor":10.0},{"not_picked":["Ball Lightning","Doom and Gloom"],"picked":"Chill","floor":11.0},{"not_picked":["Creative AI","Streamline"],"picked":"Steam","floor":11.0},{"not_picked":["Capacitor","Undo"],"picked":"Defragment","floor":13.0},{"not_picked":["Rainbow","Creative AI"],"picked":"Core Surge","floor":16.0},{"not_picked":["Consume","Go for the Eyes"],"picked":"Hologram","floor":18.0},{"not_picked":["Streamline+1","Lockon","Redo"],"picked":"SKIP","floor":18.0},{"not_picked":["Redo","Scrape"],"picked":"Defragment","floor":20.0},{"not_picked":["BootSequence","Tempest+1"],"picked":"Go for the Eyes+1","floor":20.0},{"not_picked":["Seek","Hello World"],"picked":"Cold Snap","floor":21.0},{"not_picked":["Aggregate","Stack","Redo"],"picked":"SKIP","floor":21.0},{"not_picked":["Tempest","Stack","Streamline"],"picked":"Singing Bowl","floor":25.0},{"not_picked":["Streamline","Turbo"],"picked":"Melter","floor":25.0},{"not_picked":["Sweeping Beam","Barrage"],"picked":"Reinforced Body","floor":29.0},{"not_picked":["Darkness+1","Conserve Battery","Ball Lightning"],"picked":"Singing Bowl","floor":29.0},{"not_picked":["Self Repair+1","Genetic Algorithm"],"picked":"Capacitor","floor":31.0},{"not_picked":["Undo","Rebound","Ball Lightning"],"picked":"Singing Bowl","floor":31.0},{"not_picked":["Creative AI","Rainbow"],"picked":"Seek","floor":33.0},{"not_picked":["Beam Cell+1","Fusion","Turbo"],"picked":"Singing Bowl","floor":35.0},{"not_picked":["Turbo+1","Redo"],"picked":"Gash","floor":35.0},{"not_picked":["Streamline","Aggregate"],"picked":"Hologram","floor":36.0},{"not_picked":["Self Repair","Gash+1","Recycle"],"picked":"Singing Bowl","floor":36.0},{"not_picked":["Fusion","Go for the Eyes","Sweeping Beam+1"],"picked":"Singing Bowl","floor":38.0},{"not_picked":["Cold Snap","Compile Driver+1","Gash"],"picked":"Singing Bowl","floor":38.0},{"not_picked":["Barrage","Defragment"],"picked":"Glacier","floor":39.0},{"not_picked":["Barrage","Reprogram","Melter"],"picked":"Singing Bowl","floor":39.0},{"not_picked":["Core Surge","Reprogram"],"picked":"Barrage","floor":41},{"not_picked":["Rebound","Go for the Eyes+1","Compile Driver"],"picked":"Singing Bowl","floor":41},{"not_picked":["Consume","Beam Cell","Cold Snap"],"picked":"Singing Bowl","floor":46},{"not_picked":["Scrape+1","Barrage+1","Sweeping Beam"],"picked":"Singing Bowl","floor":46},{"not_picked":["Hologram","Electrodynamics","Capacitor"],"picked":"Singing Bowl","floor":47},{"not_picked":["Steam Power","Ball Lightning","Rebound"],"picked":"Singing Bowl","floor":47},{"not_picked":["Double Energy","Glacier","Cold Snap+1"],"picked":"Singing Bowl","floor":48},{"not_picked":["Steam+1","Glacier+1","Beam Cell"],"picked":"Singing Bowl","floor":48}],"player_experience":740254,"relics_obtained":[{"floor":8.0,"key":"Odd Mushroom"},{"floor":9.0,"key":"Bottled Tornado"},{"floor":10.0,"key":"Prayer Wheel"},{"floor":13.0,"key":"Peace Pipe"},{"floor":22.0,"key":"Singing Bowl"},{"floor":26.0,"key":"Incense Burner"},{"floor":43,"key":"Bottled Lightning"},{"floor":44,"key":"Strawberry"}],"event_choices":[{"damage_healed":0.0,"max_hp_gain":0.0,"max_hp_loss":0.0,"gold_gain":0.0,"event_name":"Living Wall","player_choice":"Grow","floor":2.0,"gold_loss":0.0,"damage_taken":0.0,"cards_upgraded":["Buffer"]},{"damage_healed":0.0,"max_hp_gain":5.0,"max_hp_loss":0.0,"gold_gain":0.0,"event_name":"Big Fish","player_choice":"Donut","floor":3.0,"gold_loss":0.0,"damage_taken":0.0},{"cards_removed":["Strike_B"],"damage_healed":0.0,"max_hp_gain":0.0,"max_hp_loss":0.0,"gold_gain":0.0,"event_name":"The Cleric","player_choice":"Card Removal","floor":7.0,"gold_loss":75.0,"damage_taken":0.0},{"damage_healed":0.0,"max_hp_gain":0.0,"max_hp_loss":0.0,"gold_gain":0.0,"event_name":"Mushrooms","player_choice":"Fought Mushrooms","floor":8.0,"gold_loss":0.0,"damage_taken":0.0},{"damage_healed":0.0,"max_hp_gain":0.0,"max_hp_loss":0.0,"gold_gain":0.0,"event_name":"Back to Basics","player_choice":"Simplicity","floor":19.0,"gold_loss":0.0,"damage_taken":0.0,"cards_upgraded":["Strike_B","Strike_B","Defend_B","Defend_B","Defend_B","Defend_B"]},{"damage_healed":0.0,"max_hp_gain":0.0,"max_hp_loss":0.0,"gold_gain":0.0,"event_name":"Drug Dealer","player_choice":"Inject Mutagens","floor":24.0,"gold_loss":0.0,"damage_taken":0.0,"relics_obtained":["MutagenicStrength"]},{"damage_healed":0.0,"max_hp_gain":0.0,"max_hp_loss":0.0,"gold_gain":0.0,"event_name":"The Woman in Blue","player_choice":"Bought 1 Potion","floor":28.0,"gold_loss":0.0,"damage_taken":0.0}],"is_beta":false,"boss_relics":[{"not_picked":["Black Star","Empty Cage"],"picked":"Nuclear Battery"},{"not_picked":["Runic Dome","Eternal Feather"],"picked":"Fusion Hammer"}],"items_purged_floors":[14],"is_endless":false,"potions_floor_spawned":[1,10,11,16,18,21,29,31,38,41,47],"ascension_level":19}