{"gold_per_floor":[113,188,198,198,298,298,324,324,324,8,34,46,58,69,69,166,166,184,31,31,31,47,79,79,138,138,138,173,184,184,196,196,295,295,312,331,351,21,0,0,0,0,0,30,30,43,73,92,92,92,92,92,0,29,29],"floor_reached":55,"playtime":9703,"items_purged":[],"score":879,"play_id":"fb1972ca-20b8-43e9-acbe-dd5a7d107764","local_time":"20191005235922","is_ascension_mode":true,"campfire_choices":[{"data":"Hologram","floor":6.0,"key":"SMITH"},{"floor":8,"key":"REST"},{"floor":15,"key":"REST"},{"floor":24,"key":"REST"},{"floor":27,"key":"REST"},{"floor":30,"key":"REST"},{"data":"Fusion","floor":32,"key":"SMITH"},{"floor":40,"key":"RECALL"},{"data":"Panache","floor":42,"key":"SMITH"},{"data":"Blind","floor":49,"key":"SMITH"},{"data":"Force Field","floor":52,"key":"SMITH"}],"neow_cost":"NONE","seed_source_timestamp":273869156543367,"circlet_count":0,"master_deck":["Strike_B","Strike_B","Strike_B","Defend_B","Defend_B","Defend_B","Defend_B","Zap+1","Dualcast","Cold Snap","Hologram+1","Seek","Panache+1","Force Field+1","All For One","Fusion+1","White Noise","Creative AI","Doom and Gloom","Storm","Leap","Doom and Gloom","Storm","Coolheaded","Rainbow","Skim+1","Skim+1","Loop","Thinking Ahead","Blind+1","Writhe","Creative AI","Loop","Hologram+1","Blind"],"special_seed":0,"relics":["Cracked Core","Blue Candle","Letter Opener","Orichalcum","Bird Faced Urn","Busted Crown","Nilry\u0027s Codex","Shuriken","Tiny Chest","Dream Catcher","Cursed Key","Cables","Red Mask","Gremlin Horn","Mummified Hand","Ancient Tea Set","Pocketwatch"],"potions_floor_usage":[14,16,25,28,29,29,33,33,37],"damage_taken":[{"damage":2.0,"enemies":"Jaw Worm","floor":1.0,"turns":3.0},{"damage":5.0,"enemies":"Small Slimes","floor":3.0,"turns":2.0},{"damage":40,"enemies":"Lagavulin","floor":7,"turns":7},{"damage":24,"enemies":"Gremlin Nob","floor":11,"turns":5},{"damage":0,"enemies":"Cultist","floor":12,"turns":4},{"damage":3,"enemies":"Looter","floor":13,"turns":2},{"damage":0,"enemies":"Large Slime","floor":14,"turns":4},{"damage":17,"enemies":"The Guardian","floor":16,"turns":13},{"damage":28,"enemies":"2 Thieves","floor":18,"turns":3},{"damage":26,"enemies":"3 Byrds","floor":22,"turns":3},{"damage":33,"enemies":"Book of Stabbing","floor":23,"turns":6},{"damage":28,"enemies":"Slavers","floor":25,"turns":4},{"damage":18,"enemies":"Book of Stabbing","floor":28,"turns":5},{"damage":17,"enemies":"Shelled Parasite and Fungi","floor":29,"turns":4},{"damage":0,"enemies":"Snecko","floor":31,"turns":4},{"damage":28,"enemies":"Collector","floor":33,"turns":9},{"damage":29,"enemies":"3 Darklings","floor":35,"turns":3},{"damage":11,"enemies":"Orb Walker","floor":36,"turns":3},{"damage":12,"enemies":"3 Darklings","floor":37,"turns":5},{"damage":38,"enemies":"Nemesis","floor":44,"turns":7},{"damage":14,"enemies":"Writhing Mass","floor":46,"turns":4},{"damage":11,"enemies":"Reptomancer","floor":47,"turns":4},{"damage":19,"enemies":"Maw","floor":48,"turns":5},{"damage":37,"enemies":"Donu and Deca","floor":50,"turns":6},{"damage":85,"enemies":"Shield and Spear","floor":54,"turns":6},{"damage":33,"enemies":"The Heart","floor":55,"turns":2}],"seed_played":"6804238911811057995","potions_obtained":[{"floor":7,"key":"SpeedPotion"},{"floor":12,"key":"SpeedPotion"},{"floor":23,"key":"EntropicBrew"},{"floor":28,"key":"GamblersBrew"},{"floor":29,"key":"Poison Potion"},{"floor":35,"key":"SpeedPotion"},{"floor":36,"key":"SteroidPotion"}],"is_trial":false,"path_per_floor":["M","?","M","?","?","R","E","R","T","$","E","M","M","M","R","B",null,"M","$","?","?","M","E","R","E","T","R","E","M","R","M","R","B",null,"M","M","M","$","?","R","?","R","T","E","?","M","E","M","R","B",null,"R","$","E","B"],"character_chosen":"DEFECT","items_purchased":["Orichalcum","Panache","Doom and Gloom","Storm","Cables","Loop","Blind"],"campfire_rested":5,"item_purchase_floors":[10,10,19,19,38,38,53],"current_hp_per_floor":[73,62,57,62,62,62,22,46,46,46,22,24,23,25,49,36,80,58,58,42,42,24,15,39,23,23,47,39,32,56,66,66,50,80,59,56,56,56,56,56,51,51,51,27,27,29,38,41,41,32,80,80,80,25,0],"gold":29,"neow_bonus":"UPGRADE_CARD","is_prod":false,"is_daily":false,"chose_seed":false,"campfire_upgraded":5,"win_rate":0,"timestamp":1570334362,"path_taken":["M","?","M","?","?","R","E","R","T","$","E","M","M","M","R","BOSS","M","?","?","?","M","E","R","E","T","R","E","M","R","?","R","BOSS","M","M","M","$","?","R","?","R","T","E","?","?","E","M","R","BOSS","R","$","E","BOSS"],"build_version":"2019-07-17","purchased_purges":0,"victory":false,"max_hp_per_floor":[75,75,75,80,80,80,80,80,80,80,80,80,80,80,80,80,80,80,80,80,80,80,80,80,80,80,80,80,80,80,80,80,80,80,80,80,80,80,80,80,80,80,80,80,80,80,80,80,80,80,80,80,80,80,80],"card_choices":[{"not_picked":["Coolheaded","Conserve Battery"],"picked":"Cold Snap","floor":1.0},{"not_picked":["Steam Power","Storm"],"picked":"Hologram","floor":3.0},{"not_picked":["Stack","Go for the Eyes"],"picked":"Seek","floor":7},{"not_picked":["Ball Lightning","Coolheaded"],"picked":"Force Field","floor":11},{"not_picked":["FTL","Coolheaded"],"picked":"All For One","floor":12},{"not_picked":["Streamline","Conserve Battery"],"picked":"Fusion","floor":13},{"not_picked":["Sweeping Beam","Glacier"],"picked":"White Noise","floor":14},{"not_picked":["Thunder Strike","Electrodynamics"],"picked":"Creative AI","floor":16},{"not_picked":["Blizzard"],"picked":"SKIP","floor":18},{"not_picked":["Rip and Tear"],"picked":"SKIP","floor":22},{"not_picked":[],"picked":"Leap","floor":23},{"not_picked":[],"picked":"Doom and Gloom","floor":25},{"not_picked":["Aggregate"],"picked":"SKIP","floor":28},{"not_picked":["Compile Driver"],"picked":"SKIP","floor":29},{"not_picked":[],"picked":"Storm","floor":30},{"not_picked":[],"picked":"Coolheaded","floor":31},{"not_picked":[],"picked":"Rainbow","floor":33},{"not_picked":["Beam Cell"],"picked":"SKIP","floor":35},{"not_picked":[],"picked":"Skim+1","floor":36},{"not_picked":[],"picked":"Skim+1","floor":37},{"not_picked":[],"picked":"Thinking Ahead","floor":41},{"not_picked":[],"picked":"Blind","floor":41},{"not_picked":["Genetic Algorithm"],"picked":"SKIP","floor":44},{"not_picked":["Compile Driver"],"picked":"SKIP","floor":46},{"not_picked":[],"picked":"Loop","floor":47},{"not_picked":[],"picked":"Hologram+1","floor":48},{"not_picked":["Recycle"],"picked":"SKIP","floor":54}],"player_experience":444967,"relics_obtained":[{"floor":7,"key":"Blue Candle"},{"floor":9,"key":"Letter Opener"},{"floor":11,"key":"Bird Faced Urn"},{"floor":20,"key":"Nilry\u0027s Codex"},{"floor":23,"key":"Shuriken"},{"floor":25,"key":"Tiny Chest"},{"floor":28,"key":"Dream Catcher"},{"floor":43,"key":"Gremlin Horn"},{"floor":44,"key":"Mummified Hand"},{"floor":47,"key":"Ancient Tea Set"},{"floor":54,"key":"Pocketwatch"}],"event_choices":[{"damage_healed":0.0,"max_hp_gain":0.0,"max_hp_loss":0.0,"gold_gain":75.0,"event_name":"World of Goop","player_choice":"Gather Gold","floor":2.0,"gold_loss":0.0,"damage_taken":11.0},{"damage_healed":0.0,"max_hp_gain":5.0,"max_hp_loss":0.0,"gold_gain":0.0,"event_name":"Big Fish","player_choice":"Donut","floor":4.0,"gold_loss":0.0,"damage_taken":0.0},{"damage_healed":0.0,"max_hp_gain":0.0,"max_hp_loss":0.0,"gold_gain":100.0,"event_name":"Golden Shrine","player_choice":"Pray","floor":5.0,"gold_loss":0.0,"damage_taken":0.0},{"damage_healed":0,"gold_gain":0,"player_choice":"Obtained Book","damage_taken":16,"max_hp_gain":0,"max_hp_loss":0,"event_name":"Cursed Tome","floor":20,"gold_loss":0},{"cards_removed":["Strike_B"],"damage_healed":0,"gold_gain":0,"player_choice":"Card Removal","damage_taken":0,"max_hp_gain":0,"max_hp_loss":0,"event_name":"Wheel of Change","floor":21,"gold_loss":0},{"damage_healed":0,"gold_gain":0,"player_choice":"Paid","damage_taken":0,"relics_obtained":["Red Mask"],"max_hp_gain":0,"max_hp_loss":0,"event_name":"Tomb of Lord Red Mask","floor":39,"gold_loss":21},{"damage_healed":0,"gold_gain":0,"player_choice":"Memory 2","damage_taken":5,"max_hp_gain":0,"max_hp_loss":0,"event_name":"SensoryStone","floor":41,"gold_loss":0},{"damage_healed":0,"gold_gain":0,"player_choice":"Copied","damage_taken":0,"max_hp_gain":0,"max_hp_loss":0,"event_name":"Duplicator","floor":45,"gold_loss":0,"cards_obtained":["Creative AI"]}],"is_beta":false,"boss_relics":[{"not_picked":["Fusion Hammer","Pandora\u0027s Box"],"picked":"Busted Crown"},{"not_picked":["Nuclear Battery","FrozenCore"],"picked":"Cursed Key"}],"items_purged_floors":[],"is_endless":false,"potions_floor_spawned":[7,12,23,28,29,35,36],"killed_by":"The Heart","ascension_level":3}