{"gold_per_floor":[119,119,46,121,221,221,247,260,260,260,71,91,91,111,111,209,209,223,223,235,235,86,86,51,51,100,100,112,131,131,131,131,131],"floor_reached":33,"playtime":2190,"items_purged":["Strike_R","Strike_R"],"score":241,"play_id":"643b57f8-61e4-4e3d-b7e1-558187740459","local_time":"20191020125410","is_ascension_mode":false,"campfire_choices":[{"data":"Blind","floor":6,"key":"SMITH"},{"floor":10,"key":"REST"},{"data":"Flame Barrier","floor":13,"key":"SMITH"},{"data":"Shockwave","floor":15,"key":"SMITH"},{"data":"Carnage","floor":23,"key":"SMITH"},{"data":"Inflame","floor":25,"key":"SMITH"},{"data":"Bash","floor":27,"key":"SMITH"},{"floor":30,"key":"REST"},{"floor":32,"key":"REST"}],"neow_cost":"NONE","seed_source_timestamp":8837860733900,"circlet_count":0,"master_deck":["Strike_R","Strike_R","Strike_R","Defend_R","Defend_R","Defend_R","Defend_R","Bash+1","Blind+1","Havoc","Carnage+1","Flame Barrier+1","Pummel","Clothesline","Inflame+1","Shockwave+1","Impervious","Shrug It Off+1","Shrug It Off","Shrug It Off","Pummel","Armaments"],"relics":["Burning Blood"],"potions_floor_usage":[28,29,33,33],"damage_taken":[{"damage":5,"enemies":"Jaw Worm","floor":1,"turns":4},{"damage":35,"enemies":"3 Sentries","floor":7,"turns":10},{"damage":0,"enemies":"Small Slimes","floor":8,"turns":3},{"damage":0,"enemies":"Cultist","floor":12,"turns":3},{"damage":6,"enemies":"3 Louse","floor":14,"turns":4},{"damage":52,"enemies":"The Guardian","floor":16,"turns":13},{"damage":2,"enemies":"Chosen","floor":18,"turns":4},{"damage":5,"enemies":"3 Byrds","floor":20,"turns":8},{"damage":0,"enemies":"Snecko","floor":28,"turns":5},{"damage":66,"enemies":"3 Cultists","floor":29,"turns":9},{"damage":72,"enemies":"Automaton","floor":33,"turns":10}],"seed_played":"7706535168933812388","potions_obtained":[{"floor":8,"key":"FearPotion"},{"floor":16,"key":"SteroidPotion"},{"floor":18,"key":"GamblersBrew"},{"floor":28,"key":"Swift Potion"}],"is_trial":false,"path_per_floor":["M","?","$","?","?","R","E","M","T","R","$","M","R","M","R","B",null,"M","?","M","?","$","R","$","R","T","R","M","M","R","T","R","B"],"character_chosen":"IRONCLAD","items_purchased":["Carnage","Clothesline","Inflame","Shrug It Off","Pummel"],"campfire_rested":3,"item_purchase_floors":[3,11,11,22,24],"current_hp_per_floor":[80,80,80,69,69,69,40,46,46,70,70,76,76,76,76,30,80,80,80,80,65,65,65,65,65,65,65,71,11,36,36,61,0],"gold":131,"neow_bonus":"RANDOM_COLORLESS","is_prod":false,"is_daily":false,"chose_seed":false,"campfire_upgraded":6,"win_rate":0,"timestamp":1571601250,"path_taken":["M","?","$","?","?","R","E","?","T","R","$","M","R","M","R","BOSS","M","?","M","?","$","R","?","R","T","R","M","M","R","?","R","BOSS"],"build_version":"2019-07-17","purchased_purges":2,"victory":false,"max_hp_per_floor":[80,80,80,80,80,80,80,80,80,80,80,80,80,80,80,80,80,80,80,80,85,85,85,85,85,85,85,85,85,85,85,85,85],"card_choices":[{"not_picked":["Thunderclap","Flex"],"picked":"Havoc","floor":1},{"not_picked":["Barricade","Cleave"],"picked":"Flame Barrier","floor":7},{"not_picked":["Havoc","Sword Boomerang"],"picked":"Pummel","floor":8},{"not_picked":["Bloodletting","Anger","Feel No Pain"],"picked":"SKIP","floor":12},{"not_picked":["Thunderclap","Warcry"],"picked":"Shockwave","floor":14},{"not_picked":["Fiend Fire","Berserk"],"picked":"Impervious","floor":16},{"not_picked":["Disarm","Cleave+1"],"picked":"Shrug It Off+1","floor":18},{"not_picked":["Pummel","Anger"],"picked":"Shrug It Off","floor":20},{"not_picked":["Blood for Blood","Havoc"],"picked":"Armaments","floor":28},{"not_picked":["Reckless Charge","Wild Strike","Thunderclap+1"],"picked":"SKIP","floor":29}],"player_experience":723319,"relics_obtained":[],"event_choices":[{"damage_healed":0,"gold_gain":0,"player_choice":"Ignored","damage_taken":0,"max_hp_gain":0,"max_hp_loss":0,"event_name":"Golden Idol","floor":2,"gold_loss":0},{"damage_healed":0,"gold_gain":75,"player_choice":"Gather Gold","damage_taken":11,"max_hp_gain":0,"max_hp_loss":0,"event_name":"World of Goop","floor":4,"gold_loss":0},{"damage_healed":0,"gold_gain":100,"player_choice":"Pray","damage_taken":0,"max_hp_gain":0,"max_hp_loss":0,"event_name":"Golden Shrine","floor":5,"gold_loss":0},{"damage_healed":0,"gold_gain":0,"player_choice":"Ignored","damage_taken":0,"max_hp_gain":0,"max_hp_loss":0,"event_name":"Cursed Tome","floor":19,"gold_loss":0},{"damage_healed":0,"gold_gain":0,"player_choice":"Shed Blood","damage_taken":20,"max_hp_gain":5,"max_hp_loss":0,"event_name":"Forgotten Altar","floor":21,"gold_loss":0}],"is_beta":false,"boss_relics":[{"not_picked":["Velvet Choker","Snecko Eye","White Beast Statue"]}],"items_purged_floors":[11,22],"is_endless":false,"potions_floor_spawned":[8,16,18,28],"killed_by":"Automaton","ascension_level":0}