{"gold_per_floor":[119,137,156,171,171,171,206,222,222,242,267,267,35,60,60,161,161,176,101,120,42,58,88,88,115,167,197,197,197,232,245,245,343,343,357,357,2,21,21,55,55,55,82,102,1,1,36,46,46,46,46,46,20,49,49],"floor_reached":55,"playtime":9599,"items_purged":["Parasite"],"score":900,"play_id":"63154f1d-ef39-46ce-aee5-444a2f70929b","local_time":"20191005003606","is_ascension_mode":true,"campfire_choices":[{"data":"Fusion","floor":6,"key":"SMITH"},{"data":"Sunder","floor":12,"key":"SMITH"},{"data":"Fission","floor":15,"key":"SMITH"},{"data":"Rainbow","floor":24,"key":"SMITH"},{"data":"Defragment","floor":28,"key":"SMITH"},{"data":"Echo Form","floor":32,"key":"SMITH"},{"floor":41,"key":"RECALL"},{"data":"Enlightenment","floor":46,"key":"SMITH"},{"data":"Madness","floor":49,"key":"SMITH"},{"data":"Madness","floor":52,"key":"SMITH"}],"neow_cost":"PERCENT_DAMAGE","seed_source_timestamp":255075153309780,"circlet_count":0,"master_deck":["Strike_B","Strike_B","Defend_B","Defend_B","Defend_B","Defend_B","Zap","Dualcast","Fusion+1","Doom and Gloom","Self Repair","Coolheaded","Rainbow+1","Compile Driver","Sunder+1","Loop","Redo","Defragment+1","Stack","Fission+1","Machine Learning","White Noise+1","Conserve Battery","Defragment","Leap","Streamline+1","Hello World+1","Parasite","Undo+1","RitualDagger","Echo Form+1","Static Discharge","Echo Form","Madness+1","Madness+1","Dark Shackles","Enlightenment+1","Defragment","Turbo"],"relics":["Cracked Core","Pocketwatch","Pear","Ice Cream","Gremlin Horn","Anchor","Bird Faced Urn","Cursed Key","Singing Bowl","Art of War","DataDisk","Blood Vial","Smiling Mask","Runic Pyramid","PreservedInsect","ClockworkSouvenir","Regal Pillow","Vajra","Pen Nib"],"potions_floor_usage":[7,11,11,14,16,27,38,38,44,48,55,55,55],"damage_taken":[{"damage":2,"enemies":"2 Louse","floor":1,"turns":2},{"damage":0,"enemies":"Small Slimes","floor":2,"turns":3},{"damage":7,"enemies":"Jaw Worm","floor":3,"turns":3},{"damage":0,"enemies":"Exordium Wildlife","floor":4,"turns":3},{"damage":14,"enemies":"Gremlin Nob","floor":7,"turns":3},{"damage":16,"enemies":"Gremlin Gang","floor":8,"turns":4},{"damage":0,"enemies":"Large Slime","floor":10,"turns":3},{"damage":13,"enemies":"Lagavulin","floor":11,"turns":4},{"damage":16,"enemies":"Gremlin Nob","floor":14,"turns":3},{"damage":4,"enemies":"The Guardian","floor":16,"turns":8},{"damage":17,"enemies":"Spheric Guardian","floor":18,"turns":4},{"damage":13,"enemies":"Shell Parasite","floor":20,"turns":5},{"damage":15,"enemies":"Snecko","floor":22,"turns":5},{"damage":39,"enemies":"Slavers","floor":23,"turns":5},{"damage":11,"enemies":"Gremlin Leader","floor":25,"turns":6},{"damage":1,"enemies":"Slavers","floor":27,"turns":5},{"damage":12,"enemies":"Gremlin Leader","floor":30,"turns":5},{"damage":6,"enemies":"Chosen and Byrds","floor":31,"turns":5},{"damage":35,"enemies":"Champ","floor":33,"turns":9},{"damage":0,"enemies":"3 Shapes","floor":35,"turns":5},{"damage":10,"enemies":"3 Darklings","floor":38,"turns":3},{"damage":2,"enemies":"Nemesis","floor":40,"turns":5},{"damage":57,"enemies":"Transient","floor":44,"turns":5},{"damage":3,"enemies":"Giant Head","floor":47,"turns":8},{"damage":9,"enemies":"Maw","floor":48,"turns":6},{"damage":82,"enemies":"Time Eater","floor":50,"turns":10},{"damage":54,"enemies":"Shield and Spear","floor":54,"turns":8},{"damage":105,"enemies":"The Heart","floor":55,"turns":6}],"seed_played":"-5547842149945041028","potions_obtained":[{"floor":3,"key":"FearPotion"},{"floor":7,"key":"GamblersBrew"},{"floor":8,"key":"Explosive Potion"},{"floor":10,"key":"AttackPotion"},{"floor":11,"key":"Regen Potion"},{"floor":25,"key":"AttackPotion"},{"floor":27,"key":"Fire Potion"},{"floor":33,"key":"Strength Potion"},{"floor":36,"key":"FocusPotion"},{"floor":36,"key":"Explosive Potion"},{"floor":40,"key":"GamblersBrew"},{"floor":48,"key":"FearPotion"},{"floor":54,"key":"Energy Potion"}],"is_trial":false,"path_per_floor":["M","M","M","M","?","R","E","M","T","M","E","R","$","E","R","B",null,"M","?","M","$","M","E","R","E","T","E","R","?","E","M","R","B",null,"M","?","$","M","?","E","R","?","T","M","$","R","E","M","R","B",null,"R","$","E","B"],"character_chosen":"DEFECT","items_purchased":["Anchor","Defragment","Stack","Defragment","PreservedInsect","ClockworkSouvenir","Energy Potion","Turbo"],"campfire_rested":0,"item_purchase_floors":[13,13,13,21,37,37,45,53],"current_hp_per_floor":[52,52,45,52,52,52,55,46,46,53,47,47,47,47,47,56,85,69,69,73,73,75,46,46,54,54,74,74,68,79,85,85,58,85,87,87,87,89,78,91,91,86,86,44,44,44,87,92,92,39,92,92,92,63,0],"gold":49,"neow_bonus":"ONE_RARE_RELIC","is_prod":false,"is_daily":false,"chose_seed":false,"campfire_upgraded":9,"win_rate":0,"timestamp":1570250166,"path_taken":["M","M","M","M","?","R","E","M","T","M","E","R","$","E","R","BOSS","M","?","M","$","M","E","R","E","T","E","R","?","E","?","R","BOSS","M","?","$","?","?","E","R","?","T","M","?","R","E","M","R","BOSS","R","$","E","BOSS"],"build_version":"2019-07-17","purchased_purges":1,"victory":false,"max_hp_per_floor":[75,75,75,75,75,75,85,85,85,85,85,85,85,85,85,85,85,85,85,85,85,85,85,85,85,85,85,85,85,85,85,85,85,85,87,87,87,89,89,91,91,91,91,91,88,88,90,92,92,92,92,92,92,94,94],"card_choices":[{"not_picked":["Redo","Gash"],"picked":"Fusion","floor":1},{"not_picked":["Capacitor","BootSequence"],"picked":"Doom and Gloom","floor":2},{"not_picked":["Go for the Eyes","Fusion"],"picked":"Self Repair","floor":3},{"not_picked":["Aggregate","Go for the Eyes"],"picked":"Coolheaded","floor":4},{"not_picked":["Rip and Tear","Aggregate"],"picked":"Compile Driver","floor":7},{"not_picked":["Steam","Barrage"],"picked":"Sunder","floor":8},{"not_picked":["Gash","Hologram"],"picked":"Loop","floor":10},{"not_picked":["Compile Driver","Ball Lightning"],"picked":"Redo","floor":11},{"not_picked":["Sweeping Beam","Steam Power"],"picked":"Fission","floor":14},{"not_picked":["Rainbow","Reboot"],"picked":"Machine Learning","floor":16},{"not_picked":["Sweeping Beam+1","Genetic Algorithm"],"picked":"White Noise+1","floor":18},{"not_picked":["Streamline+1","Redo"],"picked":"Conserve Battery","floor":20},{"not_picked":["Streamline","Rebound+1"],"picked":"Leap","floor":22},{"not_picked":["Steam","Gash"],"picked":"Streamline+1","floor":23},{"not_picked":["Go for the Eyes","Auto Shields"],"picked":"Hello World+1","floor":25},{"not_picked":["Self Repair","Cold Snap"],"picked":"Undo+1","floor":27},{"not_picked":["Gash+1","Hologram"],"picked":"Echo Form","floor":30},{"not_picked":["Compile Driver","BootSequence"],"picked":"Static Discharge","floor":31},{"not_picked":["Core Surge","Reboot"],"picked":"Echo Form","floor":33},{"not_picked":["Cold Snap","Rip and Tear","Ball Lightning+1"],"picked":"Singing Bowl","floor":35},{"not_picked":["Conserve Battery+1","Go for the Eyes+1","Gash+1"],"picked":"Singing Bowl","floor":38},{"not_picked":["Aggregate","Go for the Eyes+1","Compile Driver+1"],"picked":"Singing Bowl","floor":40},{"not_picked":["Swift Strike","Trip"],"picked":"Dark Shackles","floor":42},{"not_picked":["Flash of Steel","Deep Breath"],"picked":"Enlightenment","floor":42},{"not_picked":["Chaos","Conserve Battery+1"],"picked":"Defragment","floor":44},{"not_picked":["Gash+1","Redo","Chaos+1"],"picked":"Singing Bowl","floor":47},{"not_picked":["Compile Driver","Redo+1","Hologram"],"picked":"Singing Bowl","floor":48},{"not_picked":["BootSequence","Barrage+1","Hyperbeam"],"picked":"Singing Bowl","floor":54}],"player_experience":435368,"relics_obtained":[{"floor":7,"key":"Pear"},{"floor":9,"key":"Ice Cream"},{"floor":11,"key":"Gremlin Horn"},{"floor":14,"key":"Bird Faced Urn"},{"floor":23,"key":"Singing Bowl"},{"floor":25,"key":"Art of War"},{"floor":26,"key":"DataDisk"},{"floor":27,"key":"Blood Vial"},{"floor":30,"key":"Smiling Mask"},{"floor":40,"key":"Regal Pillow"},{"floor":47,"key":"Vajra"},{"floor":54,"key":"Pen Nib"}],"event_choices":[{"damage_healed":0,"gold_gain":0,"cards_transformed":["Strike_B"],"player_choice":"Change","damage_taken":0,"max_hp_gain":0,"max_hp_loss":0,"event_name":"Living Wall","floor":5,"gold_loss":0,"cards_obtained":["Rainbow"]},{"cards_removed":["Strike_B"],"damage_healed":0,"gold_gain":0,"player_choice":"Gave Gold","damage_taken":0,"max_hp_gain":0,"max_hp_loss":0,"event_name":"Beggar","floor":19,"gold_loss":75},{"damage_healed":0,"gold_gain":0,"player_choice":"Joined the Cult","damage_taken":6,"max_hp_gain":0,"max_hp_loss":0,"event_name":"Nest","floor":29,"gold_loss":0,"cards_obtained":["RitualDagger"]},{"damage_healed":0,"gold_gain":0,"player_choice":"Got Potions","damage_taken":0,"max_hp_gain":0,"max_hp_loss":0,"event_name":"Lab","floor":36,"gold_loss":0},{"damage_healed":0,"gold_gain":0,"player_choice":"Embrace Madness","damage_taken":11,"max_hp_gain":0,"max_hp_loss":0,"event_name":"Winding Halls","floor":39,"gold_loss":0,"cards_obtained":["Madness","Madness"]},{"damage_healed":0,"gold_gain":0,"player_choice":"Memory 2","damage_taken":5,"max_hp_gain":0,"max_hp_loss":0,"event_name":"SensoryStone","floor":42,"gold_loss":0}],"is_beta":false,"boss_relics":[{"not_picked":["Calling Bell","Ectoplasm"],"picked":"Cursed Key"},{"not_picked":["Philosopher\u0027s Stone","Eternal Feather"],"picked":"Runic Pyramid"}],"items_purged_floors":[45],"is_endless":false,"potions_floor_spawned":[3,7,8,10,11,25,27,33,40,48,54],"killed_by":"The Heart","ascension_level":2}