{"gold_per_floor":[110,125,50,0,20,20,20,35,35,35,46,74,74,90,90,90],"floor_reached":16,"playtime":1875,"items_purged":["Strike_R"],"score":143,"play_id":"1aec56a0-f7d7-4f78-819b-21ead1c8ce74","local_time":"20191027011559","is_ascension_mode":true,"campfire_choices":[{"data":"Body Slam","floor":7,"key":"SMITH"},{"data":"Shockwave","floor":13,"key":"SMITH"},{"data":"True Grit","floor":15,"key":"SMITH"}],"neow_cost":"NONE","seed_source_timestamp":1002618279073137,"circlet_count":0,"master_deck":["Strike_R","Strike_R","Defend_R","Defend_R","Defend_R","Defend_R","Bash","Body Slam+1","True Grit+1","Headbutt","Shockwave+1","Heavy Blade+1","Thunderclap+1","Intimidate+1"],"relics":["Burning Blood","Molten Egg 2","Toxic Egg 2"],"potions_floor_usage":[5,14,16],"damage_taken":[{"damage":8,"enemies":"2 Louse","floor":1,"turns":3},{"damage":4,"enemies":"Small Slimes","floor":2,"turns":5},{"damage":0,"enemies":"Jaw Worm","floor":5,"turns":3},{"damage":2,"enemies":"Looter","floor":8,"turns":3},{"damage":2,"enemies":"Exordium Thugs","floor":11,"turns":5},{"damage":47,"enemies":"3 Sentries","floor":12,"turns":10},{"damage":8,"enemies":"Large Slime","floor":14,"turns":7},{"damage":43,"enemies":"The Guardian","floor":16,"turns":16}],"seed_played":"-8560172044911980927","potions_obtained":[{"floor":2,"key":"EssenceOfSteel"},{"floor":5,"key":"FearPotion"},{"floor":12,"key":"Fire Potion"},{"floor":14,"key":"LiquidBronze"}],"is_trial":false,"path_per_floor":["M","M","$","?","M","?","R","M","T","$","M","E","R","M","R","B"],"character_chosen":"IRONCLAD","items_purchased":[],"campfire_rested":0,"item_purchase_floors":[],"current_hp_per_floor":[70,72,72,72,78,71,71,75,75,75,79,38,38,36,36,0],"gold":90,"neow_bonus":"THREE_CARDS","is_prod":false,"is_daily":false,"chose_seed":false,"campfire_upgraded":3,"win_rate":0,"timestamp":1572153359,"path_taken":["M","M","$","?","M","?","R","M","T","$","M","E","R","M","R","BOSS"],"build_version":"2019-07-17","purchased_purges":1,"victory":false,"max_hp_per_floor":[80,80,80,80,80,80,80,80,80,80,80,80,80,80,80,80],"card_choices":[{"not_picked":["Heavy Blade","Clash"],"picked":"Body Slam","floor":0},{"not_picked":["Body Slam","Corruption"],"picked":"True Grit","floor":1},{"not_picked":["Body Slam","Intimidate"],"picked":"Headbutt","floor":2},{"not_picked":["Sentinel","Havoc","Warcry"],"picked":"SKIP","floor":5},{"not_picked":["Heavy Blade","Iron Wave"],"picked":"Shockwave","floor":8},{"not_picked":["Sword Boomerang+1","Flex"],"picked":"Heavy Blade+1","floor":11},{"not_picked":["Body Slam+1","Sentinel"],"picked":"Thunderclap+1","floor":12},{"not_picked":["Havoc+1","Sever Soul+1"],"picked":"Intimidate+1","floor":14}],"player_experience":718843,"relics_obtained":[{"floor":9,"key":"Molten Egg 2"},{"floor":12,"key":"Toxic Egg 2"}],"event_choices":[{"cards_removed":["Strike_R"],"damage_healed":0,"gold_gain":0,"player_choice":"Card Removal","damage_taken":0,"max_hp_gain":0,"max_hp_loss":0,"event_name":"The Cleric","floor":4,"gold_loss":50},{"cards_removed":["Strike_R"],"damage_healed":0,"gold_gain":0,"player_choice":"Card Removal","damage_taken":7,"max_hp_gain":0,"max_hp_loss":0,"event_name":"Golden Wing","floor":6,"gold_loss":0}],"is_beta":false,"boss_relics":[],"items_purged_floors":[3],"is_endless":false,"potions_floor_spawned":[2,5,12,14],"killed_by":"The Guardian","ascension_level":8}