{"gold_per_floor":[121,133,156,184,214,226,272,301,313,342,354,381,109,119,119,224,224,234,134,134,145,20,20,20,119,119,119,132,162,162,174,174,174],"floor_reached":33,"playtime":1529,"items_purged":["Defend_R","Defend_R","Defend_R"],"score":344,"play_id":"e057d376-e124-483d-abae-bbf22a3beee1","local_time":"20191027235458","is_ascension_mode":false,"campfire_choices":[{"data":"Immolate","floor":6,"key":"SMITH"},{"data":"Flex","floor":11,"key":"SMITH"},{"data":"Infernal Blade","floor":15,"key":"SMITH"},{"data":"J.A.X.","floor":23,"key":"SMITH"},{"data":"Carnage","floor":27,"key":"SMITH"},{"floor":32,"key":"REST"}],"neow_cost":"NONE","seed_source_timestamp":1018752509074797,"circlet_count":0,"master_deck":["Strike_R","Strike_R","Strike_R","Strike_R","Strike_R","Defend_R","Bash","Infernal Blade+1","Headbutt","Immolate+1","Carnage+1","Flex+1","Reaper","J.A.X.+1"],"relics":["Burning Blood","MawBank","Strawberry","Mango","ClockworkSouvenir","Busted Crown","Dodecahedron","Unceasing Top"],"potions_floor_usage":[7,16,28,29,33,33],"damage_taken":[{"damage":5,"enemies":"Small Slimes","floor":1,"turns":4},{"damage":1,"enemies":"Cultist","floor":3,"turns":3},{"damage":0,"enemies":"2 Louse","floor":4,"turns":2},{"damage":8,"enemies":"Large Slime","floor":5,"turns":5},{"damage":10,"enemies":"3 Sentries","floor":7,"turns":2},{"damage":10,"enemies":"Looter","floor":8,"turns":2},{"damage":10,"enemies":"3 Louse","floor":10,"turns":3},{"damage":11,"enemies":"Exordium Wildlife","floor":12,"turns":2},{"damage":0,"enemies":"Large Slime","floor":14,"turns":2},{"damage":0,"enemies":"Slime Boss","floor":16,"turns":5},{"damage":10,"enemies":"Chosen","floor":18,"turns":2},{"damage":5,"enemies":"2 Thieves","floor":21,"turns":2},{"damage":28,"enemies":"Sentry and Sphere","floor":28,"turns":4},{"damage":37,"enemies":"Book of Stabbing","floor":29,"turns":4},{"damage":40,"enemies":"Snake Plant","floor":31,"turns":3},{"damage":93,"enemies":"Automaton","floor":33,"turns":6}],"seed_played":"4593859634239782230","potions_obtained":[{"floor":2,"key":"SmokeBomb"},{"floor":2,"key":"Weak Potion"},{"floor":2,"key":"Poison Potion"},{"floor":3,"key":"PowerPotion"},{"floor":8,"key":"Swift Potion"},{"floor":10,"key":"PowerPotion"},{"floor":16,"key":"FearPotion"},{"floor":21,"key":"PowerPotion"},{"floor":28,"key":"Explosive Potion"},{"floor":31,"key":"Poison Potion"}],"is_trial":false,"path_per_floor":["M","?","M","M","M","R","E","M","T","M","R","M","$","M","R","B",null,"M","$","?","M","$","R","?","?","T","R","M","E","?","M","R","B"],"character_chosen":"IRONCLAD","items_purchased":["ClockworkSouvenir"],"campfire_rested":1,"item_purchase_floors":[13],"current_hp_per_floor":[80,80,80,80,78,78,81,77,91,87,87,82,82,88,88,94,101,97,97,97,98,98,98,78,78,78,78,56,41,41,22,53,0],"gold":174,"neow_bonus":"RANDOM_COMMON_RELIC","is_prod":false,"is_daily":false,"chose_seed":false,"campfire_upgraded":5,"win_rate":0,"timestamp":1572234898,"path_taken":["M","?","?","M","M","R","E","M","T","M","R","M","$","M","R","BOSS","M","$","?","M","$","R","?","?","T","R","M","E","?","M","R","BOSS"],"build_version":"2019-07-17","purchased_purges":3,"victory":false,"max_hp_per_floor":[80,80,80,80,80,80,87,87,101,101,101,101,101,101,101,101,101,101,101,101,101,101,101,106,106,106,106,106,106,106,106,106,106],"card_choices":[{"not_picked":["Wild Strike","Dual Wield"],"picked":"Infernal Blade","floor":1},{"not_picked":["Sword Boomerang","Warcry"],"picked":"Headbutt","floor":3},{"not_picked":["Reckless Charge","Iron Wave","Havoc"],"picked":"SKIP","floor":4},{"not_picked":["Perfected Strike","Rupture"],"picked":"Immolate","floor":5},{"not_picked":["Havoc","Body Slam"],"picked":"Carnage","floor":7},{"not_picked":["Iron Wave","Clash","Uppercut"],"picked":"SKIP","floor":8},{"not_picked":["Body Slam","Combust"],"picked":"Flex","floor":10},{"not_picked":["Shockwave","Pommel Strike","Shrug It Off"],"picked":"SKIP","floor":12},{"not_picked":["Anger","Twin Strike","Searing Blow"],"picked":"SKIP","floor":14},{"not_picked":["Impervious","Dark Embrace"],"picked":"Reaper","floor":16},{"not_picked":["Dropkick"],"picked":"SKIP","floor":18},{"not_picked":["Perfected Strike"],"picked":"SKIP","floor":21},{"not_picked":["Second Wind"],"picked":"SKIP","floor":28},{"not_picked":["Body Slam"],"picked":"SKIP","floor":29},{"not_picked":["Metallicize+1"],"picked":"SKIP","floor":31}],"player_experience":733293,"relics_obtained":[{"floor":7,"key":"Strawberry"},{"floor":9,"key":"Mango"},{"floor":26,"key":"Dodecahedron"},{"floor":29,"key":"Unceasing Top"}],"event_choices":[{"damage_healed":0,"gold_gain":0,"player_choice":"Got Potions","damage_taken":0,"max_hp_gain":0,"max_hp_loss":0,"event_name":"Lab","floor":2,"gold_loss":0},{"damage_healed":0,"gold_gain":0,"player_choice":"Obtain J.A.X.","damage_taken":0,"max_hp_gain":0,"max_hp_loss":0,"event_name":"Drug Dealer","floor":20,"gold_loss":0,"cards_obtained":["J.A.X."]},{"damage_healed":0,"gold_gain":0,"player_choice":"Shed Blood","damage_taken":25,"max_hp_gain":5,"max_hp_loss":0,"event_name":"Forgotten Altar","floor":24,"gold_loss":0},{"damage_healed":0,"gold_gain":99,"player_choice":"Stole From Cult","damage_taken":0,"max_hp_gain":0,"max_hp_loss":0,"event_name":"Nest","floor":25,"gold_loss":0},{"damage_healed":0,"gold_gain":0,"player_choice":"Ignored","damage_taken":0,"max_hp_gain":0,"max_hp_loss":0,"event_name":"Ghosts","floor":30,"gold_loss":0}],"is_beta":false,"boss_relics":[{"not_picked":["Ectoplasm","Cursed Key"],"picked":"Busted Crown"}],"items_purged_floors":[13,19,22],"is_endless":false,"potions_floor_spawned":[3,8,10,12,16,21,28,31],"killed_by":"Automaton","ascension_level":0}