{"gold_per_floor":[19,35,35,48,48,48,62,62,87,122,133,147,147,160,160,257,257,277,57,70,85,85],"floor_reached":22,"playtime":2322,"items_purged":[],"score":238,"play_id":"46d40798-7f3a-4fcb-a792-16ce116db687","local_time":"20191015225755","is_ascension_mode":true,"campfire_choices":[{"data":"Limit Break","floor":6,"key":"SMITH"},{"data":"Whirlwind","floor":8,"key":"SMITH"},{"data":"Iron Wave","floor":13,"key":"SMITH"},{"data":"Bash","floor":15,"key":"SMITH"}],"neow_cost":"NO_GOLD","seed_source_timestamp":602493854434070,"circlet_count":0,"master_deck":["Strike_R","Strike_R","Strike_R","Strike_R","Strike_R","Defend_R","Defend_R","Defend_R","Defend_R","Bash+1","Limit Break+1","Feel No Pain","Whirlwind+1","Iron Wave+1","Juggernaut","Pummel","Shrug It Off","Rupture","Brutality","Clothesline+1","Inflame","Thunderclap","Shrug It Off+1"],"relics":["Burning Blood","Oddly Smooth Stone","Dream Catcher","Blood Vial","Sozu","PreservedInsect"],"potions_floor_usage":[10,14,16,16],"damage_taken":[{"damage":6,"enemies":"2 Louse","floor":1,"turns":4},{"damage":7,"enemies":"Small Slimes","floor":2,"turns":3},{"damage":6,"enemies":"Jaw Worm","floor":4,"turns":5},{"damage":10,"enemies":"Looter","floor":7,"turns":3},{"damage":20,"enemies":"Lagavulin","floor":10,"turns":9},{"damage":0,"enemies":"Gremlin Gang","floor":11,"turns":1},{"damage":0,"enemies":"Lots of Slimes","floor":12,"turns":1},{"damage":0,"enemies":"2 Fungi Beasts","floor":14,"turns":2},{"damage":14,"enemies":"The Guardian","floor":16,"turns":13},{"damage":4,"enemies":"3 Byrds","floor":18,"turns":4},{"damage":9,"enemies":"Chosen","floor":20,"turns":5},{"damage":22,"enemies":"Snecko","floor":21,"turns":5},{"damage":73,"enemies":"Masked Bandits","floor":22,"turns":4}],"seed_played":"4826793312931519320","potions_obtained":[{"floor":4,"key":"Energy Potion"},{"floor":7,"key":"Dexterity Potion"},{"floor":11,"key":"Explosive Potion"},{"floor":12,"key":"Poison Potion"},{"floor":16,"key":"Swift Potion"}],"is_trial":false,"path_per_floor":["M","M","?","M","?","R","M","R","T","E","M","M","R","M","R","B",null,"M","$","M","M","?"],"character_chosen":"IRONCLAD","items_purchased":["Inflame","PreservedInsect"],"campfire_rested":0,"item_purchase_floors":[19,19],"current_hp_per_floor":[80,79,72,72,77,77,73,73,73,59,67,75,75,83,83,77,83,85,85,82,68,0],"gold":85,"neow_bonus":"THREE_RARE_CARDS","is_prod":false,"is_daily":false,"chose_seed":false,"campfire_upgraded":4,"win_rate":0,"timestamp":1571194675,"path_taken":["M","M","?","M","?","R","M","R","T","E","M","M","R","M","R","BOSS","M","$","M","M","?"],"build_version":"2019-07-17","purchased_purges":0,"victory":false,"max_hp_per_floor":[80,80,80,80,85,85,85,85,85,85,85,85,85,85,85,85,85,85,85,85,85,85],"card_choices":[{"not_picked":["Juggernaut","Impervious"],"picked":"Limit Break","floor":0},{"not_picked":["Clothesline","Metallicize"],"picked":"Feel No Pain","floor":1},{"not_picked":["Headbutt","Clothesline"],"picked":"Whirlwind","floor":2},{"not_picked":["Body Slam","Warcry"],"picked":"Iron Wave","floor":4},{"not_picked":["Seeing Red","Iron Wave"],"picked":"Juggernaut","floor":7},{"not_picked":["Perfected Strike","Armaments"],"picked":"Pummel","floor":10},{"not_picked":["Perfected Strike","Bloodletting"],"picked":"Shrug It Off","floor":11},{"not_picked":["Havoc","Wild Strike","Cleave"],"picked":"SKIP","floor":12},{"not_picked":["Dual Wield","Havoc"],"picked":"Rupture","floor":14},{"not_picked":["Fiend Fire","Limit Break"],"picked":"Brutality","floor":16},{"not_picked":["Cleave+1","Havoc"],"picked":"Clothesline+1","floor":18},{"not_picked":["Sword Boomerang","Flex"],"picked":"Thunderclap","floor":20},{"not_picked":["Clash","Havoc"],"picked":"Shrug It Off+1","floor":21}],"player_experience":554578,"relics_obtained":[{"floor":9,"key":"Dream Catcher"},{"floor":10,"key":"Blood Vial"}],"event_choices":[{"damage_healed":0,"gold_gain":0,"player_choice":"Success","damage_taken":7,"relics_obtained":["Oddly Smooth Stone"],"max_hp_gain":0,"max_hp_loss":0,"event_name":"Scrap Ooze","floor":3,"gold_loss":0},{"damage_healed":0,"gold_gain":0,"player_choice":"Donut","damage_taken":0,"max_hp_gain":5,"max_hp_loss":0,"event_name":"Big Fish","floor":5,"gold_loss":0},{"damage_healed":0,"gold_gain":0,"player_choice":"Fought Bandits","damage_taken":0,"max_hp_gain":0,"max_hp_loss":0,"event_name":"Masked Bandits","floor":22,"gold_loss":0}],"is_beta":false,"boss_relics":[{"not_picked":["Pandora\u0027s Box","Snecko Eye"],"picked":"Sozu"}],"items_purged_floors":[],"is_endless":false,"potions_floor_spawned":[4,7,11,12,16,18,20],"killed_by":"Masked Bandits","ascension_level":5}