{"gold_per_floor":[111,34,47,63,75,103,28,28,28,28,0,0],"floor_reached":12,"playtime":817,"items_purged":["Strike_B"],"score":105,"play_id":"84c0eb6b-316e-4a11-9f79-3254371692ff","local_time":"20191026235520","is_ascension_mode":true,"campfire_choices":[{"data":"Blind","floor":8,"key":"SMITH"},{"data":"1","floor":10,"key":"LIFT"}],"neow_cost":"NONE","seed_source_timestamp":998837456913776,"circlet_count":0,"master_deck":["Strike_B","Strike_B","Strike_B","Defend_B","Defend_B","Defend_B","Defend_B","Zap","Dualcast","Blind+1","Hello World","Capacitor","Stack","Doom and Gloom","White Noise","Force Field"],"relics":["Cracked Core","Peace Pipe","Girya"],"potions_floor_usage":[6,6],"damage_taken":[{"damage":0,"enemies":"2 Louse","floor":1,"turns":2},{"damage":0,"enemies":"Small Slimes","floor":3,"turns":3},{"damage":4,"enemies":"Cultist","floor":4,"turns":4},{"damage":13,"enemies":"Exordium Wildlife","floor":5,"turns":4},{"damage":6,"enemies":"3 Sentries","floor":6,"turns":3},{"damage":50,"enemies":"Gremlin Nob","floor":12,"turns":4}],"seed_played":"-1940196989701983928","potions_obtained":[{"floor":1,"key":"Dexterity Potion"},{"floor":5,"key":"Fire Potion"},{"floor":6,"key":"LiquidBronze"}],"is_trial":false,"path_per_floor":["M","$","M","M","M","E","$","R","T","R","?","E"],"character_chosen":"DEFECT","items_purchased":["Capacitor"],"campfire_rested":0,"item_purchase_floors":[2],"current_hp_per_floor":[68,68,68,64,51,45,45,45,45,45,45,0],"gold":0,"neow_bonus":"RANDOM_COLORLESS","is_prod":false,"is_daily":false,"chose_seed":false,"campfire_upgraded":1,"win_rate":0,"timestamp":1572148520,"path_taken":["M","$","M","M","M","E","$","R","T","R","?","E"],"build_version":"2019-07-17","purchased_purges":1,"victory":false,"max_hp_per_floor":[75,75,75,75,75,75,75,75,75,75,75,75],"card_choices":[{"not_picked":["Compile Driver","Go for the Eyes"],"picked":"Hello World","floor":1},{"not_picked":["Beam Cell","Compile Driver"],"picked":"Stack","floor":3},{"not_picked":["Streamline","Scrape"],"picked":"Doom and Gloom","floor":4},{"not_picked":["Hello World","Cold Snap"],"picked":"White Noise","floor":5},{"not_picked":["Steam","Go for the Eyes"],"picked":"Force Field","floor":6}],"player_experience":715629,"relics_obtained":[{"floor":6,"key":"Peace Pipe"},{"floor":9,"key":"Girya"}],"event_choices":[{"damage_healed":0,"gold_gain":0,"player_choice":"Left Gold","damage_taken":0,"max_hp_gain":0,"max_hp_loss":0,"event_name":"World of Goop","floor":11,"gold_loss":28}],"is_beta":false,"boss_relics":[],"items_purged_floors":[7],"is_endless":false,"potions_floor_spawned":[1,5,6],"killed_by":"Gremlin Nob","ascension_level":7}