{"gold_per_floor":[11,25,40,55,55,84,84,113,113,288,352,352,352,363,363,468,468,487,23,23,23,33,33,66,66,66,96,115,134,134,134],"floor_reached":31,"playtime":4099,"items_purged":["Regret"],"score":390,"play_id":"00ee2d6f-430d-411b-9fe3-dd4962b36b44","local_time":"20191012154927","is_ascension_mode":true,"campfire_choices":[{"data":"Limit Break","floor":7,"key":"SMITH"},{"floor":12,"key":"REST"},{"data":"Combust","floor":15,"key":"SMITH"},{"data":"True Grit","floor":23,"key":"SMITH"},{"data":"Armaments","floor":25,"key":"SMITH"},{"data":"Berserk","floor":30,"key":"SMITH"}],"neow_cost":"NO_GOLD","seed_source_timestamp":497980390311259,"circlet_count":0,"master_deck":["Strike_R","Strike_R","Defend_R","Defend_R","Defend_R","Defend_R","Bash","Berserk+1","Sword Boomerang","Rupture","Bloodletting","Combust+1","Heavy Blade","Feed","Limit Break+1","Sever Soul","Doubt","Battle Trance","Shrug It Off","Dark Embrace","Inflame+1","True Grit+1","Whirlwind","J.A.X.","True Grit","Armaments+1","Corruption","Impervious","Intimidate"],"relics":["Burning Blood","Charon\u0027s Ashes","Self Forming Clay","Blue Candle","Pear","Strawberry","Mark of Pain","Membership Card","Unceasing Top","Du-Vu Doll","Gremlin Horn","Ginger"],"potions_floor_usage":[11,16,24,24,27,28,28,28,28,29],"damage_taken":[{"damage":9,"enemies":"2 Louse","floor":1,"turns":3},{"damage":5,"enemies":"Small Slimes","floor":2,"turns":5},{"damage":1,"enemies":"Cultist","floor":3,"turns":3},{"damage":8,"enemies":"2 Fungi Beasts","floor":4,"turns":2},{"damage":37,"enemies":"Lagavulin","floor":6,"turns":6},{"damage":40,"enemies":"Gremlin Nob","floor":8,"turns":5},{"damage":10,"enemies":"3 Sentries","floor":11,"turns":5},{"damage":17,"enemies":"Exordium Wildlife","floor":14,"turns":3},{"damage":37,"enemies":"Slime Boss","floor":16,"turns":7},{"damage":14,"enemies":"3 Byrds","floor":18,"turns":4},{"damage":23,"enemies":"2 Thieves","floor":22,"turns":3},{"damage":44,"enemies":"Gremlin Leader","floor":24,"turns":5},{"damage":25,"enemies":"Book of Stabbing","floor":27,"turns":4},{"damage":16,"enemies":"Cultist and Chosen","floor":28,"turns":5},{"damage":14,"enemies":"Chosen and Byrds","floor":29,"turns":3},{"damage":38,"enemies":"Snecko","floor":31,"turns":4}],"seed_played":"-162848053853288763","potions_obtained":[{"floor":1,"key":"Weak Potion"},{"floor":8,"key":"Dexterity Potion"},{"floor":14,"key":"GamblersBrew"},{"floor":24,"key":"LiquidBronze"},{"floor":27,"key":"EntropicBrew"},{"floor":28,"key":"AttackPotion"}],"is_trial":false,"path_per_floor":["M","M","M","M","?","E","R","E","T","?","?","R","?","M","R","B",null,"M","$","?","?","M","R","E","R","T","E","M","M","R","M"],"character_chosen":"IRONCLAD","items_purchased":["Membership Card","Unceasing Top","True Grit","Whirlwind","BloodPotion"],"campfire_rested":1,"item_purchase_floors":[19,19,19,19,19],"current_hp_per_floor":[77,78,80,78,78,50,50,16,16,16,25,53,60,52,52,24,109,104,104,104,93,76,76,66,66,66,47,40,35,35,0],"gold":134,"neow_bonus":"TRANSFORM_TWO_CARDS","is_prod":false,"is_daily":false,"chose_seed":false,"campfire_upgraded":5,"win_rate":0,"timestamp":1570909767,"path_taken":["M","M","M","M","?","E","R","E","T","?","?","R","?","M","R","BOSS","M","$","?","?","?","R","E","R","T","E","M","M","R","M"],"build_version":"2019-07-17","purchased_purges":1,"victory":false,"max_hp_per_floor":[80,80,80,80,80,83,83,83,83,83,96,96,103,106,106,109,109,112,112,112,112,112,112,112,112,112,112,115,118,118,118],"card_choices":[{"not_picked":["Power Through","Clash"],"picked":"Rupture","floor":1},{"not_picked":["Twin Strike","Rupture"],"picked":"Bloodletting","floor":2},{"not_picked":["Twin Strike","Warcry"],"picked":"Combust","floor":3},{"not_picked":["Pommel Strike","Corruption"],"picked":"Heavy Blade","floor":4},{"not_picked":["Body Slam","Rage"],"picked":"Limit Break","floor":6},{"not_picked":["Clothesline","Heavy Blade"],"picked":"Sever Soul","floor":8},{"not_picked":["Infernal Blade","Cleave"],"picked":"Battle Trance","floor":11},{"not_picked":["Seeing Red","Searing Blow"],"picked":"Shrug It Off","floor":14},{"not_picked":["Offering","Berserk"],"picked":"Dark Embrace","floor":16},{"not_picked":["Flex","Pommel Strike"],"picked":"Inflame+1","floor":18},{"not_picked":["Warcry+1","Rage"],"picked":"True Grit","floor":22},{"not_picked":["Dark Embrace","Wild Strike"],"picked":"Armaments","floor":24},{"not_picked":["Body Slam","Perfected Strike+1"],"picked":"Corruption","floor":27},{"not_picked":["Uppercut","Pommel Strike+1"],"picked":"Impervious","floor":28},{"not_picked":["Reckless Charge","Rage"],"picked":"Intimidate","floor":29}],"player_experience":513982,"relics_obtained":[{"floor":6,"key":"Charon\u0027s Ashes"},{"floor":8,"key":"Self Forming Clay"},{"floor":9,"key":"Blue Candle"},{"floor":11,"key":"Pear"},{"floor":24,"key":"Du-Vu Doll"},{"floor":26,"key":"Gremlin Horn"},{"floor":27,"key":"Ginger"}],"event_choices":[{"damage_healed":0,"gold_gain":0,"cards_transformed":["Strike_R"],"player_choice":"Change","damage_taken":0,"max_hp_gain":0,"max_hp_loss":0,"event_name":"Living Wall","floor":5,"gold_loss":0,"cards_obtained":["Feed"]},{"damage_healed":0,"gold_gain":175,"player_choice":"AGREE","damage_taken":0,"max_hp_gain":0,"max_hp_loss":0,"event_name":"Liars Game","floor":10,"gold_loss":0,"cards_obtained":["Doubt"]},{"damage_healed":0,"gold_gain":30,"player_choice":"Searched \u00272\u0027 times","damage_taken":0,"max_hp_gain":0,"max_hp_loss":0,"event_name":"Dead Adventurer","floor":11,"gold_loss":0},{"damage_healed":0,"gold_gain":0,"player_choice":"Box","damage_taken":0,"relics_obtained":["Strawberry"],"max_hp_gain":0,"max_hp_loss":0,"event_name":"Big Fish","floor":13,"gold_loss":0,"cards_obtained":["Regret"]},{"damage_healed":0,"gold_gain":0,"player_choice":"Obtain J.A.X.","damage_taken":0,"max_hp_gain":0,"max_hp_loss":0,"event_name":"Drug Dealer","floor":20,"gold_loss":0,"cards_obtained":["J.A.X."]},{"damage_healed":0,"gold_gain":0,"player_choice":"","damage_taken":11,"max_hp_gain":0,"max_hp_loss":0,"event_name":"Knowing Skull","floor":21,"potions_obtained":[],"gold_loss":0,"cards_obtained":[]}],"is_beta":false,"boss_relics":[{"not_picked":["Snecko Eye","Black Star"],"picked":"Mark of Pain"}],"items_purged_floors":[19],"is_endless":false,"potions_floor_spawned":[1,8,14,24,27,28],"killed_by":"Snecko","ascension_level":4}