{"gold_per_floor":[19,34,45,60,60,93,111,111,111,127,160,37,37,49,49,146,146,164,177,188,204,214,214,226,246,246,260,8,24,38,57,57,153,203,219,229,229,247,7,36,36,50,50,50,50,50,61,0,0,0],"floor_reached":50,"playtime":8355,"items_purged":[],"score":546,"play_id":"57a63271-51b2-4f57-a6da-4b7c5fc4e5dc","local_time":"20191019005824","is_ascension_mode":false,"campfire_choices":[{"floor":8.0,"key":"REST"},{"data":"Auto Shields","floor":15.0,"key":"SMITH"},{"floor":23.0,"key":"REST"},{"floor":32.0,"key":"REST"},{"floor":41,"key":"REST"},{"floor":44,"key":"REST"},{"floor":46,"key":"REST"},{"floor":49,"key":"RECALL"}],"neow_cost":"NO_GOLD","seed_source_timestamp":0,"circlet_count":0,"master_deck":["Strike_B","Strike_B","Defend_B","Defend_B","Defend_B","Zap","Dualcast","Seek+1","Redo","Cold Snap","Gash","Iron Wave","Auto Shields+1","Leap","Loop","Darkness","Genetic Algorithm","Conserve Battery","Parasite","Genetic Algorithm","Electrodynamics","Biased Cognition+1","Fusion+1","Lockon+1","Compile Driver","Leap+1","Beam Cell","Tempest+1","BootSequence","Beam Cell+1","Rebound+1","Defragment","Self Repair","Undo","Stack+1","Gash+1","Amplify","Barrage+1","Redo+1","Blizzard","Hologram+1","Blizzard+1","White Noise+1","Impatience+1","Apotheosis+1","Bandage Up+1","Parasite","Double Energy+1"],"special_seed":0,"relics":["Cracked Core","Happy Flower","Ornamental Fan","Lizard Tail","Astrolabe","Meat on the Bone","Toolbox","Tiny House","Pear","Toxic Egg 2","Red Mask"],"potions_floor_usage":[36,36,40],"damage_taken":[{"damage":0.0,"enemies":"2 Louse","floor":1.0,"turns":3.0},{"damage":0.0,"enemies":"Cultist","floor":2.0,"turns":3.0},{"damage":1.0,"enemies":"Jaw Worm","floor":3.0,"turns":5.0},{"damage":2.0,"enemies":"Blue Slaver","floor":4.0,"turns":3.0},{"damage":70.0,"enemies":"Gremlin Nob","floor":6.0,"turns":6.0},{"damage":1.0,"enemies":"3 Louse","floor":7.0,"turns":4.0},{"damage":0.0,"enemies":"Large Slime","floor":10.0,"turns":4.0},{"damage":14.0,"enemies":"3 Sentries","floor":11.0,"turns":10.0},{"damage":6.0,"enemies":"2 Fungi Beasts","floor":14.0,"turns":4.0},{"damage":23.0,"enemies":"The Guardian","floor":16.0,"turns":19.0},{"damage":21.0,"enemies":"Chosen","floor":18.0,"turns":7.0},{"damage":0.0,"enemies":"Shell Parasite","floor":19.0,"turns":6.0},{"damage":21.0,"enemies":"Snake Plant","floor":20.0,"turns":7.0},{"damage":4.0,"enemies":"Shelled Parasite and Fungi","floor":21.0,"turns":5.0},{"damage":3.0,"enemies":"Centurion and Healer","floor":22.0,"turns":5.0},{"damage":16.0,"enemies":"3 Cultists","floor":24.0,"turns":7.0},{"damage":6.0,"enemies":"Snake Plant","floor":25.0,"turns":3.0},{"damage":8.0,"enemies":"Shelled Parasite and Fungi","floor":27.0,"turns":5.0},{"damage":13.0,"enemies":"Sentry and Sphere","floor":29.0,"turns":5.0},{"damage":0.0,"enemies":"Chosen and Byrds","floor":30.0,"turns":3.0},{"damage":3.0,"enemies":"3 Cultists","floor":31.0,"turns":5.0},{"damage":32.0,"enemies":"Champ","floor":33.0,"turns":12.0},{"damage":1,"enemies":"3 Shapes","floor":35,"turns":5},{"damage":47,"enemies":"3 Darklings","floor":36,"turns":4},{"damage":0,"enemies":"Transient","floor":38,"turns":5},{"damage":90,"enemies":"Reptomancer","floor":40,"turns":9},{"damage":60,"enemies":"Jaw Worm Horde","floor":42,"turns":8},{"damage":23,"enemies":"Writhing Mass","floor":47,"turns":7},{"damage":66,"enemies":"Donu and Deca","floor":50,"turns":9}],"seed_played":"-6606350205412764064","potions_obtained":[{"floor":2.0,"key":"SmokeBomb"},{"floor":4.0,"key":"Regen Potion"},{"floor":14.0,"key":"Swift Potion"},{"floor":16.0,"key":"SteroidPotion"},{"floor":20.0,"key":"SpeedPotion"},{"floor":22.0,"key":"Swift Potion"},{"floor":25.0,"key":"SteroidPotion"},{"floor":27.0,"key":"LiquidBronze"},{"floor":31.0,"key":"Strength Potion"},{"floor":33.0,"key":"Dexterity Potion"},{"floor":34.0,"key":"Block Potion"},{"floor":35,"key":"AttackPotion"}],"is_trial":false,"path_per_floor":["M","M","M","M","?","E","M","R","T","M","E","$","?","M","R","B",null,"M","M","M","M","M","R","M","M","T","M","$","M","M","M","R","B",null,"M","M","?","M","$","E","R","M","T","R","?","R","M","?","R","B"],"character_chosen":"DEFECT","items_purchased":["Genetic Algorithm","Conserve Battery","Self Repair","Toolbox","Undo","Pear"],"campfire_rested":6,"item_purchase_floors":[12,12,28,28,28,39],"current_hp_per_floor":[75,75,74,72,72,2,1,23,23,35,21,21,39,33,33,10,75,54,54,33,29,26,48,32,26,26,30,30,36,48,45,67,54,80,79,44,44,51,61,47,74,33,33,60,50,77,60,60,60,0],"gold":0,"neow_bonus":"THREE_RARE_CARDS","is_prod":false,"is_daily":false,"chose_seed":false,"campfire_upgraded":1,"win_rate":0,"timestamp":1571461104,"path_taken":["M","M","M","M","?","E","M","R","T","?","E","$","?","M","R","BOSS","M","M","M","M","M","R","M","M","T","M","$","M","M","M","R","BOSS","M","M","?","M","$","E","R","M","T","R","?","R","M","?","R","BOSS"],"build_version":"2019-10-18","purchased_purges":0,"victory":false,"max_hp_per_floor":[75,75,75,75,75,75,75,75,75,75,75,75,75,75,75,75,75,75,75,75,75,75,75,75,75,75,75,75,75,75,75,75,75,80,80,80,80,80,90,90,90,90,90,90,90,90,90,90,90,90],"card_choices":[{"not_picked":["All For One","Electrodynamics"],"picked":"Seek","floor":0.0},{"not_picked":["Leap","Stack"],"picked":"Redo","floor":1.0},{"not_picked":["Stack","Barrage"],"picked":"Cold Snap","floor":2.0},{"not_picked":["Coolheaded","Streamline"],"picked":"Gash","floor":3.0},{"not_picked":["Sweeping Beam","Turbo"],"picked":"Hyperbeam","floor":4.0},{"not_picked":["Rebound","Gash"],"picked":"Auto Shields","floor":6.0},{"not_picked":["Steam Power","Sweeping Beam"],"picked":"Leap","floor":7.0},{"not_picked":["Cold Snap","Redo"],"picked":"Loop","floor":10.0},{"not_picked":["Heatsinks","Force Field"],"picked":"Darkness","floor":11.0},{"not_picked":["Redo","Leap"],"picked":"Genetic Algorithm","floor":14.0},{"not_picked":["Seek","Amplify"],"picked":"Electrodynamics","floor":16.0},{"not_picked":["Rebound","Stack"],"picked":"Compile Driver","floor":18.0},{"not_picked":["Redo","Heatsinks"],"picked":"Leap+1","floor":19.0},{"not_picked":["Ball Lightning","Skim+1"],"picked":"Beam Cell","floor":20.0},{"not_picked":["Consume+1","BootSequence"],"picked":"Tempest+1","floor":21.0},{"not_picked":["Compile Driver","Turbo"],"picked":"BootSequence","floor":22.0},{"not_picked":["Redo","Rip and Tear+1"],"picked":"Beam Cell+1","floor":24.0},{"not_picked":["Reinforced Body","Lockon"],"picked":"Rebound+1","floor":25.0},{"not_picked":["Recycle","Conserve Battery+1"],"picked":"Defragment","floor":27.0},{"not_picked":["Electrodynamics","Consume"],"picked":"Stack+1","floor":29.0},{"not_picked":["Go for the Eyes","Redo"],"picked":"Heatsinks","floor":30.0},{"not_picked":["Conserve Battery+1","Hologram"],"picked":"Gash+1","floor":31.0},{"not_picked":["Thunder Strike","Core Surge"],"picked":"Amplify","floor":33.0},{"not_picked":["Darkness","Leap"],"picked":"Barrage+1","floor":34.0},{"not_picked":["Sweeping Beam","Steam+1"],"picked":"Redo+1","floor":35},{"not_picked":["Gash","Barrage"],"picked":"Blizzard","floor":36},{"not_picked":["Leap+1","Skim"],"picked":"Hologram+1","floor":38},{"not_picked":["Redo","Cold Snap"],"picked":"Blizzard+1","floor":40},{"not_picked":["Sunder","Lockon+1"],"picked":"White Noise+1","floor":42},{"not_picked":["PanicButton+1","Sadistic Nature"],"picked":"Impatience+1","floor":45},{"not_picked":["The Bomb+1","PanicButton+1"],"picked":"Apotheosis+1","floor":45},{"not_picked":["PanicButton+1","Discovery+1"],"picked":"Bandage Up+1","floor":45},{"not_picked":["Streamline+1","Coolheaded+1"],"picked":"Double Energy+1","floor":47}],"player_experience":133798,"relics_obtained":[{"floor":6.0,"key":"Happy Flower"},{"floor":9.0,"key":"Ornamental Fan"},{"floor":11.0,"key":"Lizard Tail"},{"floor":26.0,"key":"Meat on the Bone"},{"floor":40,"key":"Toxic Egg 2"}],"event_choices":[{"cards_removed":["Hyperbeam"],"damage_healed":0.0,"max_hp_gain":0.0,"max_hp_loss":0.0,"gold_gain":0.0,"event_name":"NoteForYourself","player_choice":"Took Card","floor":5.0,"gold_loss":0.0,"damage_taken":0.0,"cards_obtained":["Iron Wave"]},{"damage_healed":18.0,"max_hp_gain":0.0,"max_hp_loss":0.0,"gold_gain":0.0,"event_name":"Mushrooms","player_choice":"Healed and dodged fight","floor":13.0,"gold_loss":0.0,"damage_taken":0.0,"cards_obtained":["Parasite"]},{"cards_removed":["Heatsinks"],"damage_healed":0,"gold_gain":0,"player_choice":"Removed Power","damage_taken":0,"max_hp_gain":0,"max_hp_loss":0,"event_name":"Falling","floor":37,"gold_loss":0},{"damage_healed":0,"gold_gain":0,"player_choice":"Memory 3","damage_taken":10,"max_hp_gain":0,"max_hp_loss":0,"event_name":"SensoryStone","floor":45,"gold_loss":0},{"damage_healed":0,"gold_gain":0,"player_choice":"Paid","damage_taken":0,"relics_obtained":["Red Mask"],"max_hp_gain":0,"max_hp_loss":0,"event_name":"Tomb of Lord Red Mask","floor":48,"gold_loss":61}],"is_beta":true,"boss_relics":[{"not_picked":["Sozu","Coffee Dripper"],"picked":"Astrolabe"},{"not_picked":["SacredBark","Cursed Key"],"picked":"Tiny House"}],"items_purged_floors":[],"is_endless":false,"potions_floor_spawned":[2,4,14,16,20,22,25,27,31,33,35],"killed_by":"Donu and Deca","ascension_level":0}