{"gold_per_floor":[149,162,162,176,27,59,59,74,74,74,105,118,118,132,132,230,230,211,35,54,54,70,70,70],"floor_reached":24,"playtime":2926,"items_purged":["Strike_R"],"score":285,"play_id":"ce2b279a-5513-40cd-9240-180e14ff4750","local_time":"20191015221747","is_ascension_mode":true,"campfire_choices":[{"data":"Feed","floor":7,"key":"SMITH"},{"data":"True Grit","floor":10,"key":"SMITH"},{"data":"Reaper","floor":13,"key":"SMITH"},{"data":"Flame Barrier","floor":15,"key":"SMITH"},{"floor":23,"key":"REST"}],"neow_cost":"NONE","seed_source_timestamp":599539962357332,"circlet_count":0,"master_deck":["Strike_R","Strike_R","Strike_R","Defend_R","Defend_R","Defend_R","Defend_R","Bash","Feel No Pain","Thunderclap","Feed+1","True Grit+1","Sword Boomerang","Reaper+1","Flame Barrier+1","Limit Break","Rage","Heavy Blade+1"],"relics":["Burning Blood","Tiny Chest","Darkstone Periapt","Orichalcum","Boot","Question Card","The Courier","Busted Crown","Lantern"],"potions_floor_usage":[6,11,11,16,20,24],"damage_taken":[{"damage":0,"enemies":"Small Slimes","floor":1,"turns":3},{"damage":1,"enemies":"Cultist","floor":2,"turns":3},{"damage":13,"enemies":"2 Louse","floor":4,"turns":4},{"damage":21,"enemies":"3 Sentries","floor":6,"turns":9},{"damage":5,"enemies":"Looter","floor":8,"turns":2},{"damage":13,"enemies":"Lagavulin","floor":11,"turns":7},{"damage":8,"enemies":"Red Slaver","floor":12,"turns":5},{"damage":24,"enemies":"Exordium Thugs","floor":14,"turns":4},{"damage":48,"enemies":"The Guardian","floor":16,"turns":16},{"damage":16,"enemies":"2 Thieves","floor":18,"turns":4},{"damage":28,"enemies":"Spheric Guardian","floor":20,"turns":8},{"damage":63,"enemies":"Cultist and Chosen","floor":22,"turns":11},{"damage":39,"enemies":"Book of Stabbing","floor":24,"turns":5}],"seed_played":"-8894471246654353082","potions_obtained":[{"floor":2,"key":"PowerPotion"},{"floor":4,"key":"FearPotion"},{"floor":8,"key":"Poison Potion"},{"floor":14,"key":"EssenceOfSteel"},{"floor":16,"key":"Weak Potion"},{"floor":22,"key":"Dexterity Potion"}],"is_trial":false,"path_per_floor":["M","M","?","M","$","E","R","M","T","R","E","M","R","M","R","B",null,"M","$","M","?","M","R","E"],"character_chosen":"IRONCLAD","items_purchased":["Orichalcum","Lantern"],"campfire_rested":1,"item_purchase_floors":[5,19],"current_hp_per_floor":[80,80,80,73,73,58,58,63,63,63,56,54,54,50,50,15,70,64,64,49,49,8,36,0],"gold":70,"neow_bonus":"RANDOM_COMMON_RELIC","is_prod":false,"is_daily":false,"chose_seed":false,"campfire_upgraded":4,"win_rate":0,"timestamp":1571192267,"path_taken":["M","M","?","M","$","E","R","M","T","R","E","M","R","M","R","BOSS","M","?","M","?","M","R","E"],"build_version":"2019-07-17","purchased_purges":1,"victory":false,"max_hp_per_floor":[80,80,80,80,80,80,80,84,84,84,84,84,84,88,88,88,88,92,92,92,92,96,96,96],"card_choices":[{"not_picked":["Heavy Blade","Sever Soul"],"picked":"Cleave","floor":1},{"not_picked":["Headbutt","Shrug It Off"],"picked":"Feel No Pain","floor":2},{"not_picked":["Heavy Blade","Rage"],"picked":"Thunderclap","floor":4},{"not_picked":["Shrug It Off","Inflame"],"picked":"Feed","floor":6},{"not_picked":["Perfected Strike","Armaments"],"picked":"True Grit","floor":8},{"not_picked":["Havoc","Uppercut","Perfected Strike"],"picked":"Sword Boomerang","floor":11},{"not_picked":["Armaments","Headbutt","Dual Wield"],"picked":"Reaper","floor":12},{"not_picked":["Metallicize","Rage","True Grit"],"picked":"Flame Barrier","floor":14},{"not_picked":["Demon Form","Brutality","Exhume"],"picked":"Limit Break","floor":16},{"not_picked":["Rampage","Clash+1"],"picked":"SKIP","floor":18},{"not_picked":["Searing Blow"],"picked":"Rage","floor":20},{"not_picked":["Rupture+1"],"picked":"Heavy Blade+1","floor":22}],"player_experience":551652,"relics_obtained":[{"floor":6,"key":"Boot"},{"floor":9,"key":"Question Card"},{"floor":11,"key":"The Courier"}],"event_choices":[{"cards_removed":["Cleave"],"damage_healed":0,"gold_gain":0,"player_choice":"Gave Card","damage_taken":0,"relics_obtained":["Darkstone Periapt"],"max_hp_gain":0,"max_hp_loss":0,"event_name":"WeMeetAgain","floor":3,"gold_loss":0},{"cards_removed":["Strike_R"],"damage_healed":0,"gold_gain":0,"player_choice":"Offered Basic","damage_taken":0,"max_hp_gain":0,"max_hp_loss":0,"event_name":"Bonfire Elementals","floor":21,"gold_loss":0}],"is_beta":false,"boss_relics":[{"not_picked":["Coffee Dripper","Velvet Choker"],"picked":"Busted Crown"}],"items_purged_floors":[19],"is_endless":false,"potions_floor_spawned":[2,4,8,14,16,22],"killed_by":"Book of Stabbing","ascension_level":5}