{"gold_per_floor":[109,125,125,139,149,149,176,66,66,95,106,163,163,196,196,299,299,312,59,29,41,57,57,86,86,112,43,43,57,75,7,7,111,111,129,129,129,148,48,74,74,108,133,133,164,164,11,60,60,60,60,60,33,64,64],"floor_reached":55,"playtime":6382,"items_purged":["Strike_R","Strike_R","Strike_R"],"score":1049,"play_id":"9d2d97af-ed94-4649-994d-f318b98616e7","local_time":"20191016223430","is_ascension_mode":true,"campfire_choices":[{"data":"True Grit","floor":6.0,"key":"SMITH"},{"floor":13.0,"key":"REST"},{"data":"Combust","floor":15.0,"key":"SMITH"},{"data":"Inflame","floor":23,"key":"SMITH"},{"data":"Battle Trance","floor":28,"key":"SMITH"},{"data":"Shockwave","floor":32,"key":"SMITH"},{"floor":41,"key":"RECALL"},{"data":"Flame Barrier","floor":44,"key":"SMITH"},{"data":"Metallicize","floor":46,"key":"SMITH"},{"data":"Disarm","floor":49,"key":"SMITH"},{"data":"Bash","floor":52,"key":"SMITH"}],"neow_cost":"NONE","seed_source_timestamp":0,"circlet_count":0,"master_deck":["Strike_R","Defend_R","Defend_R","Defend_R","Bash+1","Iron Wave","Combust+1","Rupture","True Grit+1","Battle Trance+1","Metallicize+1","Flame Barrier+1","Bludgeon+1","Inflame+1","Immolate+1","Disarm+1","Blood for Blood+1","Dual Wield+1","Parasite","Heavy Blade+1","Shockwave+1","Brutality","Dropkick+1","Juggernaut","Intimidate+1","Clumsy","Feel No Pain+1","Clothesline+1","Fire Breathing+1"],"special_seed":0,"relics":["Burning Blood","Happy Flower","Molten Egg 2","Gremlin Horn","Torii","Bottled Lightning","Darkstone Periapt","Cursed Key","Kunai","Incense Burner","Unceasing Top","Snecko Eye","Smiling Mask","Bronze Scales","Orichalcum","Ornamental Fan","Turnip","Anchor"],"potions_floor_usage":[21,22,24,33,33,42,50,50,55],"damage_taken":[{"damage":6.0,"enemies":"Cultist","floor":1.0,"turns":3.0},{"damage":4.0,"enemies":"2 Louse","floor":2.0,"turns":3.0},{"damage":7.0,"enemies":"Jaw Worm","floor":4.0,"turns":3.0},{"damage":2.0,"enemies":"Exordium Thugs","floor":5.0,"turns":4.0},{"damage":34.0,"enemies":"3 Sentries","floor":7.0,"turns":6.0},{"damage":7.0,"enemies":"Lagavulin","floor":10.0,"turns":6.0},{"damage":14.0,"enemies":"Looter","floor":11.0,"turns":3.0},{"damage":11.0,"enemies":"Gremlin Nob","floor":12.0,"turns":3.0},{"damage":1.0,"enemies":"Gremlin Nob","floor":14.0,"turns":3.0},{"damage":41.0,"enemies":"Slime Boss","floor":16.0,"turns":8.0},{"damage":3,"enemies":"Chosen","floor":18,"turns":3},{"damage":19,"enemies":"Shell Parasite","floor":21,"turns":4},{"damage":0,"enemies":"Centurion and Healer","floor":22,"turns":3},{"damage":24,"enemies":"Slavers","floor":24,"turns":3},{"damage":1,"enemies":"Cultist and Chosen","floor":29,"turns":4},{"damage":0,"enemies":"Snake Plant","floor":30,"turns":3},{"damage":11,"enemies":"Automaton","floor":33,"turns":6},{"damage":4,"enemies":"3 Shapes","floor":35,"turns":2},{"damage":2,"enemies":"Orb Walker","floor":38,"turns":3},{"damage":2,"enemies":"Nemesis","floor":40,"turns":3},{"damage":3,"enemies":"Giant Head","floor":42,"turns":5},{"damage":0,"enemies":"Reptomancer","floor":45,"turns":1},{"damage":0,"enemies":"2 Orb Walkers","floor":48,"turns":2},{"damage":21,"enemies":"Awakened One","floor":50,"turns":5},{"damage":35,"enemies":"Shield and Spear","floor":54,"turns":4},{"damage":96,"enemies":"The Heart","floor":55,"turns":6}],"seed_played":"-1046974073441876767","potions_obtained":[{"floor":2.0,"key":"LiquidBronze"},{"floor":3.0,"key":"FearPotion"},{"floor":3.0,"key":"AttackPotion"},{"floor":10.0,"key":"AttackPotion"},{"floor":11.0,"key":"Strength Potion"},{"floor":16.0,"key":"EssenceOfSteel"},{"floor":20,"key":"Explosive Potion"},{"floor":22,"key":"Strength Potion"},{"floor":29,"key":"Energy Potion"},{"floor":30,"key":"Energy Potion"},{"floor":40,"key":"Dexterity Potion"},{"floor":48,"key":"Explosive Potion"},{"floor":54,"key":"EssenceOfSteel"}],"is_trial":false,"path_per_floor":["M","M","?","M","M","R","E","$","T","E","M","?","R","E","R","B",null,"M","$","?","M","M","R","E","$","T","?","R","M","M","$","R","B",null,"M","?","?","M","$","E","R","E","T","R","E","R","$","?","R","B",null,"R","$","E","B"],"character_chosen":"IRONCLAD","items_purchased":["Metallicize","Kunai","Shockwave","FairyPotion","Clothesline+1"],"campfire_rested":1,"item_purchase_floors":[8,19,31,47,53],"current_hp_per_floor":[80,80,80,79,80,80,52,52,52,51,43,38,62,67,67,32,68,71,71,71,58,64,64,46,46,52,52,52,57,63,63,63,58,79,81,81,81,85,85,86,86,86,92,92,92,92,92,92,92,77,88,88,88,59,0],"gold":64,"neow_bonus":"RANDOM_COMMON_RELIC","is_prod":false,"is_daily":false,"chose_seed":false,"campfire_upgraded":9,"win_rate":0,"timestamp":1571279670,"path_taken":["M","M","?","M","?","R","E","$","T","E","M","?","R","E","R","BOSS","M","$","?","M","M","R","E","?","T","?","R","M","?","$","R","BOSS","M","?","?","?","$","E","R","E","T","R","E","R","?","?","R","BOSS","R","$","E","BOSS"],"build_version":"2019-07-17","purchased_purges":3,"victory":false,"max_hp_per_floor":[80,80,80,80,80,80,80,80,80,80,80,80,80,80,80,80,80,80,80,80,80,80,80,80,80,86,86,86,86,86,86,86,86,86,86,86,86,86,86,86,86,86,92,92,92,92,92,92,92,92,92,92,92,92,92],"card_choices":[{"not_picked":["Twin Strike","Havoc"],"picked":"Iron Wave","floor":1.0},{"not_picked":["Warcry","Rampage"],"picked":"Combust","floor":2.0},{"not_picked":["Reckless Charge","Shrug It Off"],"picked":"Rupture","floor":4.0},{"not_picked":["Armaments","Perfected Strike"],"picked":"True Grit","floor":5.0},{"not_picked":["Carnage","Wild Strike"],"picked":"Battle Trance","floor":7.0},{"not_picked":["True Grit","Sword Boomerang+1"],"picked":"Flame Barrier","floor":10.0},{"not_picked":["Iron Wave+1","Twin Strike+1"],"picked":"Bludgeon+1","floor":11.0},{"not_picked":["Second Wind","True Grit"],"picked":"Inflame","floor":14.0},{"not_picked":["Impervious","Exhume"],"picked":"Immolate+1","floor":16.0},{"not_picked":["Anger+1","Heavy Blade+1"],"picked":"Disarm","floor":18},{"not_picked":["Twin Strike+1","Searing Blow+1","Sentinel"],"picked":"SKIP","floor":21},{"not_picked":["Warcry","Second Wind"],"picked":"Blood for Blood+1","floor":22},{"not_picked":["Second Wind","Iron Wave+1"],"picked":"Dual Wield+1","floor":24},{"not_picked":["Battle Trance","Exhume"],"picked":"Heavy Blade+1","floor":29},{"not_picked":["Carnage+1","Warcry","Cleave+1"],"picked":"SKIP","floor":30},{"not_picked":["Offering","Reaper+1"],"picked":"Brutality","floor":33},{"not_picked":["Warcry+1","Rampage+1","Flex+1"],"picked":"SKIP","floor":35},{"not_picked":["Heavy Blade+1","Twin Strike+1","Warcry"],"picked":"SKIP","floor":38},{"not_picked":["Rampage+1","Bloodletting+1"],"picked":"Juggernaut","floor":40},{"not_picked":["Anger+1","Sword Boomerang+1"],"picked":"Intimidate+1","floor":42},{"not_picked":["Seeing Red","True Grit"],"picked":"Feel No Pain+1","floor":45},{"not_picked":["Pommel Strike+1","Anger+1"],"picked":"Fire Breathing+1","floor":54}],"player_experience":559115,"relics_obtained":[{"floor":7.0,"key":"Molten Egg 2"},{"floor":9.0,"key":"Gremlin Horn"},{"floor":10.0,"key":"Torii"},{"floor":12.0,"key":"Bottled Lightning"},{"floor":14.0,"key":"Darkstone Periapt"},{"floor":24,"key":"Incense Burner"},{"floor":40,"key":"Smiling Mask"},{"floor":42,"key":"Bronze Scales"},{"floor":43,"key":"Orichalcum"},{"floor":45,"key":"Ornamental Fan"},{"floor":48,"key":"Turnip"},{"floor":54,"key":"Anchor"}],"event_choices":[{"damage_healed":0.0,"max_hp_gain":0.0,"max_hp_loss":0.0,"gold_gain":0.0,"event_name":"Lab","player_choice":"Got Potions","floor":3.0,"gold_loss":0.0,"damage_taken":0.0},{"damage_healed":0.0,"max_hp_gain":0.0,"max_hp_loss":0.0,"gold_gain":0.0,"event_name":"Dead Adventurer","player_choice":"Searched \u00271\u0027 times","floor":12.0,"gold_loss":0.0,"damage_taken":0.0},{"damage_healed":0,"gold_gain":0,"player_choice":"Bought 2 Potions","damage_taken":0,"max_hp_gain":0,"max_hp_loss":0,"event_name":"The Woman in Blue","floor":20,"gold_loss":0},{"damage_healed":0,"gold_gain":0,"player_choice":"Paid Gold","damage_taken":0,"relics_obtained":["Unceasing Top"],"max_hp_gain":0,"max_hp_loss":0,"event_name":"WeMeetAgain","floor":27,"gold_loss":69},{"cards_removed":["Defend_R"],"damage_healed":0,"gold_gain":0,"player_choice":"Removed Skill","damage_taken":0,"max_hp_gain":0,"max_hp_loss":0,"event_name":"Falling","floor":36,"gold_loss":0},{"damage_healed":0,"gold_gain":0,"cards_transformed":["Strike_R"],"player_choice":"Transformed","damage_taken":0,"max_hp_gain":0,"max_hp_loss":0,"event_name":"Transmorgrifier","floor":37,"gold_loss":0,"cards_obtained":["Dropkick"]},{"damage_healed":0,"gold_gain":0,"player_choice":"Fight","damage_taken":0,"max_hp_gain":0,"max_hp_loss":0,"event_name":"Mysterious Sphere","floor":48,"gold_loss":0}],"is_beta":false,"boss_relics":[{"not_picked":["Philosopher\u0027s Stone","Lizard Tail"],"picked":"Cursed Key"},{"not_picked":["Busted Crown","Coffee Dripper"],"picked":"Snecko Eye"}],"items_purged_floors":[8,39,47],"is_endless":false,"potions_floor_spawned":[2,10,11,16,22,29,30,40,48,54],"killed_by":"The Heart","ascension_level":5}