{"gold_per_floor":[214,228,228,49,62,62,62,62,62,88,98,128,138,152,152,256,256,245,245,264,20,20,20,36,36,36,36,36],"floor_reached":28,"playtime":5618,"items_purged":[],"score":262,"play_id":"7d569912-89f5-4e98-96c8-0f60c859b699","local_time":"20190922234308","is_ascension_mode":true,"campfire_choices":[{"data":"Armaments","floor":6,"key":"SMITH"},{"data":"Entrench","floor":8,"key":"SMITH"},{"floor":15,"key":"REST"},{"floor":23,"key":"REST"},{"floor":27,"key":"REST"}],"neow_cost":"NONE","seed_source_timestamp":249185200746928,"circlet_count":0,"master_deck":["Bash","Armaments+1","Entrench+1","Flex","Body Slam","Pommel Strike","Berserk","Shockwave","Entrench","Demon Form","Dark Embrace","Headbutt","Offering","Seeing Red","Rupture","Sever Soul","Limit Break","Berserk","Clothesline","Carnage","Armaments"],"relics":["Burning Blood","Bronze Scales","Bottled Lightning","Blood Vial","Omamori","Pandora\u0027s Box","Nloth\u0027s Gift","Self Forming Clay","Vajra"],"potions_floor_usage":[10,12,16,16],"damage_taken":[{"damage":1,"enemies":"Cultist","floor":1,"turns":3},{"damage":3,"enemies":"Jaw Worm","floor":2,"turns":4},{"damage":6,"enemies":"2 Louse","floor":5,"turns":3},{"damage":40,"enemies":"Lagavulin","floor":10,"turns":7},{"damage":3,"enemies":"Looter","floor":11,"turns":3},{"damage":15,"enemies":"Gremlin Nob","floor":12,"turns":4},{"damage":1,"enemies":"Red Slaver","floor":13,"turns":3},{"damage":3,"enemies":"3 Louse","floor":14,"turns":3},{"damage":27,"enemies":"Hexaghost","floor":16,"turns":9},{"damage":45,"enemies":"2 Thieves","floor":18,"turns":4},{"damage":38,"enemies":"3 Byrds","floor":20,"turns":4},{"damage":22,"enemies":"Cultist and Chosen","floor":24,"turns":4},{"damage":47,"enemies":"Slavers","floor":28,"turns":5}],"seed_played":"-1981765769167299646","potions_obtained":[{"floor":5,"key":"SkillPotion"},{"floor":10,"key":"Block Potion"},{"floor":12,"key":"PowerPotion"},{"floor":14,"key":"PowerPotion"},{"floor":18,"key":"Strength Potion"}],"is_trial":false,"path_per_floor":["M","M","?","$","M","R","?","R","T","E","M","E","M","M","R","B",null,"M","?","M","$","?","R","M","$","T","R","E"],"character_chosen":"IRONCLAD","items_purchased":["Bronze Scales","Flex","Self Forming Clay"],"campfire_rested":3,"item_purchase_floors":[4,4,21],"current_hp_per_floor":[80,80,55,55,55,55,55,55,55,21,26,19,26,31,55,36,80,41,41,11,11,11,35,21,21,21,45,0],"gold":36,"neow_bonus":"HUNDRED_GOLD","is_prod":false,"is_daily":false,"chose_seed":false,"campfire_upgraded":2,"win_rate":0,"timestamp":1569210188,"path_taken":["M","M","?","$","M","R","?","R","T","E","M","E","?","?","R","BOSS","M","?","?","$","?","R","M","$","T","R","E"],"build_version":"2019-07-17","purchased_purges":0,"victory":false,"max_hp_per_floor":[80,80,80,80,80,80,80,80,80,80,80,80,80,80,80,80,80,80,80,80,80,80,80,80,80,80,80,80],"card_choices":[{"not_picked":["Iron Wave","Bloodletting"],"picked":"Armaments","floor":1},{"not_picked":["Wild Strike","Shrug It Off"],"picked":"Entrench","floor":2},{"not_picked":["Thunderclap","Rampage"],"picked":"Body Slam","floor":10},{"not_picked":["Infernal Blade","Twin Strike"],"picked":"Pommel Strike","floor":11},{"not_picked":["Clothesline","Thunderclap"],"picked":"Berserk","floor":12},{"not_picked":["Shrug It Off","Warcry"],"picked":"Shockwave","floor":13},{"not_picked":["Thunderclap","Perfected Strike"],"picked":"Entrench","floor":14},{"not_picked":["Brutality","Limit Break"],"picked":"Demon Form","floor":16},{"not_picked":["Dropkick","Anger"],"picked":"Clothesline","floor":18},{"not_picked":["Rupture","Perfected Strike"],"picked":"Carnage","floor":20},{"not_picked":["Perfected Strike","Thunderclap"],"picked":"Armaments","floor":24}],"player_experience":386040,"relics_obtained":[{"floor":9,"key":"Bottled Lightning"},{"floor":10,"key":"Blood Vial"},{"floor":12,"key":"Omamori"}],"event_choices":[{"damage_healed":0,"gold_gain":0,"player_choice":"Success","damage_taken":25,"relics_obtained":["Du-Vu Doll"],"max_hp_gain":0,"max_hp_loss":0,"event_name":"Scrap Ooze","floor":3,"gold_loss":0},{"cards_removed":["Strike_R"],"damage_healed":0,"gold_gain":0,"player_choice":"Card Removal","damage_taken":0,"max_hp_gain":0,"max_hp_loss":0,"event_name":"Wheel of Change","floor":7,"gold_loss":0},{"damage_healed":0,"gold_gain":0,"player_choice":"Traded Relic","damage_taken":0,"relics_obtained":["Nloth\u0027s Gift"],"max_hp_gain":0,"max_hp_loss":0,"event_name":"N\u0027loth","floor":19,"relics_lost":["Du-Vu Doll"],"gold_loss":0},{"damage_healed":0,"gold_gain":0,"player_choice":"Stole Relic","damage_taken":0,"relics_obtained":["Vajra"],"max_hp_gain":0,"max_hp_loss":0,"event_name":"Addict","floor":22,"gold_loss":0,"cards_obtained":["Shame"]}],"is_beta":false,"boss_relics":[{"not_picked":["Black Star","Empty Cage"],"picked":"Pandora\u0027s Box"}],"items_purged_floors":[],"is_endless":false,"potions_floor_spawned":[5,10,12,14,18],"killed_by":"Slavers","ascension_level":3}