{"gold_per_floor":[114,129,94,109,124,124,154,154,179,194,209,224,254,254,254,354,404,419,434,434,449,464,464,479,494,519,519,479,479,141,156,156,256,256,271,286,132,147,147,147,147,174,211,238,0,0,30,45,45,45],"floor_reached":51,"playtime":5399,"items_purged":[],"score":695,"play_id":"4d9cfa97-4865-4fd8-8e79-d6e131e7d8c7","local_time":"20191022051942","daily_mods":["SealedDeck","Blue Cards","Night Terrors"],"is_ascension_mode":false,"campfire_choices":[{"data":"Genetic Algorithm","floor":6.0,"key":"SMITH"},{"data":"Sunder","floor":8.0,"key":"SMITH"},{"data":"Darkness","floor":15.0,"key":"SMITH"},{"data":"Crippling Poison","floor":23.0,"key":"SMITH"},{"floor":29.0,"key":"REST"},{"data":"Biased Cognition","floor":32.0,"key":"SMITH"},{"data":"Doppelganger","floor":40.0,"key":"SMITH"},{"data":"Go for the Eyes","floor":46.0,"key":"SMITH"},{"floor":49,"key":"REST"}],"neow_cost":"","seed_source_timestamp":0,"circlet_count":0,"master_deck":["BootSequence","Gash","Gash","Cloak And Dagger","Stack","Cold Snap","Redo+1","Fusion","Conserve Battery","Loop+1","Genetic Algorithm+1","Cold Snap","Bouncing Flask","Predator","Sunder+1","Melter","Rebound","Streamline","Darkness+1","Multi-Cast","Deflect+1","Crippling Poison+1","Doom and Gloom+1","Noxious Fumes+1","Flying Knee","Steam","Chaos","Necronomicurse","Apotheosis","Calculated Gamble","Biased Cognition+1","Doppelganger+1","Chaos","Predator","Well Laid Plans","Panacea","Dodge and Roll+1","Acrobatics+1","Go for the Eyes+1","Deadly Poison","Ball Lightning","Storm","Stack+1"],"special_seed":18191,"relics":["Ring of the Snake","Anchor","Oddly Smooth Stone","Blood Vial","Kunai","Tiny House","Bag of Preparation","Necronomicon","Busted Crown","MawBank","Ancient Tea Set","Lee\u0027s Waffle","Toxic Egg 2"],"potions_floor_usage":[50,50],"damage_taken":[{"damage":9.0,"enemies":"Small Slimes","floor":1.0,"turns":6.0},{"damage":0.0,"enemies":"Jaw Worm","floor":2.0,"turns":4.0},{"damage":0.0,"enemies":"Cultist","floor":4.0,"turns":5.0},{"damage":0.0,"enemies":"Lots of Slimes","floor":5.0,"turns":5.0},{"damage":2.0,"enemies":"3 Sentries","floor":7.0,"turns":10.0},{"damage":0.0,"enemies":"3 Louse","floor":10.0,"turns":4.0},{"damage":0.0,"enemies":"Looter","floor":11.0,"turns":2.0},{"damage":0.0,"enemies":"Lots of Slimes","floor":12.0,"turns":3.0},{"damage":12.0,"enemies":"Lagavulin","floor":13.0,"turns":5.0},{"damage":26.0,"enemies":"Hexaghost","floor":16.0,"turns":9.0},{"damage":2.0,"enemies":"Shell Parasite","floor":18.0,"turns":6.0},{"damage":7.0,"enemies":"Chosen","floor":19.0,"turns":6.0},{"damage":6.0,"enemies":"Snake Plant","floor":21.0,"turns":4.0},{"damage":16.0,"enemies":"Centurion and Healer","floor":22.0,"turns":5.0},{"damage":18.0,"enemies":"Cultist and Chosen","floor":24.0,"turns":5.0},{"damage":10.0,"enemies":"Snecko","floor":25.0,"turns":3.0},{"damage":6.0,"enemies":"3 Cultists","floor":31.0,"turns":5.0},{"damage":43.0,"enemies":"Automaton","floor":33.0,"turns":7.0},{"damage":2.0,"enemies":"3 Shapes","floor":35.0,"turns":3.0},{"damage":0.0,"enemies":"3 Darklings","floor":36.0,"turns":3.0},{"damage":0.0,"enemies":"Transient","floor":38.0,"turns":5.0},{"damage":0.0,"enemies":"Jaw Worm Horde","floor":42.0,"turns":5.0},{"damage":9.0,"enemies":"Writhing Mass","floor":44.0,"turns":4.0},{"damage":0,"enemies":"Reptomancer","floor":47,"turns":4},{"damage":13,"enemies":"Maw","floor":48,"turns":7},{"damage":44,"enemies":"Time Eater","floor":50,"turns":10}],"seed_played":"843150976381232614","potions_obtained":[{"floor":1.0,"key":"Dexterity Potion"},{"floor":4.0,"key":"Block Potion"},{"floor":10.0,"key":"Poison Potion"},{"floor":11.0,"key":"SpeedPotion"},{"floor":12.0,"key":"SkillPotion"},{"floor":17.0,"key":"Block Potion"},{"floor":21.0,"key":"DuplicationPotion"},{"floor":22.0,"key":"CultistPotion"},{"floor":36.0,"key":"GhostInAJar"},{"floor":38.0,"key":"SpeedPotion"},{"floor":42.0,"key":"AttackPotion"},{"floor":48,"key":"LiquidBronze"}],"is_trial":false,"path_per_floor":["M","M","?","M","M","R","E","R","T","M","M","M","E","T","R","B",null,"M","M","?","M","M","R","M","M","T","?","?","R","$","M","R","B",null,"M","M","$","M","?","R","?","M","T","M","$","R","E","M","R","B",null],"character_chosen":"THE_SILENT","items_purchased":["Apotheosis","Calculated Gamble","Backstab","Poison Potion","Well Laid Plans","Panacea","Lee\u0027s Waffle","Deadly Poison","Ball Lightning"],"campfire_rested":2,"item_purchase_floors":[30,30,30,30,37,37,45,45,45],"current_hp_per_floor":[61,61,70,70,70,70,68,68,68,68,68,68,56,56,56,32,75,73,68,68,64,50,50,34,26,26,10,10,70,70,64,64,23,70,68,70,70,70,70,70,70,70,70,61,77,77,77,64,72,28],"gold":45,"neow_bonus":"","is_prod":false,"is_daily":true,"chose_seed":false,"campfire_upgraded":7,"win_rate":0,"timestamp":1571735982,"path_taken":["M","M","?","M","M","R","E","R","T","M","M","M","E","?","R","BOSS","M","M","?","M","?","R","M","?","T","?","?","R","$","M","R","BOSS","M","M","?","M","?","R","?","M","T","M","$","R","E","M","R","BOSS"],"build_version":"2019-10-21","purchased_purges":0,"victory":true,"max_hp_per_floor":[70,70,70,70,70,70,70,70,70,70,70,70,70,70,70,70,75,75,75,75,75,75,75,75,75,75,75,75,70,70,70,70,70,70,70,70,70,70,70,70,70,70,70,70,77,77,77,77,72,72],"card_choices":[{"not_picked":["Backflip","Hologram"],"picked":"Genetic Algorithm","floor":1.0},{"not_picked":["Skewer","Slice"],"picked":"Cold Snap","floor":2.0},{"not_picked":["Sweeping Beam","Sucker Punch"],"picked":"Bouncing Flask","floor":4.0},{"not_picked":["Stack","Barrage"],"picked":"Predator","floor":5.0},{"not_picked":["Unload","Flying Knee"],"picked":"Sunder","floor":7.0},{"not_picked":["Force Field","Poisoned Stab"],"picked":"Melter","floor":10.0},{"not_picked":["Cloak And Dagger","Sweeping Beam"],"picked":"Rebound","floor":11.0},{"not_picked":["Coolheaded","Rebound"],"picked":"Streamline","floor":12.0},{"not_picked":["Ball Lightning","Genetic Algorithm"],"picked":"Darkness","floor":13.0},{"not_picked":["Unload","Amplify"],"picked":"Multi-Cast","floor":16.0},{"not_picked":["Barrage","Blade Dance"],"picked":"Deflect","floor":17.0},{"not_picked":["Endless Agony","Slice"],"picked":"Crippling Poison","floor":18.0},{"not_picked":["Gash+1","Consume"],"picked":"Doom and Gloom","floor":19.0},{"not_picked":["Leap","Sweeping Beam+1"],"picked":"Noxious Fumes+1","floor":21.0},{"not_picked":["Underhanded Strike","Sucker Punch"],"picked":"Flying Knee","floor":22.0},{"not_picked":["Streamline","Rebound"],"picked":"Steam","floor":24.0},{"not_picked":["Concentrate+1","Crippling Poison"],"picked":"Chaos","floor":25.0},{"not_picked":["Crippling Poison","Hologram"],"picked":"Biased Cognition","floor":31.0},{"not_picked":["Die Die Die","Multi-Cast"],"picked":"Doppelganger","floor":33.0},{"not_picked":[],"picked":"Chaos","floor":35.0},{"not_picked":[],"picked":"Predator","floor":36.0},{"not_picked":[],"picked":"Dodge and Roll+1","floor":38.0},{"not_picked":[],"picked":"Acrobatics+1","floor":42.0},{"not_picked":[],"picked":"Go for the Eyes","floor":44.0},{"not_picked":[],"picked":"Storm","floor":47},{"not_picked":[],"picked":"Stack+1","floor":48}],"player_experience":178481,"relics_obtained":[{"floor":7.0,"key":"Anchor"},{"floor":9.0,"key":"Oddly Smooth Stone"},{"floor":13.0,"key":"Blood Vial"},{"floor":14.0,"key":"Kunai"},{"floor":26.0,"key":"Bag of Preparation"},{"floor":27.0,"key":"Necronomicon"},{"floor":43.0,"key":"Ancient Tea Set"},{"floor":47,"key":"Toxic Egg 2"}],"event_choices":[{"damage_healed":17.0,"max_hp_gain":0.0,"max_hp_loss":0.0,"gold_gain":0.0,"event_name":"The Cleric","player_choice":"Healed","floor":3.0,"gold_loss":35.0,"damage_taken":0.0},{"damage_healed":0.0,"max_hp_gain":0.0,"max_hp_loss":0.0,"gold_gain":0.0,"event_name":"Accursed Blacksmith","player_choice":"Forge","floor":20.0,"gold_loss":0.0,"damage_taken":0.0,"cards_upgraded":["Doom and Gloom"]},{"damage_healed":0.0,"max_hp_gain":0.0,"max_hp_loss":0.0,"gold_gain":0.0,"event_name":"Cursed Tome","player_choice":"Obtained Book","floor":27.0,"gold_loss":0.0,"damage_taken":16.0},{"damage_healed":0.0,"max_hp_gain":0.0,"max_hp_loss":0.0,"gold_gain":0.0,"event_name":"Designer","player_choice":"Upgraded Two","floor":28.0,"gold_loss":40.0,"damage_taken":0.0,"cards_upgraded":["Redo","Deflect"]},{"damage_healed":0.0,"max_hp_gain":0.0,"max_hp_loss":0.0,"gold_gain":0.0,"event_name":"Tomb of Lord Red Mask","player_choice":"Ignored","floor":39.0,"gold_loss":0.0,"damage_taken":0.0},{"cards_removed":["Backstab"],"damage_healed":0.0,"max_hp_gain":0.0,"max_hp_loss":0.0,"gold_gain":0.0,"event_name":"WeMeetAgain","player_choice":"Gave Card","floor":41.0,"gold_loss":0.0,"damage_taken":0.0,"relics_obtained":["MawBank"]}],"is_beta":true,"boss_relics":[{"not_picked":["Velvet Choker","Sozu"],"picked":"Tiny House"},{"not_picked":["Empty Cage","Astrolabe"],"picked":"Busted Crown"}],"items_purged_floors":[],"is_endless":false,"potions_floor_spawned":[1,4,10,11,12,19,21,22,36,38,42,48],"ascension_level":0}