{"gold_per_floor":[112,112,123,135,149,180,150,150,224,257,274,27,53,68,68,165,165,181,194,61,73,73,105,105,137,190,190,206,231,251,267,267,372,372,391,391,21,39,54,87,87,112,112,132,151,151,171,171,171,171],"floor_reached":50,"playtime":3766,"items_purged":[],"score":1068,"play_id":"132cf7b0-f311-4b37-af4a-f3bbd4eddfe1","local_time":"20190329132917","is_ascension_mode":true,"campfire_choices":[{"data":"Deadly Poison","floor":8,"key":"SMITH"},{"floor":15,"key":"REST"},{"floor":24,"key":"REST"},{"floor":27,"key":"REST"},{"floor":32,"key":"REST"},{"floor":41,"key":"REST"},{"floor":49,"key":"REST"}],"neow_cost":"NONE","seed_source_timestamp":1366372326864187,"circlet_count":0,"master_deck":["AscendersBane","Defend_G","Defend_G","Defend_G","Defend_G+1","Defend_G","Strike_G","Survivor","Neutralize+1","Expertise+1","Deflect+1","Dodge and Roll+1","Backstab","Crippling Poison","Deadly Poison+1","PiercingWail","Die Die Die","Caltrops","Acrobatics+1","Noxious Fumes","Catalyst","After Image","PiercingWail+1","Footwork","Underhanded Strike+1","Caltrops","Footwork","Flechettes+1","Malaise","Sucker Punch+1","Skewer+1","Dagger Spray+1","Underhanded Strike+1","Riddle With Holes+1","Malaise","Footwork","Footwork+1","Catalyst","Phantasmal Killer","Footwork+1","Calculated Gamble","Calculated Gamble","Reflex+1","Phantasmal Killer"],"relics":["Astrolabe","Gambling Chip","Bottled Flame","Bag of Marbles","Molten Egg 2","Bird Faced Urn","Snecko Eye","Bag of Preparation","Ancient Tea Set","Bronze Scales","War Paint","Fusion Hammer","Frozen Egg 2","Bottled Tornado","Sundial","Art of War"],"potions_floor_usage":[13,13,19,23,30,33,33,40,42,50],"damage_taken":[{"damage":3,"enemies":"Jaw Worm","floor":1,"turns":8},{"damage":0,"enemies":"Cultist","floor":3,"turns":6},{"damage":1,"enemies":"Small Slimes","floor":4,"turns":6},{"damage":0,"enemies":"Blue Slaver","floor":5,"turns":8},{"damage":9,"enemies":"Lagavulin","floor":6,"turns":8},{"damage":0,"enemies":"Looter","floor":7,"turns":4},{"damage":15,"enemies":"3 Sentries","floor":10,"turns":8},{"damage":4,"enemies":"Gremlin Gang","floor":11,"turns":2},{"damage":3,"enemies":"Lagavulin","floor":13,"turns":6},{"damage":0,"enemies":"Exordium Wildlife","floor":14,"turns":1},{"damage":0,"enemies":"Hexaghost","floor":16,"turns":9},{"damage":29,"enemies":"Spheric Guardian","floor":18,"turns":6},{"damage":23,"enemies":"Shell Parasite","floor":19,"turns":7},{"damage":19,"enemies":"Snake Plant","floor":21,"turns":4},{"damage":16,"enemies":"Book of Stabbing","floor":23,"turns":5},{"damage":20,"enemies":"Gremlin Leader","floor":25,"turns":5},{"damage":2,"enemies":"Cultist and Chosen","floor":28,"turns":6},{"damage":27,"enemies":"Book of Stabbing","floor":29,"turns":5},{"damage":9,"enemies":"Centurion and Healer","floor":30,"turns":6},{"damage":0,"enemies":"Snake Plant","floor":31,"turns":1},{"damage":24,"enemies":"Collector","floor":33,"turns":5},{"damage":11,"enemies":"Orb Walker","floor":35,"turns":4},{"damage":0,"enemies":"3 Darklings","floor":38,"turns":1},{"damage":41,"enemies":"Writhing Mass","floor":39,"turns":8},{"damage":5,"enemies":"Reptomancer","floor":40,"turns":7},{"damage":22,"enemies":"Giant Head","floor":42,"turns":10},{"damage":60,"enemies":"Transient","floor":44,"turns":5},{"damage":0,"enemies":"4 Shapes","floor":45,"turns":6},{"damage":19,"enemies":"Jaw Worm Horde","floor":47,"turns":4},{"damage":77,"enemies":"Donu and Deca","floor":50,"turns":7}],"seed_played":"-4879573247752211089","potions_obtained":[{"floor":1,"key":"Dexterity Potion"},{"floor":5,"key":"LiquidBronze"},{"floor":10,"key":"Block Potion"},{"floor":13,"key":"Weak Potion"},{"floor":16,"key":"PowerPotion"},{"floor":23,"key":"EssenceOfSteel"},{"floor":29,"key":"Explosive Potion"},{"floor":30,"key":"SteroidPotion"},{"floor":31,"key":"AttackPotion"},{"floor":35,"key":"Strength Potion"},{"floor":44,"key":"GhostInAJar"},{"floor":45,"key":"GhostInAJar"}],"is_trial":false,"path_per_floor":["M","?","M","M","M","E","M","R","T","E","M","$","E","M","R","B",null,"M","M","$","M","?","E","R","E","T","R","M","E","M","M","R","B",null,"M","?","$","M","M","E","R","E","T","M","M","?","M","?","R","B"],"character_chosen":"THE_SILENT","items_purchased":["Molten Egg 2","Underhanded Strike+1","Caltrops","Frozen Egg 2","Footwork+1","Strength Potion"],"campfire_rested":6,"item_purchase_floors":[12,20,20,37,37,37],"current_hp_per_floor":[60,60,60,59,59,50,50,50,50,35,31,31,28,28,49,53,66,43,26,26,13,13,5,26,10,10,31,39,20,13,15,36,16,57,50,50,50,54,25,32,53,49,49,1,13,61,50,50,61,0],"gold":171,"neow_bonus":"BOSS_RELIC","is_prod":false,"is_daily":false,"chose_seed":false,"campfire_upgraded":1,"win_rate":0,"timestamp":1553880557,"path_taken":["M","?","M","M","?","E","M","R","T","E","M","$","E","M","R","BOSS","M","M","$","?","?","E","R","E","T","R","M","E","M","M","R","BOSS","M","?","$","M","M","E","R","E","T","M","M","?","M","?","R","BOSS"],"build_version":"2019-01-23","purchased_purges":0,"victory":false,"max_hp_per_floor":[70,70,70,70,70,70,70,70,70,70,70,70,70,70,70,70,70,70,70,70,70,70,70,70,70,70,70,70,70,70,70,70,70,70,70,70,70,70,70,70,70,70,70,70,70,61,61,61,61,61],"card_choices":[{"not_picked":["Acrobatics","Dodge and Roll"],"picked":"Backstab","floor":1},{"not_picked":["Calculated Gamble","Slice","Dodge and Roll"],"picked":"SKIP","floor":3},{"not_picked":["Backstab","Bane"],"picked":"Crippling Poison","floor":4},{"not_picked":["Blur","Endless Agony"],"picked":"Deadly Poison","floor":5},{"not_picked":["Outmaneuver","Setup"],"picked":"PiercingWail","floor":6},{"not_picked":["Slice","Terror"],"picked":"Die Die Die","floor":7},{"not_picked":["Underhanded Strike","Acrobatics"],"picked":"Caltrops","floor":10},{"not_picked":["Prepared","Slice"],"picked":"Acrobatics","floor":11},{"not_picked":["Night Terror","Outmaneuver"],"picked":"Noxious Fumes","floor":13},{"not_picked":["Accuracy","Cloak And Dagger"],"picked":"Catalyst","floor":14},{"not_picked":["Wraith Form v2","Venomology"],"picked":"After Image","floor":16},{"not_picked":["Acrobatics","Escape Plan"],"picked":"PiercingWail+1","floor":18},{"not_picked":["Bane+1","Prepared"],"picked":"Footwork","floor":19},{"not_picked":["Escape Plan","PiercingWail"],"picked":"Footwork","floor":21},{"not_picked":["Sucker Punch+1","Backflip"],"picked":"Malaise","floor":23},{"not_picked":["Deadly Poison","Concentrate"],"picked":"Sucker Punch+1","floor":25},{"not_picked":["Masterful Stab+1","Blade Dance+1"],"picked":"Skewer+1","floor":28},{"not_picked":["All Out Attack+1","Acrobatics+1"],"picked":"Dagger Spray+1","floor":29},{"not_picked":["Bane+1","Prepared"],"picked":"Underhanded Strike+1","floor":30},{"not_picked":["A Thousand Cuts","Tactician"],"picked":"Riddle With Holes+1","floor":31},{"not_picked":["Phantasmal Killer","Envenom"],"picked":"Malaise","floor":33},{"not_picked":["Distraction+1","Dagger Throw+1"],"picked":"Footwork","floor":35},{"not_picked":["Good Instincts","Swift Strike+1"],"picked":"Flash of Steel+1","floor":36},{"not_picked":["Slice+1","Prepared"],"picked":"Catalyst","floor":38},{"not_picked":["Dagger Throw+1","Calculated Gamble"],"picked":"Phantasmal Killer","floor":39},{"not_picked":["Quick Slash+1","Crippling Poison"],"picked":"Footwork+1","floor":40},{"not_picked":["Prepared","Cloak And Dagger"],"picked":"Calculated Gamble","floor":42},{"not_picked":["Deflect","Slice+1"],"picked":"Calculated Gamble","floor":44},{"not_picked":["Tactician","Quick Slash+1"],"picked":"Reflex+1","floor":45},{"not_picked":["Poisoned Stab+1","Sucker Punch+1"],"picked":"Phantasmal Killer","floor":47}],"player_experience":425144,"relics_obtained":[{"floor":6,"key":"Gambling Chip"},{"floor":9,"key":"Bottled Flame"},{"floor":10,"key":"Bag of Marbles"},{"floor":13,"key":"Bird Faced Urn"},{"floor":23,"key":"Bag of Preparation"},{"floor":25,"key":"Ancient Tea Set"},{"floor":26,"key":"Bronze Scales"},{"floor":29,"key":"War Paint"},{"floor":40,"key":"Bottled Tornado"},{"floor":42,"key":"Sundial"},{"floor":43,"key":"Art of War"}],"event_choices":[{"damage_healed":0,"gold_gain":0,"player_choice":"Upgraded","damage_taken":0,"max_hp_gain":0,"max_hp_loss":0,"event_name":"Upgrade Shrine","floor":2,"gold_loss":0,"cards_upgraded":["Neutralize"]},{"damage_healed":0,"gold_gain":0,"cards_transformed":["Strike_G"],"player_choice":"Transformed","damage_taken":0,"max_hp_gain":0,"max_hp_loss":0,"event_name":"Transmorgrifier","floor":22,"gold_loss":0,"cards_obtained":["Flechettes"]},{"damage_healed":0,"gold_gain":0,"player_choice":"Memory 1","damage_taken":0,"max_hp_gain":0,"max_hp_loss":0,"event_name":"SensoryStone","floor":36,"gold_loss":0},{"damage_healed":61,"gold_gain":0,"player_choice":"Heal","damage_taken":0,"max_hp_gain":0,"max_hp_loss":9,"event_name":"The Moai Head","floor":46,"gold_loss":0},{"cards_removed":["Flash of Steel"],"damage_healed":0,"gold_gain":0,"player_choice":"Removed Attack","damage_taken":0,"max_hp_gain":0,"max_hp_loss":0,"event_name":"Falling","floor":48,"gold_loss":0}],"is_beta":false,"boss_relics":[{"not_picked":["Empty Cage","HoveringKite"],"picked":"Snecko Eye"},{"not_picked":["Coffee Dripper","Lizard Tail"],"picked":"Fusion Hammer"}],"items_purged_floors":[],"is_endless":false,"potions_floor_spawned":[1,5,10,13,16,18,23,29,30,31,35,44,45,47],"killed_by":"Donu and Deca","ascension_level":12}