{"gold_per_floor":[111,61,361,57,57,89,110,110,110,10,29,64,77,93,93,189,189,206,222,222,234,244,273,148,178,203,203,53,53,29,29,29,29],"floor_reached":33,"playtime":2772,"items_purged":["Strike_R","Strike_R","Strike_R","Defend_R"],"score":341,"play_id":"33fe96bb-52c2-43c2-8f01-ec2befddc305","local_time":"20181210234056","is_ascension_mode":false,"campfire_choices":[{"data":"Infernal Blade","floor":15,"key":"SMITH"},{"data":"Berserk","floor":27,"key":"SMITH"},{"data":"Pommel Strike","floor":32,"key":"SMITH"}],"neow_cost":"NONE","seed_source_timestamp":267230716451755,"circlet_count":0,"master_deck":["Strike_R","Defend_R","Defend_R","Bash+1","Anger","Flex","True Grit","Cleave+1","Shrug It Off","Infernal Blade+1","Burning Pact","Feed","Flex","Battle Trance","Pommel Strike+1","Heavy Blade","Berserk+1","Flex"],"relics":["Burning Blood","NeowsBlessing","Old Coin","Toolbox","Strawberry","Odd Mushroom","Matryoshka","Whetstone","Coffee Dripper","Pen Nib","Pantograph","PreservedInsect","Juzu Bracelet"],"potions_floor_usage":[16,16,25,33,33],"damage_taken":[{"damage":0,"enemies":"Small Slimes","floor":1,"turns":1},{"damage":0,"enemies":"3 Sentries","floor":6,"turns":1},{"damage":0,"enemies":"The Mushroom Lair","floor":7,"turns":1},{"damage":0,"enemies":"2 Louse","floor":11,"turns":2},{"damage":33,"enemies":"Gremlin Nob","floor":12,"turns":5},{"damage":1,"enemies":"Jaw Worm","floor":13,"turns":2},{"damage":18,"enemies":"Exordium Thugs","floor":14,"turns":4},{"damage":61,"enemies":"Hexaghost","floor":16,"turns":12},{"damage":13,"enemies":"2 Thieves","floor":18,"turns":5},{"damage":1,"enemies":"Chosen","floor":19,"turns":4},{"damage":7,"enemies":"Snake Plant","floor":21,"turns":4},{"damage":20,"enemies":"Snecko","floor":22,"turns":5},{"damage":0,"enemies":"Gremlin Leader","floor":23,"turns":6},{"damage":49,"enemies":"Book of Stabbing","floor":25,"turns":7},{"damage":70,"enemies":"Automaton","floor":33,"turns":6}],"seed_played":"6227765352758228765","potions_obtained":[{"floor":12,"key":"BloodPotion"},{"floor":14,"key":"Explosive Potion"},{"floor":19,"key":"Dexterity Potion"},{"floor":21,"key":"LiquidBronze"},{"floor":25,"key":"FearPotion"}],"is_trial":false,"path_per_floor":["M","?","?","$","?","E","?","?","T","$","M","E","M","M","R","B",null,"M","M","?","M","M","E","$","E","T","R","$","?","$","$","R","B"],"character_chosen":"IRONCLAD","items_purchased":["Flex","Toolbox","Flex"],"campfire_rested":0,"item_purchase_floors":[4,4,30],"current_hp_per_floor":[80,80,62,62,67,80,86,86,86,86,92,65,70,58,58,12,92,85,90,90,89,75,81,81,38,38,38,38,29,29,29,29,0],"gold":29,"neow_bonus":"THREE_ENEMY_KILL","is_prod":false,"is_daily":false,"chose_seed":false,"campfire_upgraded":3,"win_rate":0.0,"timestamp":1544514056,"path_taken":["M","?","?","$","?","E","?","?","T","?","M","E","M","M","R","BOSS","M","M","?","M","M","E","$","E","T","R","?","?","?","$","R","BOSS"],"build_version":"2018-12-06","purchased_purges":4,"victory":false,"max_hp_per_floor":[80,80,80,80,85,92,92,92,92,92,92,92,92,92,92,92,92,92,92,92,92,92,92,92,92,92,92,92,92,92,92,92,92],"card_choices":[{"not_picked":["Iron Wave","Clash"],"picked":"Anger","floor":1},{"not_picked":["Body Slam","Hemokinesis"],"picked":"True Grit","floor":6},{"not_picked":["Twin Strike","Clash"],"picked":"Cleave","floor":7},{"not_picked":["Anger","Twin Strike"],"picked":"Shrug It Off","floor":11},{"not_picked":["Carnage","Clothesline"],"picked":"Infernal Blade","floor":12},{"not_picked":["Shrug It Off","Clash","Warcry"],"picked":"SKIP","floor":13},{"not_picked":["Brutality","Pummel"],"picked":"Burning Pact","floor":14},{"not_picked":["Impervious","Berserk"],"picked":"Feed","floor":16},{"not_picked":["Uppercut+1","Ghostly Armor+1"],"picked":"Flex","floor":18},{"not_picked":["Shrug It Off+1","Searing Blow"],"picked":"Battle Trance","floor":19},{"not_picked":["Feel No Pain","Pummel"],"picked":"Pommel Strike","floor":21},{"not_picked":["Carnage+1","Clothesline"],"picked":"Heavy Blade","floor":22},{"not_picked":["Body Slam","Shrug It Off","Twin Strike"],"picked":"SKIP","floor":23},{"not_picked":["Pummel","Battle Trance"],"picked":"Berserk","floor":25}],"player_experience":22189,"relics_obtained":[{"floor":6,"key":"Strawberry"},{"floor":7,"key":"Odd Mushroom"},{"floor":9,"key":"Matryoshka"},{"floor":12,"key":"Whetstone"},{"floor":23,"key":"Pen Nib"},{"floor":25,"key":"Pantograph"},{"floor":26,"key":"PreservedInsect"},{"floor":26,"key":"Juzu Bracelet"}],"event_choices":[{"cards_removed":["Defend_R"],"damage_healed":0,"gold_gain":0,"player_choice":"Card Removal","damage_taken":0,"max_hp_gain":0,"max_hp_loss":0,"event_name":"The Cleric","floor":2,"gold_loss":50},{"damage_healed":0,"gold_gain":0,"player_choice":"Success","damage_taken":18,"relics_obtained":["Old Coin"],"max_hp_gain":0,"max_hp_loss":0,"event_name":"Scrap Ooze","floor":3,"gold_loss":0},{"damage_healed":0,"gold_gain":0,"player_choice":"Donut","damage_taken":0,"max_hp_gain":5,"max_hp_loss":0,"event_name":"Big Fish","floor":5,"gold_loss":0},{"damage_healed":0,"gold_gain":0,"player_choice":"Fought Mushrooms","damage_taken":0,"max_hp_gain":0,"max_hp_loss":0,"event_name":"Mushrooms","floor":7,"gold_loss":0},{"damage_healed":0,"gold_gain":0,"player_choice":"Ignored","damage_taken":0,"max_hp_gain":0,"max_hp_loss":0,"event_name":"Liars Game","floor":8,"gold_loss":0},{"cards_removed":["Strike_R"],"damage_healed":0,"gold_gain":0,"player_choice":"Offered Basic","damage_taken":0,"max_hp_gain":0,"max_hp_loss":0,"event_name":"Bonfire Elementals","floor":20,"gold_loss":0},{"damage_healed":0,"gold_gain":0,"player_choice":"Stopped","damage_taken":9,"max_hp_gain":0,"max_hp_loss":0,"event_name":"Cursed Tome","floor":29,"gold_loss":0}],"is_beta":false,"boss_relics":[{"not_picked":["Runic Pyramid","Sozu"],"picked":"Coffee Dripper"}],"items_purged_floors":[4,10,24,28],"is_endless":false,"potions_floor_spawned":[12,14,19,21,25],"killed_by":"Automaton","ascension_level":0}