{"gold_per_floor":[118,130,130,44,62,62,95,111,111,128,138,138,152,173,173,278,278,290,301,301,314,2,36,0,0,0,0,0,0,34,47,47,144,144,155,155,174,28,28,55,55,86,86,103,103,118,118,43,43,43],"floor_reached":51,"playtime":4352,"items_purged":["Strike_G"],"score":745,"play_id":"6faa9b8a-f00d-42e6-8117-ba06faca98e8","local_time":"20190622210947","is_ascension_mode":false,"campfire_choices":[{"data":"Footwork","floor":6.0,"key":"SMITH"},{"data":"Tactician","floor":12.0,"key":"SMITH"},{"data":"Dodge and Roll","floor":15.0,"key":"SMITH"},{"data":"A Thousand Cuts","floor":27.0,"key":"SMITH"},{"data":"Well Laid Plans","floor":29.0,"key":"SMITH"},{"data":"Prepared","floor":32.0,"key":"SMITH"},{"data":"Adrenaline","floor":41,"key":"SMITH"},{"data":"Wraith Form v2","floor":45,"key":"SMITH"},{"data":"Footwork","floor":47,"key":"SMITH"},{"data":"Caltrops","floor":49,"key":"SMITH"}],"neow_cost":"NONE","seed_source_timestamp":0,"circlet_count":0,"master_deck":["Defend_G","Defend_G","Defend_G","Defend_G","Defend_G","Survivor","Neutralize+1","Dagger Throw","Dagger Throw","Escape Plan","PiercingWail","Footwork+1","Dodge and Roll+1","Tactician+1","All Out Attack+1","Dagger Throw+1","Dash+1","Sucker Punch+1","A Thousand Cuts+1","Crippling Poison","Dash+1","Masterful Stab+1","Footwork+1","Acrobatics","Caltrops+1","Well Laid Plans+1","Prepared+1","Dodge and Roll+1","Adrenaline+1","Skewer+1","Glass Knife+1","Bullet Time+1","Tactician","Flying Knee+1","Neutralize+1","Flechettes+1","Wraith Form v2+1","Dagger Throw+1"],"special_seed":0,"relics":["Ring of the Snake","Centennial Puzzle","Molten Egg 2","Odd Mushroom","Sozu","Tough Bandages","WingedGreaves","Bronze Scales","Letter Opener","Astrolabe","Happy Flower","Orichalcum","PreservedInsect","Mummified Hand"],"potions_floor_usage":[50],"damage_taken":[{"damage":0.0,"enemies":"2 Louse","floor":1.0,"turns":2.0},{"damage":1.0,"enemies":"Cultist","floor":2.0,"turns":4.0},{"damage":0.0,"enemies":"Small Slimes","floor":5.0,"turns":3.0},{"damage":46.0,"enemies":"Gremlin Nob","floor":7.0,"turns":5.0},{"damage":0.0,"enemies":"2 Fungi Beasts","floor":8.0,"turns":4.0},{"damage":1.0,"enemies":"Blue Slaver","floor":10.0,"turns":4.0},{"damage":0.0,"enemies":"Lots of Slimes","floor":11.0,"turns":4.0},{"damage":3.0,"enemies":"Exordium Thugs","floor":13.0,"turns":4.0},{"damage":0.0,"enemies":"The Mushroom Lair","floor":14.0,"turns":2.0},{"damage":10.0,"enemies":"Hexaghost","floor":16.0,"turns":12.0},{"damage":0.0,"enemies":"2 Thieves","floor":18.0,"turns":4.0},{"damage":13.0,"enemies":"Spheric Guardian","floor":19.0,"turns":4.0},{"damage":0.0,"enemies":"Centurion and Healer","floor":21.0,"turns":5.0},{"damage":3.0,"enemies":"Gremlin Leader","floor":23.0,"turns":7.0},{"damage":8.0,"enemies":"Book of Stabbing","floor":30.0,"turns":5.0},{"damage":0.0,"enemies":"Shelled Parasite and Fungi","floor":31.0,"turns":5.0},{"damage":19.0,"enemies":"Automaton","floor":33.0,"turns":11.0},{"damage":0.0,"enemies":"3 Shapes","floor":35.0,"turns":3.0},{"damage":0,"enemies":"3 Darklings","floor":37,"turns":4},{"damage":9,"enemies":"Giant Head","floor":40,"turns":9},{"damage":5,"enemies":"Nemesis","floor":42,"turns":7},{"damage":2,"enemies":"Sphere and 2 Shapes","floor":44,"turns":5},{"damage":0,"enemies":"Jaw Worm Horde","floor":46,"turns":3},{"damage":19,"enemies":"Donu and Deca","floor":50,"turns":9}],"seed_played":"-8694053187928716265","potions_obtained":[{"floor":2.0,"key":"Energy Potion"},{"floor":7.0,"key":"FairyPotion"},{"floor":10.0,"key":"AttackPotion"},{"floor":16.0,"key":"Ancient Potion"}],"is_trial":false,"path_per_floor":["M","M","?","$","M","R","E","M","T","M","M","R","M","?","R","B",null,"M","M","?","M","$","E","$","?","T","R","$","R","E","M","R","B",null,"M","?","M","$","?","E","R","E","T","M","R","M","R","$","R","B",null],"character_chosen":"THE_SILENT","items_purchased":["Escape Plan","PiercingWail","Tough Bandages","Acrobatics","Caltrops","Happy Flower"],"campfire_rested":0,"item_purchase_floors":[4,4,22,22,24,38],"current_hp_per_floor":[77,76,76,76,76,76,30,30,30,29,29,29,26,26,26,16,77,77,64,64,64,64,61,61,61,61,61,61,61,53,53,53,34,77,77,77,77,77,77,68,68,63,63,61,61,61,61,61,61,42],"gold":43,"neow_bonus":"TEN_PERCENT_HP_BONUS","is_prod":false,"is_daily":false,"chose_seed":false,"campfire_upgraded":10,"win_rate":0.0,"timestamp":1561262987,"path_taken":["M","M","?","$","M","R","E","M","T","M","M","R","M","?","R","BOSS","M","M","?","M","$","E","?","?","T","R","$","R","E","M","R","BOSS","M","?","M","$","?","E","R","E","T","M","R","?","R","$","R","BOSS"],"build_version":"2019-01-23","purchased_purges":1,"victory":true,"max_hp_per_floor":[77,77,77,77,77,77,77,77,77,77,77,77,77,77,77,77,77,77,77,77,77,77,77,77,77,77,77,77,77,77,77,77,77,77,77,77,77,77,77,77,77,77,77,77,77,77,77,77,77,77],"card_choices":[{"not_picked":["Backflip","Choke"],"picked":"Dagger Throw","floor":1.0},{"not_picked":["Underhanded Strike","Calculated Gamble"],"picked":"Dagger Throw","floor":2.0},{"not_picked":["Reflex","Quick Slash"],"picked":"Footwork","floor":5.0},{"not_picked":["Infinite Blades","Acrobatics"],"picked":"Dodge and Roll","floor":7.0},{"not_picked":["Deflect","Outmaneuver"],"picked":"Tactician","floor":8.0},{"not_picked":["Reflex","Prepared"],"picked":"All Out Attack+1","floor":10.0},{"not_picked":["Tactician","Quick Slash+1"],"picked":"Dagger Throw+1","floor":11.0},{"not_picked":["Calculated Gamble","Blade Dance"],"picked":"Dash+1","floor":13.0},{"not_picked":["Quick Slash+1","Dagger Spray+1"],"picked":"Sucker Punch+1","floor":14.0},{"not_picked":["Unload+1","Burst"],"picked":"A Thousand Cuts","floor":16.0},{"not_picked":["Expertise+1","Tactician"],"picked":"Crippling Poison","floor":18.0},{"not_picked":["Dagger Spray+1","Deadly Poison+1"],"picked":"Dash+1","floor":19.0},{"not_picked":["Expertise","Dagger Spray+1"],"picked":"Footwork","floor":21.0},{"not_picked":["Skewer+1","Terror+1","Poisoned Stab+1"],"picked":"SKIP","floor":23.0},{"not_picked":["Glass Knife+1","Well Laid Plans"],"picked":"Prepared","floor":30.0},{"not_picked":["Reflex","Eviscerate+1"],"picked":"Dodge and Roll+1","floor":31.0},{"not_picked":["Glass Knife+1","Malaise"],"picked":"Adrenaline","floor":33.0},{"not_picked":["All Out Attack+1","Slice+1"],"picked":"Tactician","floor":35.0},{"not_picked":["Poisoned Stab+1","PiercingWail+1"],"picked":"Flying Knee+1","floor":37},{"not_picked":["Poisoned Stab+1","Riddle With Holes+1","Sucker Punch+1"],"picked":"SKIP","floor":40},{"not_picked":["Flying Knee+1","Dagger Throw+1"],"picked":"Flechettes+1","floor":42},{"not_picked":["Flying Knee+1","Deflect"],"picked":"Wraith Form v2","floor":44},{"not_picked":["PiercingWail","Flechettes+1"],"picked":"Dagger Throw+1","floor":46}],"player_experience":4307,"relics_obtained":[{"floor":7.0,"key":"Centennial Puzzle"},{"floor":9.0,"key":"Molten Egg 2"},{"floor":14.0,"key":"Odd Mushroom"},{"floor":23.0,"key":"WingedGreaves"},{"floor":26.0,"key":"Bronze Scales"},{"floor":30.0,"key":"Letter Opener"},{"floor":40,"key":"Orichalcum"},{"floor":42,"key":"PreservedInsect"},{"floor":43,"key":"Mummified Hand"}],"event_choices":[{"damage_healed":0.0,"max_hp_gain":0.0,"max_hp_loss":0.0,"gold_gain":0.0,"event_name":"Living Wall","player_choice":"Grow","floor":3.0,"gold_loss":0.0,"damage_taken":0.0,"cards_upgraded":["Neutralize"]},{"damage_healed":0.0,"max_hp_gain":0.0,"max_hp_loss":0.0,"gold_gain":0.0,"event_name":"Mushrooms","player_choice":"Fought Mushrooms","floor":14.0,"gold_loss":0.0,"damage_taken":0.0},{"damage_healed":0.0,"max_hp_gain":0.0,"max_hp_loss":0.0,"gold_gain":0.0,"cards_transformed":["Strike_G"],"event_name":"Transmorgrifier","player_choice":"Transformed","floor":20.0,"gold_loss":0.0,"damage_taken":0.0,"cards_obtained":["Masterful Stab"]},{"damage_healed":0.0,"max_hp_gain":0.0,"max_hp_loss":0.0,"gold_gain":0.0,"event_name":"The Library","player_choice":"Read","floor":25.0,"gold_loss":0.0,"damage_taken":0.0,"cards_obtained":["Well Laid Plans"]},{"damage_healed":0.0,"max_hp_gain":0.0,"max_hp_loss":0.0,"gold_gain":0.0,"event_name":"Tomb of Lord Red Mask","player_choice":"Ignored","floor":36.0,"gold_loss":0.0,"damage_taken":0.0},{"damage_healed":0,"gold_gain":0,"player_choice":"1 cards matched","damage_taken":0,"max_hp_gain":0,"max_hp_loss":0,"event_name":"Match and Keep!","floor":39,"gold_loss":0,"cards_obtained":["Neutralize"]}],"is_beta":false,"boss_relics":[{"not_picked":["Coffee Dripper","White Beast Statue"],"picked":"Sozu"},{"not_picked":["Runic Dome","Orrery"],"picked":"Astrolabe"}],"items_purged_floors":[48],"is_endless":false,"potions_floor_spawned":[2,7,10,16,23,33,40,44],"ascension_level":0}