{"gold_per_floor":[112,124,124,135,60,60,77,97,123,123,123,123,139,157,157,257,257,269,269,28,28,28,28,28],"floor_reached":24,"playtime":964,"items_purged":["Strike_R"],"score":304,"play_id":"823028c1-d0dd-4ce9-a323-6a47004b8b1a","local_time":"20181113235933","is_ascension_mode":true,"campfire_choices":[{"data":"Feed","floor":6.0,"key":"SMITH"},{"data":"Armaments","floor":12,"key":"SMITH"},{"floor":15,"key":"REST"},{"data":"Demon Form","floor":23,"key":"SMITH"}],"neow_cost":"NONE","seed_source_timestamp":0,"circlet_count":0,"master_deck":["AscendersBane","Strike_R","Strike_R","Strike_R","Defend_R","Defend_R","Defend_R","Defend_R","Bash","Feed+1","Sword Boomerang","Spot Weakness","Carnage","Armaments+1","Parasite","Infernal Blade","Hemokinesis","Demon Form+1","Iron Wave","True Grit","Writhe"],"special_seed":0,"relics":["Burning Blood","Strawberry","Mark of Pain","Bottled Tornado","Bronze Scales"],"potions_floor_usage":[16,24],"damage_taken":[{"damage":6.0,"enemies":"2 Louse","floor":1.0,"turns":4.0},{"damage":10.0,"enemies":"Small Slimes","floor":2.0,"turns":3.0},{"damage":14.0,"enemies":"Jaw Worm","floor":4.0,"turns":6.0},{"damage":43,"enemies":"Large Slime","floor":7,"turns":10},{"damage":16,"enemies":"Blue Slaver","floor":8,"turns":6},{"damage":11,"enemies":"Looter","floor":13,"turns":2},{"damage":11,"enemies":"3 Louse","floor":14,"turns":3},{"damage":67,"enemies":"Slime Boss","floor":16,"turns":11},{"damage":6,"enemies":"Spheric Guardian","floor":18,"turns":3},{"damage":86,"enemies":"Slavers","floor":24,"turns":6}],"seed_played":"-1182182971620171056","potions_obtained":[{"floor":2.0,"key":"FearPotion"},{"floor":4.0,"key":"LiquidBronze"},{"floor":16,"key":"GamblersBrew"},{"floor":18,"key":"Dexterity Potion"}],"is_trial":false,"path_per_floor":["M","M","?","M","$","R","M","M","T","?","?","R","M","M","R","B",null,"M","?","$","?","$","R","E"],"character_chosen":"IRONCLAD","items_purchased":["Bottled Tornado"],"campfire_rested":1,"item_purchase_floors":[20],"current_hp_per_floor":[75,74,67,59,59,59,26,16,23,23,47,47,42,41,71,14,82,82,82,82,82,82,82,0],"gold":28,"neow_bonus":"ONE_RANDOM_RARE_CARD","is_prod":false,"is_daily":false,"chose_seed":false,"campfire_upgraded":3,"win_rate":0,"timestamp":1542164373,"path_taken":["M","M","?","M","$","R","M","M","T","?","?","R","M","M","R","BOSS","M","?","$","?","$","R","E"],"build_version":"2018-11-08","purchased_purges":1,"victory":false,"max_hp_per_floor":[83,86,86,86,86,86,90,90,97,97,97,97,97,101,101,105,105,105,105,105,105,105,105,105],"card_choices":[{"not_picked":["Body Slam","Perfected Strike","Anger"],"picked":"SKIP","floor":1.0},{"not_picked":["Perfected Strike","Heavy Blade"],"picked":"Sword Boomerang","floor":2.0},{"not_picked":["Wild Strike","Rage"],"picked":"Spot Weakness","floor":4.0},{"not_picked":["Shockwave","Sword Boomerang"],"picked":"Carnage","floor":7},{"not_picked":["Warcry","Searing Blow"],"picked":"Armaments","floor":8},{"not_picked":["Warcry","Combust"],"picked":"Infernal Blade","floor":13},{"not_picked":["Body Slam","Warcry"],"picked":"Hemokinesis","floor":14},{"not_picked":["Impervious","Reaper"],"picked":"Demon Form","floor":16},{"not_picked":["Wild Strike+1","Second Wind"],"picked":"Iron Wave","floor":18}],"player_experience":372917,"relics_obtained":[{"floor":9,"key":"Strawberry"}],"event_choices":[{"cards_removed":["Strike_R"],"damage_healed":0.0,"max_hp_gain":0.0,"max_hp_loss":0.0,"gold_gain":0.0,"event_name":"Golden Wing","player_choice":"Card Removal","floor":3.0,"gold_loss":0.0,"damage_taken":7.0},{"damage_healed":0,"gold_gain":0,"player_choice":"Fled","damage_taken":0,"max_hp_gain":0,"max_hp_loss":0,"event_name":"Scrap Ooze","floor":10,"gold_loss":0},{"damage_healed":24,"gold_gain":0,"player_choice":"Healed and dodged fight","damage_taken":0,"max_hp_gain":0,"max_hp_loss":0,"event_name":"Mushrooms","floor":11,"gold_loss":0,"cards_obtained":["Parasite"]},{"damage_healed":0,"gold_gain":0,"player_choice":"Read","damage_taken":0,"max_hp_gain":0,"max_hp_loss":0,"event_name":"The Library","floor":19,"gold_loss":0,"cards_obtained":["True Grit"]},{"damage_healed":0,"gold_gain":0,"player_choice":"Opened","damage_taken":0,"relics_obtained":["Bronze Scales"],"max_hp_gain":0,"max_hp_loss":0,"event_name":"The Mausoleum","floor":21,"gold_loss":0,"cards_obtained":["Writhe"]}],"is_beta":false,"boss_relics":[{"not_picked":["Ectoplasm","Coffee Dripper"],"picked":"Mark of Pain"}],"items_purged_floors":[5],"is_endless":false,"potions_floor_spawned":[2,4,16,18],"killed_by":"Slavers","ascension_level":10}