{"gold_per_floor":[115,127,138,138,155,188,205,219,219,230,230,230,255,283,283,381,381,398,71,71,86,97,125,125,125],"floor_reached":25,"playtime":1024,"items_purged":[],"score":247,"play_id":"a6cf3163-d3e7-48bd-8519-fbc95e3714de","local_time":"20181205001130","is_ascension_mode":true,"campfire_choices":[{"floor":15,"key":"REST"}],"neow_cost":"NONE","seed_source_timestamp":5722466161152937,"circlet_count":0,"master_deck":["Strike_R","Strike_R","Strike_R","Strike_R","Strike_R","Defend_R","Defend_R","Defend_R","Defend_R","Bash","Iron Wave","Shrug It Off","Flame Barrier","Twin Strike","Purity","Whirlwind","Pommel Strike","Armaments+1","Anger","Searing Blow","Anger","Pummel","Double Tap","Rage+1","Rampage","Fire Breathing","Blood for Blood+1","Uppercut"],"relics":["Burning Blood","Centennial Puzzle","Question Card","Blue Candle","Bag of Marbles","Bag of Preparation","Sozu","Incense Burner","Nunchaku","Enchiridion"],"potions_floor_usage":[6,7,14,16],"damage_taken":[{"damage":6,"enemies":"Cultist","floor":1,"turns":3},{"damage":9,"enemies":"2 Louse","floor":2,"turns":3},{"damage":7,"enemies":"Small Slimes","floor":3,"turns":4},{"damage":12,"enemies":"Looter","floor":5,"turns":4},{"damage":19,"enemies":"3 Sentries","floor":6,"turns":5},{"damage":12,"enemies":"Exordium Thugs","floor":7,"turns":6},{"damage":1,"enemies":"2 Fungi Beasts","floor":8,"turns":3},{"damage":0,"enemies":"Looter","floor":10,"turns":3},{"damage":6,"enemies":"Gremlin Nob","floor":14,"turns":3},{"damage":46,"enemies":"The Guardian","floor":16,"turns":13},{"damage":11,"enemies":"Shell Parasite","floor":18,"turns":4},{"damage":0,"enemies":"Chosen","floor":21,"turns":6},{"damage":13,"enemies":"3 Cultists","floor":22,"turns":4},{"damage":35,"enemies":"Book of Stabbing","floor":23,"turns":5},{"damage":36,"enemies":"Slavers","floor":25,"turns":4}],"seed_played":"7118633319857952612","potions_obtained":[{"floor":2,"key":"PowerPotion"},{"floor":6,"key":"GamblersBrew"},{"floor":7,"key":"Poison Potion"},{"floor":8,"key":"EssenceOfSteel"}],"is_trial":false,"path_per_floor":["M","M","M","?","M","E","M","M","T","M","?","?","T","E","R","B",null,"M","$","?","M","M","E","?","E"],"character_chosen":"IRONCLAD","items_purchased":["Incense Burner","Rampage"],"campfire_rested":1,"item_purchase_floors":[19,19],"current_hp_per_floor":[80,77,76,76,70,57,51,56,56,62,62,59,59,59,80,40,80,75,75,75,80,73,44,28,0],"gold":125,"neow_bonus":"THREE_CARDS","is_prod":false,"is_daily":false,"chose_seed":false,"campfire_upgraded":0,"win_rate":0,"timestamp":1543986690,"path_taken":["M","M","?","?","M","E","?","M","T","M","?","?","?","E","R","BOSS","M","$","?","M","M","E","?","E"],"build_version":"2018-11-15","purchased_purges":0,"victory":false,"max_hp_per_floor":[80,80,80,80,80,80,80,80,80,80,80,80,80,80,80,80,80,80,80,80,80,80,80,80,80],"card_choices":[{"not_picked":["Perfected Strike","Sentinel"],"picked":"Iron Wave","floor":0},{"not_picked":["Wild Strike","Iron Wave"],"picked":"Shrug It Off","floor":1},{"not_picked":["Sentinel","Headbutt"],"picked":"Flame Barrier","floor":2},{"not_picked":["Intimidate","Perfected Strike"],"picked":"Twin Strike","floor":3},{"not_picked":["Headbutt","Shrug It Off"],"picked":"Pommel Strike","floor":5},{"not_picked":["Entrench","Flex"],"picked":"Armaments","floor":6},{"not_picked":["Wild Strike","Infernal Blade"],"picked":"Anger","floor":7},{"not_picked":["Evolve","Sever Soul"],"picked":"Searing Blow","floor":8},{"not_picked":["Barricade","Flex","Iron Wave"],"picked":"Anger","floor":10},{"not_picked":["Corruption","Hemokinesis","Cleave"],"picked":"Pummel","floor":14},{"not_picked":["Limit Break","Dark Embrace","Fiend Fire"],"picked":"Double Tap","floor":16},{"not_picked":["Ghostly Armor","Shockwave","Havoc"],"picked":"Rage+1","floor":18},{"not_picked":["Rampage","Sword Boomerang","True Grit+1"],"picked":"Fire Breathing","floor":21},{"not_picked":["Armaments","Thunderclap","Sever Soul"],"picked":"Blood for Blood+1","floor":22},{"not_picked":["Battle Trance","Headbutt","Clothesline"],"picked":"Uppercut","floor":23}],"player_experience":251817,"relics_obtained":[{"floor":6,"key":"Centennial Puzzle"},{"floor":9,"key":"Question Card"},{"floor":13,"key":"Bag of Marbles"},{"floor":14,"key":"Bag of Preparation"},{"floor":23,"key":"Nunchaku"},{"floor":24,"key":"Enchiridion"}],"event_choices":[{"damage_healed":0,"gold_gain":0,"player_choice":"2 cards matched","damage_taken":0,"max_hp_gain":0,"max_hp_loss":0,"event_name":"Match and Keep!","floor":4,"gold_loss":0,"cards_obtained":["Purity","Whirlwind"]},{"damage_healed":0,"gold_gain":0,"player_choice":"Grow","damage_taken":0,"max_hp_gain":0,"max_hp_loss":0,"event_name":"Living Wall","floor":11,"gold_loss":0,"cards_upgraded":["Armaments"]},{"damage_healed":0,"gold_gain":0,"player_choice":"Success","damage_taken":3,"relics_obtained":["Blue Candle"],"max_hp_gain":0,"max_hp_loss":0,"event_name":"Scrap Ooze","floor":12,"gold_loss":0},{"damage_healed":0,"gold_gain":0,"player_choice":"Ignored","damage_taken":0,"max_hp_gain":0,"max_hp_loss":0,"event_name":"Ghosts","floor":20,"gold_loss":0},{"damage_healed":0,"gold_gain":0,"player_choice":"Obtained Book","damage_taken":16,"max_hp_gain":0,"max_hp_loss":0,"event_name":"Cursed Tome","floor":24,"gold_loss":0}],"is_beta":false,"boss_relics":[{"not_picked":["Cursed Key","Runic Pyramid"],"picked":"Sozu"}],"items_purged_floors":[],"is_endless":false,"potions_floor_spawned":[2,6,7,8,21],"killed_by":"Slavers","ascension_level":1}