{"path_per_floor":["M","M","?","$","M","E","R","M","T","M","M","M","E","M","R"],"character_chosen":"THE_SILENT","items_purchased":[],"gold_per_floor":[113,127,127,127,142,172,172,185,185,204,219,234,263,280,280],"floor_reached":16,"campfire_rested":2,"playtime":972,"current_hp_per_floor":[70,70,70,70,70,49,70,68,68,68,68,59,39,39,70],"items_purged":[],"gold":280,"score":116,"play_id":"00a0db05-1185-4fb0-a79f-2ee95f530c23","is_prod":false,"is_daily":false,"is_ascension_mode":false,"campfire_upgraded":0,"path_taken":["M","M","?","?","M","E","R","M","T","M","M","?","E","M","R","BOSS"],"build_version":"2018-02-08-PROD1","purchased_purges":0,"victory":false,"master_deck":["Defend_G","Defend_G","Defend_G","Defend_G","Defend_G","Strike_G","Strike_G","Strike_G","Strike_G","Strike_G","Survivor","Neutralize","Backstab","Catalyst","Endless Agony","Prepared","Heel Hook","Blur","Dagger Throw","Outmaneuver","Riddle With Holes","Dodge and Roll"],"max_hp_per_floor":[70,70,70,70,70,70,70,70,70,70,70,70,70,70,70],"relics":["Ring of the Snake","NeowsBlessing","Regal Pillow","Sundial","Centennial Puzzle"],"card_choices":[{"not_picked":["Quick Slash","Bane"],"picked":"Deadly Poison"},{"not_picked":["Deadly Poison","Malaise"],"picked":"Backstab"},{"not_picked":["Underhanded Strike","Deflect"],"picked":"Endless Agony"},{"not_picked":["PiercingWail","Underhanded Strike"],"picked":"Prepared"},{"not_picked":["Leg Sweep","Calculated Gamble"],"picked":"Heel Hook"},{"not_picked":["Calculated Gamble","All Out Attack"],"picked":"Blur"},{"not_picked":["Blur","Slice"],"picked":"Dagger Throw"},{"not_picked":["PiercingWail","Corpse Explosion"],"picked":"Outmaneuver"},{"not_picked":["PiercingWail","Escape Plan"],"picked":"Riddle With Holes"},{"not_picked":["Malaise","Leg Sweep"],"picked":"Dodge and Roll"}],"player_experience":34968,"potions_floor_usage":[6,13,13,16],"damage_taken":[{"damage":0,"enemies":"Cultist","floor":1,"turns":1},{"damage":0,"enemies":"2 Louse","floor":2,"turns":1},{"damage":0,"enemies":"Blue Slaver","floor":5,"turns":1},{"damage":21,"enemies":"Lagavulin","floor":6,"turns":8},{"damage":2,"enemies":"Lots of Slimes","floor":8,"turns":7},{"damage":0,"enemies":"2 Fungi Beasts","floor":10,"turns":3},{"damage":0,"enemies":"Exordium Wildlife","floor":11,"turns":2},{"damage":9,"enemies":"Large Slime","floor":12,"turns":9},{"damage":20,"enemies":"3 Sentries","floor":13,"turns":14},{"damage":0,"enemies":"2 Fungi Beasts","floor":14,"turns":4},{"damage":71,"enemies":"The Guardian","floor":16,"turns":16}],"event_choices":[{"event_name":"Living Wall","player_choice":"Change","floor":3,"damage_taken":0}],"boss_relics":[],"potions_floor_spawned":[5,10,11,12],"seed_played":"4931833101685755889","killed_by":"The Guardian","ascension_level":0,"is_trial":false}