{"gold_per_floor":[111,111,127,140,151,182,182,193,193,208,220,220,236,250,250,325,325,343,358,358,374,390,390,67,93,93,93,111,111,161,190,190,263,263,276,276,296,311,46,46,63,63],"floor_reached":42,"playtime":3483,"items_purged":["Strike_R"],"score":942,"play_id":"962bdfbc-6bb9-4b21-8a48-48ffaac6bc25","local_time":"20190130171948","is_ascension_mode":true,"campfire_choices":[{"data":"Flex","floor":7,"key":"SMITH"},{"data":"Anger","floor":12,"key":"SMITH"},{"floor":15,"key":"REST"},{"floor":23,"key":"REST"},{"data":"Demon Form","floor":27,"key":"SMITH"},{"data":"Corruption","floor":29,"key":"SMITH"},{"floor":32,"key":"REST"},{"data":"Evolve","floor":40,"key":"SMITH"}],"neow_cost":"NONE","seed_source_timestamp":1491225868980,"circlet_count":0,"master_deck":["AscendersBane","Strike_R","Strike_R","Defend_R","Defend_R","Defend_R","Defend_R","Bash","Flex+1","Iron Wave","Anger+1","Metallicize","Corruption+1","Shockwave+1","Cleave","Pommel Strike","Disarm+1","Flame Barrier+1","Demon Form+1","Shrug It Off+1","Armaments+1","Sword Boomerang","Pommel Strike+1","Power Through+1","Disarm+1","Reaper","Evolve+1","Disarm+1","Warcry+1","Power Through+1","Heavy Blade"],"relics":["Burning Blood","Toxic Egg 2","Dead Branch","Calipers","Empty Cage","FossilizedHelix","Torii","Regal Pillow","Bird Faced Urn","Mark of Pain"],"potions_floor_usage":[16,25,25,28,42,42,42,42],"damage_taken":[{"damage":7,"enemies":"Jaw Worm","floor":1,"turns":3},{"damage":2,"enemies":"Cultist","floor":3,"turns":4},{"damage":0,"enemies":"Small Slimes","floor":4,"turns":3},{"damage":13,"enemies":"2 Fungi Beasts","floor":5,"turns":4},{"damage":28,"enemies":"3 Sentries","floor":6,"turns":9},{"damage":0,"enemies":"Large Slime","floor":8,"turns":6},{"damage":12,"enemies":"Exordium Thugs","floor":10,"turns":3},{"damage":8,"enemies":"Looter","floor":11,"turns":4},{"damage":4,"enemies":"3 Louse","floor":13,"turns":3},{"damage":14,"enemies":"Exordium Wildlife","floor":14,"turns":4},{"damage":21,"enemies":"Slime Boss","floor":16,"turns":8},{"damage":9,"enemies":"3 Byrds","floor":18,"turns":4},{"damage":8,"enemies":"Chosen","floor":19,"turns":6},{"damage":17,"enemies":"Colosseum Slavers","floor":20,"turns":4},{"damage":3,"enemies":"3 Cultists","floor":21,"turns":4},{"damage":25,"enemies":"Centurion and Healer","floor":22,"turns":7},{"damage":10,"enemies":"Gremlin Leader","floor":25,"turns":5},{"damage":10,"enemies":"Chosen and Byrds","floor":28,"turns":7},{"damage":1,"enemies":"Book of Stabbing","floor":31,"turns":7},{"damage":8,"enemies":"Automaton","floor":33,"turns":10},{"damage":0,"enemies":"Orb Walker","floor":35,"turns":2},{"damage":0,"enemies":"3 Darklings","floor":37,"turns":5},{"damage":0,"enemies":"Maw","floor":38,"turns":7},{"damage":13,"enemies":"Sphere and 2 Shapes","floor":41,"turns":6},{"damage":84,"enemies":"Reptomancer","floor":42,"turns":3}],"seed_played":"-8365725604215452774","potions_obtained":[{"floor":1,"key":"Energy Potion"},{"floor":8,"key":"Explosive Potion"},{"floor":18,"key":"Poison Potion"},{"floor":25,"key":"Block Potion"},{"floor":28,"key":"BloodPotion"},{"floor":33,"key":"Strength Potion"},{"floor":37,"key":"Block Potion"},{"floor":38,"key":"SpeedPotion"}],"is_trial":false,"path_per_floor":["M","?","M","M","M","E","R","M","T","M","M","R","M","M","R","B",null,"M","M","?","M","M","R","$","E","T","R","M","R","?","E","R","B",null,"M","?","M","M","$","R","M","E"],"character_chosen":"IRONCLAD","items_purchased":["FossilizedHelix","Power Through+1","EntropicBrew"],"campfire_rested":3,"item_purchase_floors":[24,39,39],"current_hp_per_floor":[67,67,71,75,68,46,46,52,52,46,44,44,46,38,60,45,68,65,63,52,55,36,58,58,54,54,54,50,50,50,55,75,75,75,75,71,71,71,71,71,71,0],"gold":63,"neow_bonus":"RANDOM_COLORLESS","is_prod":false,"is_daily":false,"chose_seed":false,"campfire_upgraded":5,"win_rate":0,"timestamp":1548879588,"path_taken":["M","?","M","M","M","E","R","M","T","M","?","R","M","M","R","BOSS","M","M","?","M","M","R","$","E","T","R","M","R","?","E","R","BOSS","M","?","M","M","$","R","M","E"],"build_version":"2019-01-23","purchased_purges":1,"victory":false,"max_hp_per_floor":[75,75,75,75,75,75,75,75,75,75,75,75,75,75,75,75,75,75,75,75,75,75,75,75,75,75,75,75,75,75,75,75,75,75,75,71,71,71,71,71,71,71],"card_choices":[{"not_picked":["Pummel","Iron Wave"],"picked":"Flex","floor":1},{"not_picked":["Havoc+1","Body Slam"],"picked":"Iron Wave","floor":3},{"not_picked":["Armaments+1","Sword Boomerang"],"picked":"Anger","floor":4},{"not_picked":["Second Wind+1","Exhume+1"],"picked":"Metallicize","floor":5},{"not_picked":["Searing Blow","Pommel Strike"],"picked":"Corruption","floor":6},{"not_picked":["Twin Strike","Thunderclap"],"picked":"Shockwave+1","floor":8},{"not_picked":["Flex+1","Twin Strike"],"picked":"Cleave","floor":10},{"not_picked":["Clothesline","Rampage"],"picked":"Pommel Strike","floor":11},{"not_picked":["Clothesline","Feed"],"picked":"Disarm+1","floor":13},{"not_picked":["Clash","Cleave"],"picked":"Flame Barrier+1","floor":14},{"not_picked":["Reaper","Barricade"],"picked":"Demon Form","floor":16},{"not_picked":["Heavy Blade","Rage+1"],"picked":"Shrug It Off+1","floor":18},{"not_picked":["Havoc+1","Clash"],"picked":"Armaments+1","floor":19},{"not_picked":["Flex+1","Second Wind+1"],"picked":"Sword Boomerang","floor":21},{"not_picked":["Clothesline","Second Wind+1"],"picked":"Pommel Strike+1","floor":22},{"not_picked":["Anger","Intimidate+1","Flex+1"],"picked":"SKIP","floor":25},{"not_picked":["Armaments+1","Sword Boomerang"],"picked":"Power Through+1","floor":28},{"not_picked":["Flex+1","Whirlwind+1"],"picked":"Disarm+1","floor":31},{"not_picked":["Feed","Fiend Fire"],"picked":"Reaper","floor":33},{"not_picked":["Bloodletting+1","True Grit+1"],"picked":"Evolve","floor":35},{"not_picked":["Metallicize+1","Perfected Strike"],"picked":"Disarm+1","floor":37},{"not_picked":["Blood for Blood","Thunderclap"],"picked":"Warcry+1","floor":38},{"not_picked":["Headbutt","Fire Breathing+1"],"picked":"Heavy Blade","floor":41}],"player_experience":789013,"relics_obtained":[{"floor":6,"key":"Dead Branch"},{"floor":9,"key":"Calipers"},{"floor":25,"key":"Torii"},{"floor":26,"key":"Regal Pillow"},{"floor":31,"key":"Bird Faced Urn"}],"event_choices":[{"cards_removed":["Purity"],"damage_healed":0,"gold_gain":0,"player_choice":"Gave Card","damage_taken":0,"relics_obtained":["Toxic Egg 2"],"max_hp_gain":0,"max_hp_loss":0,"event_name":"WeMeetAgain","floor":2,"gold_loss":0},{"damage_healed":0,"gold_gain":0,"player_choice":"Fight","damage_taken":0,"max_hp_gain":0,"max_hp_loss":0,"event_name":"Colosseum","floor":20,"gold_loss":0},{"damage_healed":0,"gold_gain":0,"player_choice":"Fled From Nobs","damage_taken":0,"max_hp_gain":0,"max_hp_loss":0,"event_name":"Colosseum","floor":20,"gold_loss":0},{"damage_healed":0,"gold_gain":50,"player_choice":"Pray","damage_taken":0,"max_hp_gain":0,"max_hp_loss":0,"event_name":"Golden Shrine","floor":30,"gold_loss":0},{"damage_healed":0,"gold_gain":0,"player_choice":"Max HP","damage_taken":0,"max_hp_gain":0,"max_hp_loss":4,"event_name":"Winding Halls","floor":36,"gold_loss":0}],"is_beta":false,"boss_relics":[{"not_picked":["Pandora\u0027s Box","Tiny House"],"picked":"Empty Cage"},{"not_picked":["Velvet Choker","Calling Bell"],"picked":"Mark of Pain"}],"items_purged_floors":[39],"is_endless":false,"potions_floor_spawned":[1,8,11,13,14,18,20,25,28,33,37,38,41],"killed_by":"Reptomancer","ascension_level":20}