{"gold_per_floor":[118,39,58,71,91,91,110,126,174,69,69,0,0,17,17,91,91,79,91,91,91,110,110,140,140],"floor_reached":25,"playtime":1964,"items_purged":["Strike_R"],"score":387,"play_id":"a7726cf0-f025-4c5a-addf-5b2a88b8af55","local_time":"20181218161711","is_ascension_mode":true,"campfire_choices":[{"data":"True Grit","floor":6,"key":"SMITH"},{"data":"Demon Form","floor":11,"key":"SMITH"},{"data":"Rage","floor":13,"key":"SMITH"},{"floor":15,"key":"REST"},{"floor":23,"key":"REST"}],"neow_cost":"NONE","seed_source_timestamp":2949793182018,"circlet_count":0,"master_deck":["AscendersBane","Strike_R","Strike_R","Strike_R","Strike_R","Defend_R","Defend_R","Defend_R","Defend_R","Bash","Double Tap","Rage+1","Evolve","Metallicize","Whirlwind","True Grit+1","Cleave","Demon Form+1","Shrug It Off","Limit Break","Iron Wave"],"relics":["Burning Blood","Happy Flower","Bag of Preparation","Busted Crown","Sundial"],"potions_floor_usage":[16,16,21,24],"damage_taken":[{"damage":1,"enemies":"Cultist","floor":1,"turns":3},{"damage":16,"enemies":"Jaw Worm","floor":3,"turns":5},{"damage":5,"enemies":"Small Slimes","floor":4,"turns":5},{"damage":19,"enemies":"Exordium Wildlife","floor":5,"turns":4},{"damage":33,"enemies":"Exordium Thugs","floor":7,"turns":7},{"damage":7,"enemies":"Looter","floor":8,"turns":4},{"damage":8,"enemies":"Gremlin Gang","floor":14,"turns":3},{"damage":11,"enemies":"The Guardian","floor":16,"turns":8},{"damage":17,"enemies":"2 Thieves","floor":18,"turns":5},{"damage":0,"enemies":"3 Byrds","floor":19,"turns":6},{"damage":2,"enemies":"Shelled Parasite and Fungi","floor":22,"turns":9},{"damage":33,"enemies":"Slavers","floor":24,"turns":5},{"damage":47,"enemies":"Sentry and Sphere","floor":25,"turns":5}],"seed_played":"3545724866140239114","potions_obtained":[{"floor":4,"key":"SpeedPotion"},{"floor":7,"key":"Block Potion"},{"floor":21,"key":"Fruit Juice"},{"floor":21,"key":"SneckoOil"},{"floor":22,"key":"PowerPotion"},{"floor":24,"key":"Regen Potion"}],"is_trial":false,"path_per_floor":["M","$","M","M","M","R","M","M","T","$","R","?","R","M","R","B",null,"M","M","?","?","M","R","E","M"],"character_chosen":"IRONCLAD","items_purchased":["Evolve","Shrug It Off"],"campfire_rested":2,"item_purchase_floors":[2,10],"current_hp_per_floor":[73,73,63,64,51,51,24,23,23,23,23,23,23,21,43,38,66,55,61,40,45,49,74,47,0],"gold":140,"neow_bonus":"ONE_RANDOM_RARE_CARD","is_prod":false,"is_daily":false,"chose_seed":false,"campfire_upgraded":3,"win_rate":0,"timestamp":1545160631,"path_taken":["M","?","M","M","M","R","M","M","T","$","R","?","R","?","R","BOSS","M","M","?","?","M","R","E","?"],"build_version":"2018-12-13","purchased_purges":1,"victory":false,"max_hp_per_floor":[75,75,75,75,75,75,75,75,75,75,75,75,75,75,75,75,75,75,75,80,85,85,85,85,85],"card_choices":[{"not_picked":["Perfected Strike","Evolve"],"picked":"Rage","floor":1},{"not_picked":["Hemokinesis","True Grit"],"picked":"Metallicize","floor":3},{"not_picked":["Reckless Charge","Headbutt"],"picked":"Whirlwind","floor":4},{"not_picked":["Entrench","Warcry"],"picked":"True Grit","floor":5},{"not_picked":["Rampage","True Grit"],"picked":"Cleave","floor":7},{"not_picked":["Feel No Pain","Warcry"],"picked":"Demon Form","floor":8},{"not_picked":["Sword Boomerang","Rampage","Armaments"],"picked":"SKIP","floor":14},{"not_picked":["Feed","Berserk"],"picked":"Limit Break","floor":16},{"not_picked":[],"picked":"Iron Wave","floor":18},{"not_picked":["Flex"],"picked":"SKIP","floor":19},{"not_picked":["Cleave"],"picked":"SKIP","floor":22},{"not_picked":["Cleave"],"picked":"SKIP","floor":24}],"player_experience":565786,"relics_obtained":[{"floor":9,"key":"Happy Flower"},{"floor":24,"key":"Sundial"}],"event_choices":[{"damage_healed":0,"gold_gain":0,"player_choice":"Paid Gold","damage_taken":0,"relics_obtained":["Bag of Preparation"],"max_hp_gain":0,"max_hp_loss":0,"event_name":"WeMeetAgain","floor":12,"gold_loss":69},{"damage_healed":0,"gold_gain":0,"player_choice":"Shed Blood","damage_taken":26,"max_hp_gain":5,"max_hp_loss":0,"event_name":"Forgotten Altar","floor":20,"gold_loss":0},{"damage_healed":0,"gold_gain":0,"player_choice":"Got Potions","damage_taken":0,"max_hp_gain":0,"max_hp_loss":0,"event_name":"Lab","floor":21,"gold_loss":0}],"is_beta":false,"boss_relics":[{"not_picked":["Black Blood","Ectoplasm"],"picked":"Busted Crown"}],"items_purged_floors":[10],"is_endless":false,"potions_floor_spawned":[4,7,8,22,24],"killed_by":"Sentry and Sphere","ascension_level":16}