{"gold_per_floor":[110,127,141,141,151,180,180,180,204,221,221,253,25,25,25,96,96,116,166,178,188,188],"floor_reached":22,"playtime":877,"items_purged":["Injury"],"score":392,"play_id":"4038b3ab-0a9b-4583-9399-2d5798a4a170","local_time":"20190329164714","is_ascension_mode":true,"campfire_choices":[{"floor":8,"key":"REST"},{"floor":15,"key":"REST"}],"neow_cost":"NONE","seed_source_timestamp":450563672400,"circlet_count":0,"master_deck":["AscendersBane","Defend_G","Defend_G","Defend_G+1","Defend_G","Defend_G","Strike_G+1","Strike_G","Strike_G","Strike_G","Strike_G","Survivor","Neutralize","Noxious Fumes+1","Skewer","Deadly Poison+1","Burst","Leg Sweep","Well Laid Plans","Backflip","Die Die Die"],"relics":["Cursed Key","Ancient Tea Set","War Paint","Bag of Marbles","Runic Pyramid"],"potions_floor_usage":[6,10,12,20],"damage_taken":[{"damage":0,"enemies":"2 Louse","floor":1,"turns":4},{"damage":1,"enemies":"Small Slimes","floor":2,"turns":4},{"damage":6,"enemies":"Jaw Worm","floor":3,"turns":4},{"damage":8,"enemies":"Large Slime","floor":5,"turns":5},{"damage":23,"enemies":"Gremlin Nob","floor":6,"turns":4},{"damage":4,"enemies":"Blue Slaver","floor":10,"turns":3},{"damage":5,"enemies":"Lagavulin","floor":12,"turns":6},{"damage":10,"enemies":"The Guardian","floor":16,"turns":9},{"damage":8,"enemies":"Shell Parasite","floor":18,"turns":8},{"damage":3,"enemies":"Spheric Guardian","floor":20,"turns":6},{"damage":23,"enemies":"Cultist and Chosen","floor":21,"turns":7},{"damage":21,"enemies":"Centurion and Healer","floor":22,"turns":2}],"seed_played":"-881852879578725801","potions_obtained":[{"floor":1,"key":"SkillPotion"},{"floor":2,"key":"SteroidPotion"},{"floor":5,"key":"PowerPotion"},{"floor":6,"key":"GamblersBrew"},{"floor":16,"key":"Ancient Potion"}],"is_trial":false,"path_per_floor":["M","M","M","?","M","E","?","R","T","M","?","E","$","T","R","B",null,"M","?","M","M","M"],"character_chosen":"THE_SILENT","items_purchased":["Well Laid Plans","Backflip","Dexterity Potion"],"campfire_rested":2,"item_purchase_floors":[13,13,13],"current_hp_per_floor":[59,58,52,32,24,1,1,20,20,16,16,11,11,11,30,20,55,47,47,44,21,0],"gold":188,"neow_bonus":"BOSS_RELIC","is_prod":false,"is_daily":false,"chose_seed":false,"campfire_upgraded":0,"win_rate":0,"timestamp":1553888834,"path_taken":["M","M","M","?","M","E","?","R","T","M","?","E","$","?","R","BOSS","M","?","M","M","M"],"build_version":"2019-01-23","purchased_purges":1,"victory":false,"max_hp_per_floor":[66,66,66,66,66,66,66,66,66,66,66,66,66,66,66,66,66,66,66,66,66,66],"card_choices":[{"not_picked":["Flying Knee","Setup"],"picked":"Noxious Fumes","floor":1},{"not_picked":["Slice","Predator"],"picked":"Skewer","floor":2},{"not_picked":["Outmaneuver","Acrobatics"],"picked":"Deadly Poison","floor":3},{"not_picked":["Expertise","Distraction"],"picked":"Burst","floor":5},{"not_picked":["Cloak And Dagger","Underhanded Strike","Terror"],"picked":"SKIP","floor":6},{"not_picked":["Bouncing Flask","Blade Dance"],"picked":"Leg Sweep","floor":10},{"not_picked":["Slice","Terror","Endless Agony"],"picked":"SKIP","floor":12},{"not_picked":["Burst","Unload"],"picked":"Die Die Die","floor":16},{"not_picked":["Deadly Poison+1","Dodge and Roll","Slice"],"picked":"SKIP","floor":18},{"not_picked":["Cloak And Dagger+1","Tactician","Sucker Punch"],"picked":"SKIP","floor":20},{"not_picked":["Expertise","Prepared","Outmaneuver"],"picked":"SKIP","floor":21}],"player_experience":1001346,"relics_obtained":[{"floor":6,"key":"Ancient Tea Set"},{"floor":9,"key":"War Paint"},{"floor":12,"key":"Bag of Marbles"}],"event_choices":[{"damage_healed":0,"gold_gain":0,"player_choice":"Entered Light","damage_taken":20,"max_hp_gain":0,"max_hp_loss":0,"event_name":"Shining Light","floor":4,"gold_loss":0,"cards_upgraded":["Noxious Fumes","Strike_G"]},{"damage_healed":0,"gold_gain":0,"player_choice":"Fled","damage_taken":0,"max_hp_gain":0,"max_hp_loss":0,"event_name":"Scrap Ooze","floor":7,"gold_loss":0},{"damage_healed":0,"gold_gain":0,"player_choice":"Ignored","damage_taken":0,"max_hp_gain":0,"max_hp_loss":0,"event_name":"Golden Wing","floor":11,"gold_loss":0},{"damage_healed":0,"gold_gain":50,"player_choice":"Stole From Cult","damage_taken":0,"max_hp_gain":0,"max_hp_loss":0,"event_name":"Nest","floor":19,"gold_loss":0}],"is_beta":false,"boss_relics":[{"not_picked":["HoveringKite","Fusion Hammer"],"picked":"Runic Pyramid"}],"items_purged_floors":[13],"is_endless":false,"potions_floor_spawned":[1,2,5,6,16],"killed_by":"Centurion and Healer","ascension_level":20}