{"gold_per_floor":[118,118,118,118,44,80,80,153,153,171,192,216,216],"floor_reached":13,"playtime":660,"items_purged":[],"score":112,"play_id":"00fbafd8-03c1-4da0-82a5-296978c386b4","local_time":"20190624012133","is_ascension_mode":true,"campfire_choices":[{"floor":7,"key":"REST"}],"neow_cost":"NONE","seed_source_timestamp":92323607129900,"circlet_count":0,"master_deck":["Strike_R","Strike_R","Strike_R","Strike_R","Strike_R","Defend_R","Defend_R","Defend_R","Defend_R","Bash","Feed","Purity","Corruption","Flex","Flex","True Grit+1","Rampage","Exhume+1"],"relics":["Burning Blood","Golden Idol","Mummified Hand","Shuriken","Tiny Chest","Toxic Egg 2"],"potions_floor_usage":[8,12],"damage_taken":[{"damage":8,"enemies":"Jaw Worm","floor":1,"turns":4},{"damage":45,"enemies":"Lagavulin","floor":6,"turns":7},{"damage":40,"enemies":"3 Sentries","floor":8,"turns":8},{"damage":6,"enemies":"2 Louse","floor":10,"turns":4},{"damage":1,"enemies":"Small Slimes","floor":11,"turns":5},{"damage":19,"enemies":"Exordium Thugs","floor":12,"turns":5},{"damage":7,"enemies":"Blue Slaver","floor":13,"turns":2}],"seed_played":"3740111069784155686","potions_obtained":[{"floor":6,"key":"AttackPotion"},{"floor":10,"key":"Swift Potion"}],"is_trial":false,"path_per_floor":["M","?","?","?","$","E","R","E","T","M","M","M","M"],"character_chosen":"IRONCLAD","items_purchased":["Corruption"],"campfire_rested":1,"item_purchase_floors":[5],"current_hp_per_floor":[81,61,54,54,54,18,43,9,9,9,17,7,0],"gold":216,"neow_bonus":"ONE_RANDOM_RARE_CARD","is_prod":false,"is_daily":false,"chose_seed":false,"campfire_upgraded":0,"win_rate":0,"timestamp":1561303293,"path_taken":["M","?","?","?","$","E","R","E","T","M","M","M","?"],"build_version":"2019-01-23","purchased_purges":0,"victory":false,"max_hp_per_floor":[83,83,83,83,83,86,86,86,86,86,89,92,92],"card_choices":[{"not_picked":["Body Slam","Rage","Clothesline"],"picked":"SKIP","floor":1},{"not_picked":["Anger","Headbutt"],"picked":"Flex","floor":6},{"not_picked":["Wild Strike","Fire Breathing"],"picked":"Flex","floor":8},{"not_picked":["Searing Blow","Heavy Blade"],"picked":"True Grit+1","floor":10},{"not_picked":["Sword Boomerang","Bloodletting+1"],"picked":"Rampage","floor":11},{"not_picked":["Twin Strike","Entrench+1"],"picked":"Exhume+1","floor":12}],"player_experience":151799,"relics_obtained":[{"floor":6,"key":"Shuriken"},{"floor":8,"key":"Tiny Chest"},{"floor":9,"key":"Toxic Egg 2"}],"event_choices":[{"damage_healed":0,"gold_gain":0,"player_choice":"Take Damage","damage_taken":20,"relics_obtained":["Golden Idol"],"max_hp_gain":0,"max_hp_loss":0,"event_name":"Golden Idol","floor":2,"gold_loss":0},{"damage_healed":0,"gold_gain":0,"player_choice":"Success","damage_taken":7,"relics_obtained":["Mummified Hand"],"max_hp_gain":0,"max_hp_loss":0,"event_name":"Scrap Ooze","floor":3,"gold_loss":0},{"damage_healed":0,"gold_gain":0,"player_choice":"1 cards matched","damage_taken":0,"max_hp_gain":0,"max_hp_loss":0,"event_name":"Match and Keep!","floor":4,"gold_loss":0,"cards_obtained":["Purity"]}],"is_beta":false,"boss_relics":[],"items_purged_floors":[],"is_endless":false,"potions_floor_spawned":[6,10],"killed_by":"Blue Slaver","ascension_level":4}