{"gold_per_floor":[113,113,113,127,137,165,115,127,127,127,139,139],"floor_reached":12,"playtime":648,"items_purged":[],"score":84,"play_id":"b1555b00-b483-498f-bb33-433a7fa68fe2","local_time":"20190115185549","is_ascension_mode":true,"campfire_choices":[],"neow_cost":"NONE","seed_source_timestamp":888184108859791,"circlet_count":0,"master_deck":["Defend_G","Defend_G","Defend_G","Defend_G","Defend_G","Strike_G","Strike_G","Strike_G","Strike_G","Strike_G","Survivor","Neutralize","Backflip+1","Regret","Slice","Infinite Blades","Bane","Sucker Punch","Blade Dance","Dagger Spray"],"relics":["Ring of the Snake","Bag of Preparation","Pantograph","Orichalcum","FossilizedHelix"],"potions_floor_usage":[5,6,6],"damage_taken":[{"damage":1,"enemies":"2 Louse","floor":1,"turns":4},{"damage":8,"enemies":"Cultist","floor":4,"turns":5},{"damage":0,"enemies":"Jaw Worm","floor":5,"turns":4},{"damage":37,"enemies":"Lagavulin","floor":6,"turns":6},{"damage":5,"enemies":"Red Slaver","floor":8,"turns":4},{"damage":3,"enemies":"Lots of Slimes","floor":11,"turns":6},{"damage":17,"enemies":"Gremlin Nob","floor":12,"turns":4}],"seed_played":"-17609486153593892","potions_obtained":[{"floor":0,"key":"SkillPotion"},{"floor":0,"key":"Weak Potion"},{"floor":0,"key":"SteroidPotion"},{"floor":1,"key":"LiquidBronze"}],"is_trial":false,"path_per_floor":["M","?","?","M","M","E","$","M","T","T","M","E"],"character_chosen":"THE_SILENT","items_purchased":["Sucker Punch"],"campfire_rested":0,"item_purchase_floors":[7],"current_hp_per_floor":[69,69,69,61,61,24,24,19,19,19,16,0],"gold":139,"neow_bonus":"THREE_SMALL_POTIONS","is_prod":false,"is_daily":false,"chose_seed":false,"campfire_upgraded":0,"win_rate":0,"timestamp":1547596549,"path_taken":["M","?","?","?","M","E","?","M","T","?","M","E"],"build_version":"2019-01-10","purchased_purges":0,"victory":false,"max_hp_per_floor":[70,70,70,70,70,70,70,70,70,70,70,70],"card_choices":[{"not_picked":["Deflect","Slice"],"picked":"Backflip","floor":1},{"not_picked":["Deadly Poison","Prepared"],"picked":"Slice","floor":4},{"not_picked":["Flying Knee","Heel Hook"],"picked":"Infinite Blades","floor":5},{"not_picked":["Setup","Dodge and Roll"],"picked":"Bane","floor":6},{"not_picked":["All Out Attack","Dagger Spray"],"picked":"Blade Dance","floor":8},{"not_picked":["Tactician","Flying Knee"],"picked":"Dagger Spray","floor":11}],"player_experience":306544,"relics_obtained":[{"floor":6,"key":"Pantograph"},{"floor":9,"key":"Orichalcum"},{"floor":10,"key":"FossilizedHelix"}],"event_choices":[{"damage_healed":0,"gold_gain":0,"player_choice":"Box","damage_taken":0,"relics_obtained":["Bag of Preparation"],"max_hp_gain":0,"max_hp_loss":0,"event_name":"Big Fish","floor":2,"gold_loss":0,"cards_obtained":["Regret"]},{"damage_healed":0,"gold_gain":0,"player_choice":"Upgraded","damage_taken":0,"max_hp_gain":0,"max_hp_loss":0,"event_name":"Upgrade Shrine","floor":3,"gold_loss":0,"cards_upgraded":["Backflip"]}],"is_beta":false,"boss_relics":[],"items_purged_floors":[],"is_endless":false,"potions_floor_spawned":[1],"killed_by":"Gremlin Nob","ascension_level":1}