{"gold_per_floor":[116,45,60,70,85,85,111,111,161,161,236,236,236,249,249,354,354,365,365,312,325,340,340,353,353,421,15,28,28,28],"floor_reached":30,"playtime":2134,"items_purged":[],"score":276,"play_id":"9cd4a4bf-cb47-4989-84f0-b7c40f3db266","local_time":"20190624015720","is_ascension_mode":true,"campfire_choices":[{"data":"Armaments","floor":6,"key":"SMITH"},{"data":"Flame Barrier","floor":10,"key":"SMITH"},{"data":"Rampage","floor":15,"key":"SMITH"},{"floor":23,"key":"REST"},{"floor":25,"key":"REST"},{"data":"Double Tap","floor":29,"key":"SMITH"}],"neow_cost":"NONE","seed_source_timestamp":92995031342500,"circlet_count":0,"master_deck":["Strike_R+1","Strike_R","Strike_R","Strike_R","Strike_R+1","Defend_R","Defend_R","Defend_R+1","Defend_R+1","Bash","Cleave","Flame Barrier+1","Rampage+1","Armaments+1","Iron Wave","Offering","Heavy Blade","Shrug It Off","Thunderclap+1","Double Tap+1","Searing Blow","Shrug It Off","Corruption","Shrug It Off"],"relics":["Burning Blood","NeowsBlessing","Pantograph","Juzu Bracelet","Lizard Tail","Nloth\u0027s Gift","Sundial","PreservedInsect"],"potions_floor_usage":[7,14,16,16,18,24,24,28,28,30],"damage_taken":[{"damage":0,"enemies":"2 Louse","floor":1,"turns":1},{"damage":0,"enemies":"Cultist","floor":3,"turns":1},{"damage":0,"enemies":"Jaw Worm","floor":4,"turns":1},{"damage":5,"enemies":"2 Fungi Beasts","floor":5,"turns":5},{"damage":25,"enemies":"3 Sentries","floor":7,"turns":11},{"damage":3,"enemies":"Exordium Thugs","floor":14,"turns":6},{"damage":27,"enemies":"Hexaghost","floor":16,"turns":11},{"damage":10,"enemies":"Chosen","floor":18,"turns":6},{"damage":0,"enemies":"3 Byrds","floor":21,"turns":1},{"damage":31,"enemies":"Shelled Parasite and Fungi","floor":22,"turns":11},{"damage":90,"enemies":"Cultist and Chosen","floor":24,"turns":9},{"damage":2,"enemies":"Snecko","floor":28,"turns":3},{"damage":86,"enemies":"Centurion and Healer","floor":30,"turns":12}],"seed_played":"5319280558864803727","potions_obtained":[{"floor":1,"key":"BloodPotion"},{"floor":3,"key":"Dexterity Potion"},{"floor":5,"key":"GamblersBrew"},{"floor":13,"key":"Regen Potion"},{"floor":14,"key":"Energy Potion"},{"floor":18,"key":"Poison Potion"},{"floor":22,"key":"BloodPotion"}],"is_trial":false,"path_per_floor":["M","$","M","M","M","R","E","?","T","R","?","?","?","M","R","B",null,"M","?","$","M","M","R","M","R","T","$","M","R","M"],"character_chosen":"IRONCLAD","items_purchased":["Flame Barrier","Shrug It Off","PreservedInsect","Shrug It Off","Energy Potion","BloodPotion","Fire Potion","Corruption"],"campfire_rested":2,"item_purchase_floors":[2,20,27,27,27,27,27,27],"current_hp_per_floor":[80,80,80,80,80,80,69,69,69,69,58,42,42,60,60,59,80,76,76,76,80,55,79,46,70,70,70,74,74,0],"gold":28,"neow_bonus":"THREE_ENEMY_KILL","is_prod":false,"is_daily":false,"chose_seed":false,"campfire_upgraded":4,"win_rate":0,"timestamp":1561305440,"path_taken":["M","$","M","M","M","R","E","?","T","R","?","?","?","M","R","BOSS","M","?","$","M","M","R","M","R","T","?","M","R","M"],"build_version":"2019-01-23","purchased_purges":0,"victory":false,"max_hp_per_floor":[80,80,80,80,80,80,80,80,80,80,80,80,80,80,80,80,80,80,80,80,80,80,80,80,80,80,80,80,80,80],"card_choices":[{"not_picked":["Burning Pact","Pommel Strike"],"picked":"Cleave","floor":1},{"not_picked":["Twin Strike","Cleave"],"picked":"Rampage","floor":3},{"not_picked":["Pummel","Twin Strike"],"picked":"Armaments","floor":4},{"not_picked":["Clothesline","Anger"],"picked":"Pommel Strike","floor":5},{"not_picked":["Dropkick","Offering","Twin Strike"],"picked":"SKIP","floor":7},{"not_picked":["Second Wind","Body Slam"],"picked":"Iron Wave","floor":14},{"not_picked":["Exhume","Fiend Fire"],"picked":"Offering","floor":16},{"not_picked":["Rage+1","Havoc"],"picked":"Heavy Blade","floor":18},{"not_picked":["Cleave","True Grit"],"picked":"Thunderclap+1","floor":21},{"not_picked":["Havoc","Sentinel"],"picked":"Double Tap","floor":22},{"not_picked":["Anger","Sword Boomerang"],"picked":"Searing Blow","floor":24},{"not_picked":["Perfected Strike","Fire Breathing"],"picked":"Shrug It Off","floor":28}],"player_experience":152459,"relics_obtained":[{"floor":7,"key":"Pantograph"},{"floor":9,"key":"Juzu Bracelet"},{"floor":26,"key":"Sundial"}],"event_choices":[{"cards_removed":["Pommel Strike"],"damage_healed":0,"gold_gain":0,"player_choice":"Gave Card","damage_taken":0,"relics_obtained":["War Paint"],"max_hp_gain":0,"max_hp_loss":0,"event_name":"WeMeetAgain","floor":8,"gold_loss":0},{"damage_healed":0,"gold_gain":75,"player_choice":"Gather Gold","damage_taken":11,"max_hp_gain":0,"max_hp_loss":0,"event_name":"World of Goop","floor":11,"gold_loss":0},{"damage_healed":0,"gold_gain":0,"player_choice":"Entered Light","damage_taken":16,"max_hp_gain":0,"max_hp_loss":0,"event_name":"Shining Light","floor":12,"gold_loss":0,"cards_upgraded":["Strike_R","Strike_R"]},{"damage_healed":0,"gold_gain":0,"player_choice":"Got Potions","damage_taken":0,"max_hp_gain":0,"max_hp_loss":0,"event_name":"Lab","floor":13,"gold_loss":0},{"damage_healed":0,"gold_gain":0,"player_choice":"Traded Relic","damage_taken":0,"relics_obtained":["Nloth\u0027s Gift"],"max_hp_gain":0,"max_hp_loss":0,"event_name":"N\u0027loth","floor":19,"relics_lost":["War Paint"],"gold_loss":0}],"is_beta":false,"boss_relics":[{"not_picked":["Mark of Pain","Astrolabe"],"picked":"Lizard Tail"}],"items_purged_floors":[],"is_endless":false,"potions_floor_spawned":[1,3,5,14,18,22],"killed_by":"Centurion and Healer","ascension_level":4}