{"path_per_floor":["M","M","T","M","M","E","R","$","T","M","M","E","M","E","R","B",null,"M","M","?","M","$"],"character_chosen":"THE_SILENT","items_purchased":["Centennial Puzzle"],"gold_per_floor":[117,129,129,140,153,187,187,187,213,224,236,270,285,314,314,412,412,431,444,444,462,205],"floor_reached":23,"campfire_rested":2,"playtime":1483,"current_hp_per_floor":[68,68,68,68,59,49,70,70,70,69,55,39,41,32,68,16,70,50,51,51,7,7],"items_purged":[],"gold":205,"score":215,"play_id":"f078f3db-d90c-4fd7-8aad-f46efeee5fb7","is_prod":false,"is_daily":false,"is_ascension_mode":false,"campfire_upgraded":0,"path_taken":["M","?","?","M","M","E","R","$","T","M","M","E","?","E","R","BOSS","M","?","?","M","$","M"],"build_version":"2018-02-08-PROD1","purchased_purges":0,"victory":false,"master_deck":["Defend_G","Defend_G","Defend_G","Defend_G","Defend_G","Strike_G","Strike_G","Strike_G","Strike_G","Strike_G","Survivor","Neutralize","Dash","Terror","Dagger Throw","Poisoned Stab","Deflect","Endless Agony","Caltrops","Outmaneuver","Quick Slash","Slice","Heel Hook","Outmaneuver","A Thousand Cuts","Backflip","Flying Knee+1","Flying Knee"],"max_hp_per_floor":[70,70,70,70,70,70,70,70,70,70,70,70,70,70,70,70,70,70,70,70,70,70],"relics":["Ring of the Snake","Bird Faced Urn","Prayer Wheel","Bag of Preparation","Mummified Hand","Regal Pillow","The Specimen","Centennial Puzzle"],"card_choices":[{"not_picked":["Deflect","PiercingWail"],"picked":"Dash"},{"not_picked":["Sucker Punch","Malaise"],"picked":"Terror"},{"not_picked":["PiercingWail","Acrobatics"],"picked":"Dagger Throw"},{"not_picked":["Dash","Backflip"],"picked":"Poisoned Stab"},{"not_picked":["Dagger Throw","Acrobatics"],"picked":"Deflect"},{"not_picked":["Dagger Spray","Corpse Explosion"],"picked":"Endless Agony"},{"not_picked":["Finisher","Deflect"],"picked":"Caltrops"},{"not_picked":["Poisoned Stab","Well Laid Plans"],"picked":"Outmaneuver"},{"not_picked":["Deflect","Deadly Poison"],"picked":"Quick Slash"},{"not_picked":["Dagger Spray","Poisoned Stab"],"picked":"Slice"},{"not_picked":["Flechettes","Poisoned Stab"],"picked":"Heel Hook"},{"not_picked":["Unload","Corpse Explosion"],"picked":"Outmaneuver"},{"not_picked":["Doppelganger","Burst"],"picked":"A Thousand Cuts"},{"not_picked":["Acrobatics","Slice"],"picked":"Backflip"},{"not_picked":["Acrobatics","Outmaneuver"],"picked":"Flying Knee"},{"not_picked":["Terror","PiercingWail"],"picked":"Flying Knee"}],"player_experience":16801,"potions_floor_usage":[6,12,14,14,18,19],"damage_taken":[{"damage":2,"enemies":"Blue Slaver","floor":1,"turns":4},{"damage":0,"enemies":"Cultist","floor":2,"turns":3},{"damage":0,"enemies":"2 Louse","floor":4,"turns":3},{"damage":9,"enemies":"Gremlin Gang","floor":5,"turns":6},{"damage":10,"enemies":"3 Sentries","floor":6,"turns":10},{"damage":1,"enemies":"Looter","floor":10,"turns":3},{"damage":16,"enemies":"Large Slime","floor":11,"turns":10},{"damage":18,"enemies":"Lagavulin","floor":12,"turns":6},{"damage":0,"enemies":"2 Fungi Beasts","floor":13,"turns":3},{"damage":11,"enemies":"3 Sentries","floor":14,"turns":9},{"damage":54,"enemies":"The Guardian","floor":16,"turns":14},{"damage":20,"enemies":"Spheric Guardian","floor":18,"turns":5},{"damage":3,"enemies":"Shell Parasite","floor":19,"turns":6},{"damage":48,"enemies":"Centurion and Healer","floor":21,"turns":7},{"damage":14,"enemies":"3 Cultists","floor":23,"turns":2}],"event_choices":[{"event_name":"Vampires","player_choice":"Ignored","floor":20,"damage_taken":0}],"boss_relics":[{"not_picked":["Philosopher\u0027s Stone","Calling Bell"],"picked":"The Specimen"}],"potions_floor_spawned":[4,5,10,11,16,18],"seed_played":"8125524864426343950","killed_by":"3 Cultists","ascension_level":0,"is_trial":false}