{"gold_per_floor":[110,124,78,90,104,139,139,166,166,38,38,55,80,94,94,189,189,206,306,17,37,37,37,66,66,66,66,81,97,130,229,229,324,324,339,351,321,331,109,137,37,62,62,62,82,82,82,22,22,22,22,22,22,47,47],"floor_reached":56,"playtime":5208,"items_purged":["Cleave","Defend_R"],"score":1675,"play_id":"19d28ffc-96c4-467c-b386-2d5becc78c94","local_time":"20181227223933","is_ascension_mode":true,"campfire_choices":[{"data":"Bash","floor":7,"key":"SMITH"},{"floor":15,"key":"REST"},{"data":"Whirlwind","floor":23,"key":"SMITH"},{"data":"Perfected Strike","floor":25,"key":"SMITH"},{"data":"Demon Form","floor":27,"key":"SMITH"},{"data":"True Grit","floor":32,"key":"SMITH"},{"floor":44,"key":"REST"},{"data":"Burning Pact","floor":46,"key":"SMITH"},{"floor":49,"key":"RECALL"},{"data":"Evolve","floor":52,"key":"SMITH"}],"neow_cost":"NONE","seed_source_timestamp":463833989600754,"circlet_count":0,"master_deck":["Strike_R","Strike_R","Strike_R","Strike_R","Strike_R","Defend_R","Defend_R","Defend_R","Bash+1","Shrug It Off","Perfected Strike+1","Pommel Strike","Warcry","Clothesline","Double Tap","Panacea","Shrug It Off","Evolve+1","True Grit+1","Demon Form+1","Pommel Strike","Dark Shackles","Whirlwind+1","Warcry","Burning Pact+1","Feel No Pain","Havoc+1","True Grit+1","Burning Pact+1"],"relics":["Burning Blood","Oddly Smooth Stone","Self Forming Clay","Torii","Dead Branch","Bottled Lightning","Meat on the Bone","Velvet Choker","Lee\u0027s Waffle","Ornamental Fan","Lantern","Lizard Tail","Pen Nib","Bag of Marbles","Mummified Hand","Toxic Egg 2","The Courier","Bottled Flame"],"potions_floor_usage":[6,13,13,14,24,29,33,38,40,42,42,50],"damage_taken":[{"damage":0,"enemies":"Cultist","floor":1,"turns":4},{"damage":7,"enemies":"2 Louse","floor":2,"turns":2},{"damage":0,"enemies":"Small Slimes","floor":4,"turns":2},{"damage":9,"enemies":"Blue Slaver","floor":5,"turns":4},{"damage":27,"enemies":"Gremlin Nob","floor":6,"turns":5},{"damage":30,"enemies":"3 Sentries","floor":8,"turns":7},{"damage":1,"enemies":"Looter","floor":12,"turns":2},{"damage":33,"enemies":"Lagavulin","floor":13,"turns":7},{"damage":13,"enemies":"Exordium Thugs","floor":14,"turns":6},{"damage":16,"enemies":"Slime Boss","floor":16,"turns":11},{"damage":30,"enemies":"2 Thieves","floor":18,"turns":4},{"damage":15,"enemies":"Chosen","floor":21,"turns":5},{"damage":42,"enemies":"Slavers","floor":24,"turns":3},{"damage":26,"enemies":"Snake Plant","floor":28,"turns":5},{"damage":8,"enemies":"Centurion and Healer","floor":29,"turns":5},{"damage":22,"enemies":"Book of Stabbing","floor":30,"turns":7},{"damage":51,"enemies":"Champ","floor":33,"turns":11},{"damage":27,"enemies":"3 Darklings","floor":35,"turns":6},{"damage":14,"enemies":"Orb Walker","floor":36,"turns":3},{"damage":22,"enemies":"Spire Growth","floor":38,"turns":6},{"damage":0,"enemies":"Nemesis","floor":40,"turns":7},{"damage":54,"enemies":"Reptomancer","floor":42,"turns":7},{"damage":9,"enemies":"Jaw Worm Horde","floor":45,"turns":6},{"damage":37,"enemies":"Time Eater","floor":50,"turns":10},{"damage":23,"enemies":"Shield and Spear","floor":54,"turns":9},{"damage":97,"enemies":"The Heart","floor":55,"turns":9}],"seed_played":"-540745638247523983","potions_obtained":[{"floor":1,"key":"PowerPotion"},{"floor":8,"key":"Poison Potion"},{"floor":12,"key":"Regen Potion"},{"floor":13,"key":"BloodPotion"},{"floor":14,"key":"Poison Potion"},{"floor":21,"key":"Strength Potion"},{"floor":28,"key":"EssenceOfSteel"},{"floor":35,"key":"EssenceOfSteel"},{"floor":37,"key":"Fruit Juice"},{"floor":37,"key":"Regen Potion"},{"floor":38,"key":"Block Potion"}],"is_trial":false,"path_per_floor":["M","M","$","M","M","E","R","E","T","$","T","M","E","M","R","B",null,"M","?","$","M","$","R","E","R","T","R","M","M","E","?","R","B",null,"M","M","?","M","$","E","$","E","T","R","M","R","?","$","R","B",null,"R","$","E","B",null],"character_chosen":"IRONCLAD","items_purchased":["Perfected Strike","Panacea","Shrug It Off","Lee\u0027s Waffle","Dark Shackles","Pen Nib","True Grit+1","Block Potion"],"campfire_rested":2,"item_purchase_floors":[3,10,10,20,20,39,48,48],"current_hp_per_floor":[78,77,77,80,77,56,56,32,32,32,32,37,24,37,61,51,73,49,49,87,78,78,78,54,54,54,54,46,56,52,52,52,19,70,61,53,53,54,54,60,60,38,38,65,62,62,62,62,62,43,80,80,80,63,35],"gold":47,"neow_bonus":"RANDOM_COMMON_RELIC","is_prod":false,"is_daily":false,"chose_seed":false,"campfire_upgraded":7,"win_rate":0,"timestamp":1545979173,"path_taken":["M","M","$","M","?","E","R","E","T","$","?","M","E","?","R","BOSS","M","?","$","M","?","R","E","R","T","R","M","M","E","?","R","BOSS","M","M","?","M","$","E","$","E","T","R","?","R","?","?","R","BOSS","R","$","E","BOSS"],"build_version":"2018-12-20","purchased_purges":2,"victory":true,"max_hp_per_floor":[80,80,80,80,80,80,80,80,80,80,80,80,80,80,80,80,80,80,80,87,87,87,87,87,87,87,87,87,87,87,87,87,87,87,87,87,87,92,92,92,92,92,92,92,92,92,92,92,92,92,92,92,92,92,92],"card_choices":[{"not_picked":["Wild Strike","Warcry"],"picked":"Cleave","floor":1},{"not_picked":["Thunderclap","Flex"],"picked":"Shrug It Off","floor":2},{"not_picked":["Iron Wave","Havoc"],"picked":"Pommel Strike","floor":4},{"not_picked":["Hemokinesis","Flex"],"picked":"Warcry","floor":5},{"not_picked":["Infernal Blade","Exhume"],"picked":"Clothesline","floor":6},{"not_picked":["Corruption","Headbutt"],"picked":"Double Tap","floor":8},{"not_picked":["Power Through","Thunderclap","Dropkick"],"picked":"SKIP","floor":12},{"not_picked":["Power Through","Thunderclap","Dropkick"],"picked":"SKIP","floor":12},{"not_picked":["Power Through","Thunderclap","Dropkick"],"picked":"SKIP","floor":12},{"not_picked":["Power Through","Thunderclap","Dropkick"],"picked":"SKIP","floor":12},{"not_picked":["Twin Strike","True Grit"],"picked":"Evolve","floor":13},{"not_picked":["Twin Strike","Clash"],"picked":"True Grit","floor":14},{"not_picked":["Limit Break","Immolate"],"picked":"Demon Form","floor":16},{"not_picked":["Armaments+1","Twin Strike"],"picked":"Pommel Strike","floor":18},{"not_picked":["Shrug It Off","Clash"],"picked":"Whirlwind","floor":21},{"not_picked":["Rupture","Clothesline","Entrench"],"picked":"SKIP","floor":24},{"not_picked":["Sever Soul","Sword Boomerang+1"],"picked":"Warcry","floor":28},{"not_picked":["Headbutt","Sword Boomerang","Limit Break"],"picked":"SKIP","floor":29},{"not_picked":["Flex","Dual Wield","Clothesline+1"],"picked":"SKIP","floor":30},{"not_picked":["Infernal Blade+1","Shrug It Off+1","Inflame"],"picked":"SKIP","floor":35},{"not_picked":["Reckless Charge+1","Wild Strike"],"picked":"Burning Pact","floor":36},{"not_picked":["Anger","Combust","Clothesline"],"picked":"SKIP","floor":38},{"not_picked":["Rupture","Twin Strike+1"],"picked":"Feel No Pain","floor":40},{"not_picked":["Cleave+1","Feed"],"picked":"Havoc+1","floor":42},{"not_picked":["Clash+1","Heavy Blade+1","Sword Boomerang+1"],"picked":"SKIP","floor":45},{"not_picked":["Sword Boomerang+1","Thunderclap"],"picked":"Burning Pact+1","floor":54}],"player_experience":159773,"relics_obtained":[{"floor":6,"key":"Self Forming Clay"},{"floor":8,"key":"Torii"},{"floor":9,"key":"Dead Branch"},{"floor":11,"key":"Bottled Lightning"},{"floor":13,"key":"Meat on the Bone"},{"floor":24,"key":"Ornamental Fan"},{"floor":30,"key":"Lantern"},{"floor":40,"key":"Bag of Marbles"},{"floor":42,"key":"Mummified Hand"},{"floor":43,"key":"Toxic Egg 2"},{"floor":47,"key":"The Courier"},{"floor":54,"key":"Bottled Flame"}],"event_choices":[{"damage_healed":0,"gold_gain":100,"player_choice":"Pray","damage_taken":0,"max_hp_gain":0,"max_hp_loss":0,"event_name":"Golden Shrine","floor":19,"gold_loss":0},{"damage_healed":0,"gold_gain":99,"player_choice":"Stole From Cult","damage_taken":0,"max_hp_gain":0,"max_hp_loss":0,"event_name":"Nest","floor":31,"gold_loss":0},{"damage_healed":0,"gold_gain":0,"player_choice":"Bought 2 Potions","damage_taken":0,"max_hp_gain":0,"max_hp_loss":0,"event_name":"The Woman in Blue","floor":37,"gold_loss":0},{"damage_healed":0,"gold_gain":0,"player_choice":"Relic","damage_taken":0,"max_hp_gain":0,"max_hp_loss":0,"event_name":"Wheel of Change","floor":47,"gold_loss":0}],"is_beta":false,"boss_relics":[{"not_picked":["Cursed Key","Tiny House"],"picked":"Velvet Choker"},{"not_picked":["Black Star","Calling Bell"],"picked":"Lizard Tail"}],"items_purged_floors":[39,41],"is_endless":false,"potions_floor_spawned":[1,8,12,13,14,21,28,35,38],"ascension_level":8}