{"gold_per_floor":[110,123,139,139,159,159,178,178,203,203,223,241,78,88,88,193,193,210,210,210,221,221,250,269,280,304,336,336,336,44,56,56,161,161,180,235,235,78,78,78,109,109,178,209,209,229,229,245,245,245],"floor_reached":51,"playtime":4251,"items_purged":[],"score":785,"play_id":"d64f5adb-07a6-4a03-b67f-eddfa06484c3","local_time":"20180916180829","is_ascension_mode":false,"campfire_choices":[{"floor":6,"key":"REST"},{"data":"Dualcast","floor":8,"key":"SMITH"},{"data":"Buffer","floor":10,"key":"SMITH"},{"data":"Machine Learning","floor":15,"key":"SMITH"},{"data":"Forethought","floor":32,"key":"SMITH"},{"data":"Secret Technique","floor":40,"key":"SMITH"},{"data":"Fusion","floor":42,"key":"SMITH"},{"data":"Redo","floor":45,"key":"SMITH"},{"data":"Lockon","floor":47,"key":"SMITH"},{"data":"Chill","floor":49,"key":"SMITH"}],"neow_cost":"NONE","seed_source_timestamp":11791499629655,"circlet_count":0,"master_deck":["Defend_B+1","Defend_B","Defend_B","Defend_B","Zap","Dualcast+1","Buffer+1","Coolheaded+1","FTL","Ball Lightning","Beam Cell+1","Skim","Streamline","Machine Learning+1","Lockon+1","Undo","Ball Lightning","Reboot","Bite","Bite+1","Bite","Bite","Bite","Chill+1","Fusion+1","Redo+1","Hello World+1","Forethought+1","Transmutation","Multi-Cast","Redo+1","Secret Technique+1","Double Energy+1","Skim+1","Hologram+1","Gash+1"],"relics":["Cracked Core","Regal Pillow","Centennial Puzzle","Odd Mushroom","Coffee Dripper","Enchiridion","Whetstone","War Paint","Frozen Egg 2","Kunai","Lizard Tail","Ancient Tea Set","Happy Flower","Torii","Pantograph","Potion Belt"],"potions_floor_usage":[23,27,50,50,50],"damage_taken":[{"damage":7,"enemies":"2 Louse","floor":1,"turns":2},{"damage":0,"enemies":"Jaw Worm","floor":2,"turns":3},{"damage":1,"enemies":"Cultist","floor":3,"turns":3},{"damage":0,"enemies":"Blue Slaver","floor":5,"turns":4},{"damage":10,"enemies":"3 Louse","floor":7,"turns":3},{"damage":0,"enemies":"The Mushroom Lair","floor":11,"turns":4},{"damage":0,"enemies":"Large Slime","floor":12,"turns":3},{"damage":0,"enemies":"Looter","floor":14,"turns":2},{"damage":0,"enemies":"Slime Boss","floor":16,"turns":8},{"damage":13,"enemies":"2 Thieves","floor":18,"turns":4},{"damage":10,"enemies":"Chosen","floor":21,"turns":4},{"damage":13,"enemies":"Book of Stabbing","floor":23,"turns":5},{"damage":1,"enemies":"Sentry and Sphere","floor":24,"turns":5},{"damage":3,"enemies":"Centurion and Healer","floor":25,"turns":6},{"damage":46,"enemies":"Gremlin Leader","floor":27,"turns":9},{"damage":13,"enemies":"3 Cultists","floor":31,"turns":5},{"damage":22,"enemies":"Collector","floor":33,"turns":10},{"damage":5,"enemies":"Orb Walker","floor":35,"turns":3},{"damage":68,"enemies":"Nemesis","floor":41,"turns":9},{"damage":31,"enemies":"Giant Head","floor":44,"turns":9},{"damage":8,"enemies":"3 Darklings","floor":46,"turns":3},{"damage":0,"enemies":"Transient","floor":48,"turns":5},{"damage":42,"enemies":"Donu and Deca","floor":50,"turns":12}],"seed_played":"1554269922773932551","potions_obtained":[{"floor":5,"key":"SteroidPotion"},{"floor":7,"key":"LiquidBronze"},{"floor":12,"key":"SpeedPotion"},{"floor":14,"key":"FearPotion"},{"floor":21,"key":"SmokeBomb"},{"floor":23,"key":"SteroidPotion"},{"floor":25,"key":"EssenceOfSteel"},{"floor":33,"key":"AttackPotion"},{"floor":41,"key":"Energy Potion"},{"floor":46,"key":"AttackPotion"}],"is_trial":false,"path_per_floor":["M","M","M","?","M","R","M","R","T","R","?","M","$","M","R","B",null,"M","?","?","M","?","E","M","M","T","E","?","T","$","M","R","B",null,"M","T","?","$","$","R","E","R","T","E","R","M","R","M","R","B"],"character_chosen":"DEFECT","items_purchased":["Lockon","Undo","Ball Lightning","Forethought","Transmutation","Happy Flower"],"campfire_rested":1,"item_purchase_floors":[13,13,13,30,30,38],"current_hp_per_floor":[68,68,67,55,55,75,65,65,65,65,65,65,65,65,65,65,75,62,48,48,44,28,21,29,42,42,21,39,39,39,33,33,35,56,54,54,54,54,54,54,22,22,22,22,22,19,19,32,32,28],"gold":245,"neow_bonus":"ONE_RANDOM_RARE_CARD","is_prod":false,"is_daily":false,"chose_seed":false,"campfire_upgraded":9,"win_rate":0.0,"timestamp":1537132109,"path_taken":["M","M","M","?","M","R","M","R","T","R","?","M","$","M","R","BOSS","M","?","?","M","?","E","M","M","T","E","?","?","$","M","R","BOSS","M","?","?","?","$","R","E","R","T","E","R","M","R","M","R","BOSS"],"build_version":"2018-09-06","purchased_purges":0,"victory":true,"max_hp_per_floor":[75,75,75,75,75,75,75,75,75,75,75,75,75,75,75,75,75,75,80,56,56,56,56,56,56,56,56,56,56,56,56,56,56,56,56,56,56,56,56,56,56,56,56,56,56,56,56,56,56,56],"card_choices":[{"not_picked":["Barrage","White Noise"],"picked":"Coolheaded","floor":1},{"not_picked":["Self Repair","Barrage"],"picked":"FTL","floor":2},{"not_picked":["Reprogram","Redo"],"picked":"Ball Lightning","floor":3},{"not_picked":["Go for the Eyes","Hologram"],"picked":"Beam Cell","floor":5},{"not_picked":["Leap","Rip and Tear"],"picked":"Skim","floor":7},{"not_picked":["Melter","Rebound"],"picked":"Streamline","floor":11},{"not_picked":["Consume","Barrage"],"picked":"Machine Learning","floor":12},{"not_picked":["Barrage","Coolheaded","Aggregate"],"picked":"SKIP","floor":14},{"not_picked":["All For One","Biased Cognition"],"picked":"Reboot","floor":16},{"not_picked":["Ball Lightning","Tempest","Rebound"],"picked":"SKIP","floor":18},{"not_picked":["Go for the Eyes+1","Self Repair+1"],"picked":"Chill","floor":21},{"not_picked":["Compile Driver","Genetic Algorithm"],"picked":"Fusion","floor":23},{"not_picked":["Consume","Leap"],"picked":"Redo+1","floor":24},{"not_picked":["Skim","Conserve Battery","Scrape"],"picked":"SKIP","floor":25},{"not_picked":["Barrage","Blizzard"],"picked":"Hello World","floor":27},{"not_picked":["Leap","Go for the Eyes","White Noise"],"picked":"SKIP","floor":31},{"not_picked":["Thunder Strike","Amplify"],"picked":"Multi-Cast","floor":33},{"not_picked":["Compile Driver+1","Reprogram+1"],"picked":"Redo","floor":35},{"not_picked":["Flash of Steel","PanicButton"],"picked":"Secret Technique","floor":37},{"not_picked":["Redo","Conserve Battery+1"],"picked":"Double Energy+1","floor":41},{"not_picked":["Beam Cell","Coolheaded+1"],"picked":"Skim+1","floor":44},{"not_picked":["Cold Snap","Self Repair+1"],"picked":"Hologram+1","floor":46},{"not_picked":["Cold Snap","Redo"],"picked":"Gash+1","floor":48}],"player_experience":80193,"relics_obtained":[{"floor":9,"key":"Centennial Puzzle"},{"floor":11,"key":"Odd Mushroom"},{"floor":22,"key":"Enchiridion"},{"floor":23,"key":"Whetstone"},{"floor":26,"key":"War Paint"},{"floor":27,"key":"Frozen Egg 2"},{"floor":29,"key":"Kunai"},{"floor":36,"key":"Ancient Tea Set"},{"floor":41,"key":"Torii"},{"floor":43,"key":"Pantograph"},{"floor":44,"key":"Potion Belt"}],"event_choices":[{"event_name":"Scrap Ooze","player_choice":"success","floor":4,"damage_taken":12},{"event_name":"Mushrooms","player_choice":"Fought Mushrooms","floor":11,"damage_taken":0},{"event_name":"Forgotten Altar","player_choice":"Shed Blood","floor":19,"damage_taken":0},{"event_name":"Vampires","player_choice":"Became a vampire","floor":20,"damage_taken":0},{"event_name":"Cursed Tome","player_choice":"Obtained Book","floor":22,"damage_taken":0},{"event_name":"The Library","player_choice":"Heal","floor":28,"damage_taken":0},{"event_name":"SensoryStone","player_choice":"Memory 1","floor":37,"damage_taken":0}],"is_beta":false,"boss_relics":[{"not_picked":["Inserter","Snecko Eye"],"picked":"Coffee Dripper"},{"not_picked":["Velvet Choker","Runic Dome"],"picked":"Lizard Tail"}],"items_purged_floors":[],"is_endless":false,"potions_floor_spawned":[5,7,12,14,21,23,25,33,41,46],"ascension_level":0}