{"gold_per_floor":[109,124,124,134,67,67,95,109,132,132],"floor_reached":10,"playtime":508,"items_purged":[],"score":99,"play_id":"72a89f52-30a9-4a16-904f-95b990ec8bac","local_time":"20190321122343","is_ascension_mode":true,"campfire_choices":[{"data":"Neutralize","floor":6,"key":"SMITH"}],"neow_cost":"NONE","seed_source_timestamp":674499524665261,"circlet_count":0,"master_deck":["Defend_G","Defend_G","Defend_G","Defend_G","Defend_G","Strike_G","Strike_G","Strike_G","Strike_G","Strike_G","Survivor","Neutralize+1","Crippling Poison","Backflip","Regret","Dagger Spray","Caltrops","Well Laid Plans","Terror"],"relics":["Ring of the Snake","Omamori","Happy Flower","Smiling Mask"],"potions_floor_usage":[10,10],"damage_taken":[{"damage":1,"enemies":"Jaw Worm","floor":1,"turns":7},{"damage":0,"enemies":"Small Slimes","floor":2,"turns":6},{"damage":15,"enemies":"Cultist","floor":4,"turns":7},{"damage":40,"enemies":"3 Sentries","floor":7,"turns":10},{"damage":0,"enemies":"Exordium Thugs","floor":8,"turns":5},{"damage":13,"enemies":"Lagavulin","floor":10,"turns":3}],"seed_played":"-4644034875237207548","potions_obtained":[{"floor":2,"key":"Strength Potion"},{"floor":4,"key":"SteroidPotion"},{"floor":8,"key":"GamblersBrew"}],"is_trial":false,"path_per_floor":["M","M","?","M","$","R","E","M","T","E"],"character_chosen":"THE_SILENT","items_purchased":["Caltrops"],"campfire_rested":0,"item_purchase_floors":[5],"current_hp_per_floor":[69,69,69,54,54,54,14,14,14,1],"gold":132,"neow_bonus":"TEN_PERCENT_HP_BONUS","is_prod":false,"is_daily":false,"chose_seed":false,"campfire_upgraded":1,"win_rate":0,"timestamp":1553185423,"path_taken":["M","M","?","M","$","R","E","M","T","E"],"build_version":"2019-01-23","purchased_purges":0,"victory":false,"max_hp_per_floor":[77,77,77,77,77,77,77,77,77,77],"card_choices":[{"not_picked":["Quick Slash","Poisoned Stab"],"picked":"Crippling Poison","floor":1},{"not_picked":["Crippling Poison","Outmaneuver"],"picked":"Backflip","floor":2},{"not_picked":["Well Laid Plans","Dodge and Roll"],"picked":"Dagger Spray","floor":4},{"not_picked":["Reflex","Masterful Stab"],"picked":"Well Laid Plans","floor":7},{"not_picked":["Quick Slash","Prepared"],"picked":"Terror","floor":8}],"player_experience":213929,"relics_obtained":[{"floor":7,"key":"Happy Flower"},{"floor":9,"key":"Smiling Mask"}],"event_choices":[{"damage_healed":0,"gold_gain":0,"player_choice":"Box","damage_taken":0,"relics_obtained":["Omamori"],"max_hp_gain":0,"max_hp_loss":0,"event_name":"Big Fish","floor":3,"gold_loss":0,"cards_obtained":["Regret"]}],"is_beta":false,"boss_relics":[],"items_purged_floors":[],"is_endless":false,"potions_floor_spawned":[2,4,8],"killed_by":"Lagavulin","ascension_level":9}