{"gold_per_floor":[118,118,136,136,136,136,211,9,32,32,48,48,78,97,97,195,195,212,91,91,0,17,17,37,52,52,52,12,12,12],"floor_reached":30,"playtime":834,"items_purged":["Pain"],"score":271,"play_id":"7927f908-e8c3-4c0e-a261-93873e25d2de","local_time":"20181029233747","is_ascension_mode":true,"campfire_choices":[{"data":"Zap","floor":6,"key":"SMITH"},{"floor":12,"key":"REST"},{"floor":15,"key":"REST"},{"floor":23,"key":"REST"}],"neow_cost":"NONE","seed_source_timestamp":2606646828246162,"circlet_count":0,"master_deck":["Strike_B","Strike_B","Strike_B","Strike_B","Defend_B","Defend_B","Defend_B","Defend_B","Zap+1","Dualcast","Cold Snap","Gash","Conserve Battery","Echo Form","Electrodynamics","Leap","Gash","Leap+1","Gash","Pain","Shame"],"relics":["Cracked Core","Happy Flower","WarpedTongs","Shuriken","Runic Capacitor","Potion Belt","Kunai","Singing Bowl","Cursed Key","Question Card","Girya"],"potions_floor_usage":[20,24,30,30,30,30],"damage_taken":[{"damage":9,"enemies":"Jaw Worm","floor":1,"turns":3},{"damage":5,"enemies":"Cultist","floor":3,"turns":3},{"damage":11,"enemies":"2 Louse","floor":11,"turns":2},{"damage":30,"enemies":"Gremlin Nob","floor":13,"turns":4},{"damage":1,"enemies":"2 Fungi Beasts","floor":14,"turns":3},{"damage":42,"enemies":"The Guardian","floor":16,"turns":10},{"damage":25,"enemies":"3 Byrds","floor":18,"turns":4},{"damage":13,"enemies":"Colosseum Slavers","floor":20,"turns":3},{"damage":0,"enemies":"Colosseum Nobs","floor":20,"turns":1},{"damage":8,"enemies":"Chosen","floor":22,"turns":4},{"damage":15,"enemies":"Shelled Parasite and Fungi","floor":24,"turns":5},{"damage":35,"enemies":"Snake Plant","floor":25,"turns":4},{"damage":31,"enemies":"Snecko","floor":30,"turns":4}],"seed_played":"1878476087231186201","potions_obtained":[{"floor":3,"key":"Block Potion"},{"floor":11,"key":"SmokeBomb"},{"floor":18,"key":"FairyPotion"},{"floor":22,"key":"Strength Potion"},{"floor":24,"key":"FearPotion"},{"floor":28,"key":"Regen Potion"},{"floor":28,"key":"Ancient Potion"},{"floor":28,"key":"Poison Potion"}],"is_trial":false,"path_per_floor":["M","?","M","$","?","R","?","$","T","T","M","R","E","M","R","B",null,"M","$","?","?","M","R","M","M","T","?","?","$"],"character_chosen":"DEFECT","items_purchased":["Runic Capacitor","Gash"],"campfire_rested":3,"item_purchase_floors":[8,19],"current_hp_per_floor":[66,66,61,61,61,61,50,50,50,50,39,61,33,32,55,13,77,52,52,39,39,31,54,41,6,6,6,6,6,0],"gold":12,"neow_bonus":"RANDOM_COMMON_RELIC","is_prod":false,"is_daily":false,"chose_seed":false,"campfire_upgraded":1,"win_rate":0,"timestamp":1540870667,"path_taken":["M","?","M","$","?","R","?","$","T","?","M","R","E","M","R","BOSS","M","$","?","?","M","R","M","M","T","?","?","?","?"],"build_version":"2018-10-25v2","purchased_purges":1,"victory":false,"max_hp_per_floor":[75,75,75,75,75,75,75,75,75,75,75,75,77,77,77,77,77,77,77,77,77,77,77,79,79,79,79,79,79,79],"card_choices":[{"not_picked":["Coolheaded","Aggregate"],"picked":"Cold Snap","floor":1},{"not_picked":["Steam","Blizzard"],"picked":"Gash","floor":3},{"not_picked":["BootSequence","Go for the Eyes"],"picked":"Conserve Battery","floor":11},{"not_picked":["Barrage","Turbo","Streamline"],"picked":"Singing Bowl","floor":13},{"not_picked":["FTL","Compile Driver"],"picked":"Echo Form","floor":14},{"not_picked":["Machine Learning","Core Surge"],"picked":"Electrodynamics","floor":16},{"not_picked":["Skim+1","Recycle"],"picked":"Leap","floor":18},{"not_picked":["Conserve Battery","Cold Snap"],"picked":"Leap+1","floor":22},{"not_picked":["Compile Driver+1","Streamline+1","Conserve Battery"],"picked":"Singing Bowl","floor":24},{"not_picked":["Tempest+1","Fusion"],"picked":"Gash","floor":25}],"player_experience":207894,"relics_obtained":[{"floor":9,"key":"Potion Belt"},{"floor":10,"key":"Kunai"},{"floor":13,"key":"Singing Bowl"},{"floor":26,"key":"Question Card"}],"event_choices":[{"damage_healed":0,"gold_gain":0,"player_choice":"Rummage","damage_taken":0,"relics_obtained":["WarpedTongs"],"max_hp_gain":0,"max_hp_loss":0,"event_name":"Accursed Blacksmith","floor":2,"gold_loss":0,"cards_obtained":["Pain"]},{"damage_healed":0,"gold_gain":0,"player_choice":"Gave Potion","damage_taken":0,"relics_obtained":["Shuriken"],"max_hp_gain":0,"max_hp_loss":0,"event_name":"WeMeetAgain","floor":5,"gold_loss":0},{"damage_healed":0,"gold_gain":75,"player_choice":"Gather Gold","damage_taken":11,"max_hp_gain":0,"max_hp_loss":0,"event_name":"World of Goop","floor":7,"gold_loss":0},{"damage_healed":0,"gold_gain":0,"player_choice":"Fight","damage_taken":0,"max_hp_gain":0,"max_hp_loss":0,"event_name":"Colosseum","floor":20,"gold_loss":0},{"damage_healed":0,"gold_gain":0,"player_choice":"Fought Nobs","damage_taken":0,"max_hp_gain":0,"max_hp_loss":0,"event_name":"Colosseum","floor":20,"gold_loss":0},{"damage_healed":0,"gold_gain":0,"player_choice":"Paid Fearfully","damage_taken":0,"max_hp_gain":0,"max_hp_loss":0,"event_name":"Masked Bandits","floor":21,"gold_loss":91},{"damage_healed":0,"gold_gain":0,"player_choice":"Stole Relic","damage_taken":0,"relics_obtained":["Girya"],"max_hp_gain":0,"max_hp_loss":0,"event_name":"Addict","floor":27,"gold_loss":0,"cards_obtained":["Shame"]},{"damage_healed":0,"gold_gain":0,"player_choice":"Bought 3 Potions","damage_taken":0,"max_hp_gain":0,"max_hp_loss":0,"event_name":"The Woman in Blue","floor":28,"gold_loss":0}],"is_beta":false,"boss_relics":[{"not_picked":["Sozu","FrozenCore"],"picked":"Cursed Key"}],"items_purged_floors":[19],"is_endless":false,"potions_floor_spawned":[3,11,18,22,24],"killed_by":"Snecko","ascension_level":4}