{"gold_per_floor":[15,31,31,45,65,65,97,97,124,156,1,36,47,47,47,142,142,158,158,82,94,94,122,122,149,174,211,237,249,272,304,316,431,443,475,538,550,573,585,597,629,656,668,709,740,752,793,805,817,829],"floor_reached":51,"playtime":2780,"items_purged":[],"score":872,"play_id":"6d2a16d9-3ddc-4edb-b655-2f21b2edbb2f","local_time":"20181128005629","is_ascension_mode":true,"campfire_choices":[{"data":"Prepared","floor":6,"key":"SMITH"},{"floor":15,"key":"REST"},{"floor":29,"key":"REST"},{"floor":32,"key":"REST"},{"floor":40,"key":"REST"},{"floor":49,"key":"REST"}],"neow_cost":"NO_GOLD","seed_source_timestamp":5118598370857965,"circlet_count":0,"master_deck":["Survivor+1","Neutralize","Deadly Poison","Bouncing Flask","Riddle With Holes","Prepared+1","Corpse Explosion","Accuracy","Noxious Fumes","Backstab","Parasite","Glass Knife","Backflip+1","Crippling Poison","PiercingWail+1","Writhe","Infinite Blades","Ghostly","Ghostly","Ghostly","Ghostly","Ghostly","Predator+1","Deflect+1","Riddle With Holes+1","Masterful Stab+1","Poisoned Stab","After Image","Dagger Spray","Acrobatics","Quick Slash","Prepared","Bane","Dodge and Roll","Poisoned Stab","Underhanded Strike","Dagger Throw","Leg Sweep","Deflect+1","Dramatic Entrance","Terror+1","Concentrate+1","Deflect+1","Infinite Blades+1","Concentrate+1","Noxious Fumes+1"],"relics":["Ring of the Serpent","Lantern","Ancient Tea Set","Bag of Preparation","Darkstone Periapt","Vajra","Orichalcum","MutagenicStrength","Bag of Marbles","Art of War","Snake Skull","MawBank","Bottled Tornado","Pandora\u0027s Box","Dead Branch","Kunai","Happy Flower","Toxic Egg 2","Blood Vial"],"potions_floor_usage":[7,12,16,21,25,27,33,33,33,33,33,33,36,42,44,44],"damage_taken":[{"damage":4,"enemies":"Jaw Worm","floor":1,"turns":8},{"damage":0,"enemies":"Cultist","floor":2,"turns":4},{"damage":6,"enemies":"Small Slimes","floor":4,"turns":3},{"damage":12,"enemies":"Looter","floor":5,"turns":4},{"damage":16,"enemies":"Lagavulin","floor":7,"turns":6},{"damage":12,"enemies":"3 Sentries","floor":10,"turns":4},{"damage":6,"enemies":"Lagavulin","floor":12,"turns":5},{"damage":0,"enemies":"3 Louse","floor":13,"turns":2},{"damage":39,"enemies":"Hexaghost","floor":16,"turns":7},{"damage":4,"enemies":"3 Byrds","floor":18,"turns":3},{"damage":0,"enemies":"Spheric Guardian","floor":21,"turns":1},{"damage":37,"enemies":"Book of Stabbing","floor":23,"turns":6},{"damage":1,"enemies":"Slavers","floor":25,"turns":4},{"damage":23,"enemies":"Book of Stabbing","floor":27,"turns":6},{"damage":6,"enemies":"Snecko","floor":28,"turns":3},{"damage":0,"enemies":"Centurion and Healer","floor":30,"turns":4},{"damage":0,"enemies":"Sentry and Sphere","floor":31,"turns":3},{"damage":41,"enemies":"Champ","floor":33,"turns":9},{"damage":13,"enemies":"3 Darklings","floor":35,"turns":4},{"damage":0,"enemies":"2 Orb Walkers","floor":36,"turns":2},{"damage":0,"enemies":"Orb Walker","floor":38,"turns":2},{"damage":2,"enemies":"Jaw Worm Horde","floor":41,"turns":2},{"damage":9,"enemies":"Spire Growth","floor":42,"turns":3},{"damage":18,"enemies":"Giant Head","floor":44,"turns":7},{"damage":2,"enemies":"Sphere and 2 Shapes","floor":45,"turns":3},{"damage":8,"enemies":"Nemesis","floor":47,"turns":4},{"damage":21,"enemies":"Time Eater","floor":50,"turns":13}],"seed_played":"8042159601891092632","potions_obtained":[{"floor":4,"key":"SteroidPotion"},{"floor":5,"key":"PowerPotion"},{"floor":10,"key":"Strength Potion"},{"floor":12,"key":"Poison Potion"},{"floor":16,"key":"Explosive Potion"},{"floor":18,"key":"GamblersBrew"},{"floor":25,"key":"SpeedPotion"},{"floor":28,"key":"EntropicBrew"},{"floor":31,"key":"Strength Potion"},{"floor":33,"key":"Swift Potion"},{"floor":36,"key":"Poison Potion"},{"floor":38,"key":"GamblersBrew"},{"floor":41,"key":"AttackPotion"}],"is_trial":false,"path_per_floor":["M","M","?","M","M","R","E","T","T","E","$","E","M","?","R","B",null,"M","?","$","M","?","E","?","E","T","E","M","R","M","M","R","B",null,"M","?","?","M","?","R","M","M","T","E","M","T","E","?","R","B",null],"character_chosen":"THE_SILENT","items_purchased":["Vajra","Crippling Poison"],"campfire_rested":5,"item_purchase_floors":[11,20],"current_hp_per_floor":[80,80,80,74,62,62,46,46,46,34,34,28,28,55,82,43,90,86,86,86,86,92,55,48,47,47,24,18,32,32,32,46,5,48,35,35,35,35,35,48,46,37,37,19,17,17,9,9,23,4],"gold":841,"neow_bonus":"TWENTY_PERCENT_HP_BONUS","is_prod":false,"is_daily":false,"chose_seed":false,"campfire_upgraded":1,"win_rate":0,"timestamp":1543384589,"path_taken":["M","M","?","M","?","R","E","?","T","E","$","E","M","?","R","BOSS","M","?","$","M","?","E","?","E","T","E","M","R","M","M","R","BOSS","M","?","?","M","?","R","M","M","T","E","M","?","E","?","R","BOSS"],"build_version":"2018-11-15","purchased_purges":0,"victory":true,"max_hp_per_floor":[84,84,84,84,84,84,84,84,84,84,84,84,84,90,90,90,90,90,90,90,90,96,96,48,48,48,48,48,48,48,48,48,48,48,48,48,48,48,48,48,48,48,48,48,48,48,48,48,48,48],"card_choices":[{"not_picked":["Predator","Acrobatics"],"picked":"Deadly Poison","floor":1},{"not_picked":["PiercingWail","Slice"],"picked":"Bouncing Flask","floor":2},{"not_picked":["Dodge and Roll","Expertise"],"picked":"Riddle With Holes","floor":4},{"not_picked":["Masterful Stab","Dodge and Roll"],"picked":"Prepared","floor":5},{"not_picked":["Well Laid Plans","Dagger Throw"],"picked":"Corpse Explosion","floor":7},{"not_picked":["Escape Plan","Outmaneuver"],"picked":"Accuracy","floor":10},{"not_picked":["Poisoned Stab","Backflip"],"picked":"Noxious Fumes","floor":12},{"not_picked":["Dagger Throw","Blade Dance"],"picked":"Backstab","floor":13},{"not_picked":["Night Terror","Tools of the Trade"],"picked":"Glass Knife","floor":16},{"not_picked":["Flying Knee","Calculated Gamble"],"picked":"Backflip+1","floor":18},{"not_picked":["All Out Attack","Expertise"],"picked":"PiercingWail+1","floor":21},{"not_picked":["Backflip","Phantasmal Killer"],"picked":"Infinite Blades","floor":23},{"not_picked":["Underhanded Strike","Flying Knee"],"picked":"Predator+1","floor":25},{"not_picked":["All Out Attack","Footwork"],"picked":"Deflect+1","floor":27},{"not_picked":["Dodge and Roll+1","Heel Hook+1"],"picked":"Riddle With Holes+1","floor":28},{"not_picked":["Terror","All Out Attack"],"picked":"Masterful Stab+1","floor":30},{"not_picked":["Backflip+1","Blade Dance"],"picked":"Poisoned Stab","floor":31},{"not_picked":["Burst","Wraith Form v2"],"picked":"After Image","floor":33},{"not_picked":["Backflip","Sucker Punch"],"picked":"Leg Sweep","floor":35},{"not_picked":["Dagger Spray+1","Choke+1"],"picked":"Deflect+1","floor":36},{"not_picked":["Deep Breath","Blind"],"picked":"Dramatic Entrance","floor":37},{"not_picked":["Setup","Cloak And Dagger"],"picked":"Terror+1","floor":38},{"not_picked":["Dagger Throw+1","Outmaneuver"],"picked":"Concentrate+1","floor":41},{"not_picked":["Tools of the Trade","Dagger Throw"],"picked":"Deflect+1","floor":42},{"not_picked":["Dagger Spray+1","Dagger Throw"],"picked":"Infinite Blades+1","floor":44},{"not_picked":["Bane+1","Crippling Poison+1"],"picked":"Concentrate+1","floor":45},{"not_picked":["Flying Knee","Terror+1"],"picked":"Noxious Fumes+1","floor":47}],"player_experience":224845,"relics_obtained":[{"floor":7,"key":"Lantern"},{"floor":8,"key":"Ancient Tea Set"},{"floor":9,"key":"Bag of Preparation"},{"floor":10,"key":"Darkstone Periapt"},{"floor":12,"key":"Orichalcum"},{"floor":23,"key":"Art of War"},{"floor":25,"key":"Snake Skull"},{"floor":26,"key":"MawBank"},{"floor":27,"key":"Bottled Tornado"},{"floor":36,"key":"Dead Branch"},{"floor":43,"key":"Kunai"},{"floor":44,"key":"Happy Flower"},{"floor":46,"key":"Toxic Egg 2"},{"floor":47,"key":"Blood Vial"}],"event_choices":[{"damage_healed":0,"gold_gain":0,"player_choice":"Upgraded","damage_taken":0,"max_hp_gain":0,"max_hp_loss":0,"event_name":"Upgrade Shrine","floor":3,"gold_loss":0,"cards_upgraded":["Survivor"]},{"damage_healed":21,"gold_gain":0,"player_choice":"Healed and dodged fight","damage_taken":0,"max_hp_gain":0,"max_hp_loss":0,"event_name":"Mushrooms","floor":14,"gold_loss":0,"cards_obtained":["Parasite"]},{"damage_healed":0,"gold_gain":0,"player_choice":"Inject Mutagens","damage_taken":0,"relics_obtained":["MutagenicStrength"],"max_hp_gain":0,"max_hp_loss":0,"event_name":"Drug Dealer","floor":19,"gold_loss":0},{"damage_healed":0,"gold_gain":0,"player_choice":"Opened","damage_taken":0,"relics_obtained":["Bag of Marbles"],"max_hp_gain":0,"max_hp_loss":0,"event_name":"The Mausoleum","floor":22,"gold_loss":0,"cards_obtained":["Writhe"]},{"damage_healed":0,"gold_gain":0,"player_choice":"Became a Ghost","damage_taken":0,"max_hp_gain":0,"max_hp_loss":48,"event_name":"Ghosts","floor":24,"gold_loss":0,"cards_obtained":["Ghostly","Ghostly","Ghostly","Ghostly","Ghostly"]},{"damage_healed":0,"gold_gain":0,"player_choice":"Fight","damage_taken":0,"max_hp_gain":0,"max_hp_loss":0,"event_name":"Mysterious Sphere","floor":36,"gold_loss":0},{"damage_healed":0,"gold_gain":0,"player_choice":"Memory 1","damage_taken":0,"max_hp_gain":0,"max_hp_loss":0,"event_name":"SensoryStone","floor":37,"gold_loss":0},{"cards_removed":["Footwork"],"damage_healed":0,"gold_gain":0,"player_choice":"Removed Power","damage_taken":0,"max_hp_gain":0,"max_hp_loss":0,"event_name":"Falling","floor":39,"gold_loss":0},{"damage_healed":0,"gold_gain":0,"player_choice":"Ignored","damage_taken":0,"max_hp_gain":0,"max_hp_loss":0,"event_name":"The Moai Head","floor":48,"gold_loss":0}],"is_beta":false,"boss_relics":[{"not_picked":["Busted Crown","Sozu"],"picked":"Ring of the Serpent"},{"not_picked":["Velvet Choker","Cursed Key"],"picked":"Pandora\u0027s Box"}],"items_purged_floors":[],"is_endless":false,"potions_floor_spawned":[4,5,10,12,16,18,25,28,31,33,36,38,41],"ascension_level":1}