{"gold_per_floor":[114,126,146,26,26,55,69,84,84,101,201,227,227,238,238,338,338,350,350,350,350,350,350,380,380,405,77,90,105,105,115,115,212,212,224,224,15,366,381,381],"floor_reached":40,"playtime":3062,"items_purged":[],"score":573,"play_id":"cf47939a-3cbe-4664-bfb9-0ed58199ec6e","local_time":"20181226142218","is_ascension_mode":true,"campfire_choices":[{"data":"Bash","floor":13,"key":"SMITH"},{"floor":15,"key":"REST"},{"data":"Corruption","floor":23,"key":"SMITH"},{"data":"Armaments","floor":25,"key":"SMITH"},{"data":"Demon Form","floor":32,"key":"SMITH"}],"neow_cost":"NONE","seed_source_timestamp":349749299919233,"circlet_count":0,"master_deck":["Strike_R+1","Strike_R+1","Strike_R+1","Strike_R+1","Defend_R+1","Defend_R+1","Defend_R+1","Defend_R+1","Bash+1","Double Tap","Heavy Blade","Corruption+1","Shrug It Off","Flame Barrier+1","Evolve","Armaments+1","Shrug It Off","Feel No Pain","Carnage","True Grit","Demon Form+1","Clothesline","RitualDagger","Sentinel","Infernal Blade","Iron Wave","Brutality","Burning Pact","Shockwave","Second Wind+1"],"relics":["Burning Blood","Vajra","Turnip","Self Forming Clay","Eternal Feather","Nilry\u0027s Codex","Pocketwatch","Strawberry","Kunai","Busted Crown","Old Coin"],"potions_floor_usage":[7,10,12,14,24,29,29,38,40],"damage_taken":[{"damage":1,"enemies":"Cultist","floor":1,"turns":3},{"damage":5,"enemies":"Small Slimes","floor":2,"turns":3},{"damage":8,"enemies":"2 Louse","floor":3,"turns":2},{"damage":44,"enemies":"3 Sentries","floor":6,"turns":14},{"damage":16,"enemies":"Exordium Thugs","floor":7,"turns":6},{"damage":1,"enemies":"Looter","floor":8,"turns":4},{"damage":0,"enemies":"2 Fungi Beasts","floor":10,"turns":2},{"damage":11,"enemies":"Gremlin Nob","floor":12,"turns":4},{"damage":10,"enemies":"Large Slime","floor":14,"turns":4},{"damage":41,"enemies":"Slime Boss","floor":16,"turns":13},{"damage":12,"enemies":"Spheric Guardian","floor":18,"turns":6},{"damage":11,"enemies":"Book of Stabbing","floor":24,"turns":7},{"damage":17,"enemies":"3 Byrds","floor":28,"turns":7},{"damage":6,"enemies":"Snake Plant","floor":29,"turns":5},{"damage":11,"enemies":"Snecko","floor":31,"turns":4},{"damage":56,"enemies":"Collector","floor":33,"turns":9},{"damage":11,"enemies":"3 Shapes","floor":35,"turns":5},{"damage":34,"enemies":"2 Orb Walkers","floor":38,"turns":5},{"damage":37,"enemies":"3 Darklings","floor":39,"turns":5},{"damage":15,"enemies":"Nemesis","floor":40,"turns":2}],"seed_played":"-2149916086242191070","potions_obtained":[{"floor":6,"key":"Block Potion"},{"floor":8,"key":"Fire Potion"},{"floor":10,"key":"Explosive Potion"},{"floor":12,"key":"Explosive Potion"},{"floor":24,"key":"Weak Potion"},{"floor":28,"key":"SkillPotion"},{"floor":39,"key":"FearPotion"}],"is_trial":false,"path_per_floor":["M","M","M","$","?","E","M","M","T","M","?","E","R","M","R","B",null,"M","?","?","?","?","R","E","R","T","$","M","M","?","M","R","B",null,"M","?","$","?","M","E"],"character_chosen":"IRONCLAD","items_purchased":["Flame Barrier","Weak Potion","Sentinel","Kunai","Burning Pact","Fruit Juice","Shockwave"],"campfire_rested":1,"item_purchase_floors":[4,4,27,27,37,37,37],"current_hp_per_floor":[77,78,76,76,76,38,28,33,33,39,39,34,34,30,54,19,65,59,53,37,37,37,49,44,56,63,63,52,52,52,47,62,12,68,63,63,63,40,9,0],"gold":381,"neow_bonus":"ONE_RANDOM_RARE_CARD","is_prod":false,"is_daily":false,"chose_seed":false,"campfire_upgraded":4,"win_rate":0,"timestamp":1545862938,"path_taken":["M","M","M","?","?","E","M","M","T","M","?","E","R","M","R","BOSS","M","?","?","?","?","R","E","R","T","$","M","?","?","M","R","BOSS","M","?","$","?","M","E"],"build_version":"2018-12-20","purchased_purges":0,"victory":false,"max_hp_per_floor":[80,80,80,80,80,80,80,80,80,80,80,80,80,80,80,80,80,80,80,80,80,80,80,80,80,87,87,87,87,87,87,87,87,87,87,87,87,92,92,92],"card_choices":[{"not_picked":["Body Slam","Headbutt"],"picked":"Heavy Blade","floor":1},{"not_picked":["Reckless Charge","Fire Breathing"],"picked":"Corruption","floor":2},{"not_picked":["Twin Strike","Havoc"],"picked":"Shrug It Off","floor":3},{"not_picked":["Shrug It Off","Brutality"],"picked":"Evolve","floor":6},{"not_picked":["Pommel Strike","Power Through"],"picked":"Armaments","floor":7},{"not_picked":["Wild Strike","Sword Boomerang"],"picked":"Shrug It Off","floor":8},{"not_picked":["Body Slam","Shrug It Off"],"picked":"Feel No Pain","floor":10},{"not_picked":["Entrench","Infernal Blade"],"picked":"Carnage","floor":12},{"not_picked":["Iron Wave","Body Slam"],"picked":"True Grit","floor":14},{"not_picked":["Exhume","Barricade"],"picked":"Demon Form","floor":16},{"not_picked":["Armaments","Pommel Strike+1"],"picked":"Clothesline","floor":18},{"not_picked":["Barricade","Dual Wield","Fire Breathing"],"picked":"SKIP","floor":24},{"not_picked":["Perfected Strike+1","Flex"],"picked":"Infernal Blade","floor":28},{"not_picked":["Twin Strike+1","Anger","Thunderclap"],"picked":"SKIP","floor":29},{"not_picked":["Spot Weakness","Thunderclap"],"picked":"Iron Wave","floor":31},{"not_picked":["Double Tap","Fiend Fire"],"picked":"Brutality","floor":33},{"not_picked":["Combust+1"],"picked":"SKIP","floor":35},{"not_picked":[],"picked":"Second Wind+1","floor":39}],"player_experience":115027,"relics_obtained":[{"floor":6,"key":"Vajra"},{"floor":9,"key":"Turnip"},{"floor":12,"key":"Self Forming Clay"},{"floor":20,"key":"Nilry\u0027s Codex"},{"floor":24,"key":"Pocketwatch"},{"floor":26,"key":"Strawberry"},{"floor":38,"key":"Old Coin"}],"event_choices":[{"damage_healed":0,"gold_gain":0,"player_choice":"Grow","damage_taken":0,"max_hp_gain":0,"max_hp_loss":0,"event_name":"Living Wall","floor":5,"gold_loss":0,"cards_upgraded":["Flame Barrier"]},{"damage_healed":0,"gold_gain":100,"player_choice":"Pray","damage_taken":0,"max_hp_gain":0,"max_hp_loss":0,"event_name":"Golden Shrine","floor":11,"gold_loss":0},{"damage_healed":0,"gold_gain":0,"player_choice":"Joined the Cult","damage_taken":6,"max_hp_gain":0,"max_hp_loss":0,"event_name":"Nest","floor":19,"gold_loss":0,"cards_obtained":["RitualDagger"]},{"damage_healed":0,"gold_gain":0,"player_choice":"Obtained Book","damage_taken":16,"max_hp_gain":0,"max_hp_loss":0,"event_name":"Cursed Tome","floor":20,"gold_loss":0},{"damage_healed":0,"gold_gain":0,"player_choice":"Ignored","damage_taken":0,"max_hp_gain":0,"max_hp_loss":0,"event_name":"Ghosts","floor":21,"gold_loss":0},{"cards_removed":["Strike_R"],"damage_healed":0,"gold_gain":0,"player_choice":"Purged","damage_taken":0,"max_hp_gain":0,"max_hp_loss":0,"event_name":"Purifier","floor":22,"gold_loss":0},{"damage_healed":0,"gold_gain":0,"player_choice":"Simplicity","damage_taken":0,"max_hp_gain":0,"max_hp_loss":0,"event_name":"Back to Basics","floor":30,"gold_loss":0,"cards_upgraded":["Strike_R","Strike_R","Strike_R","Strike_R","Defend_R","Defend_R","Defend_R","Defend_R"]},{"damage_healed":0,"gold_gain":0,"player_choice":"Ignored","damage_taken":0,"max_hp_gain":0,"max_hp_loss":0,"event_name":"Tomb of Lord Red Mask","floor":36,"gold_loss":0},{"damage_healed":0,"gold_gain":0,"player_choice":"Fight","damage_taken":0,"max_hp_gain":0,"max_hp_loss":0,"event_name":"Mysterious Sphere","floor":38,"gold_loss":0}],"is_beta":false,"boss_relics":[{"not_picked":["Cursed Key","Runic Pyramid"],"picked":"Eternal Feather"},{"not_picked":["Astrolabe","Black Blood"],"picked":"Busted Crown"}],"items_purged_floors":[],"is_endless":false,"potions_floor_spawned":[6,8,10,12,24,28,39],"killed_by":"Nemesis","ascension_level":6}