{"gold_per_floor":[115,130,16,16,16,42,42,61,61,88,102,102,134,154,154,231,231,251,264,264,7,19,53,73,73,73,101,17,82,82,82,82,160,160,179,179,199,199,219,247,247,260,260,93,93,110,110,142,142,142],"floor_reached":50,"playtime":3825,"items_purged":["Strike_G","Strike_G","Strike_G","Defend_G"],"score":1130,"play_id":"a7795d49-acd2-49c0-af9d-6fb427b29166","local_time":"20190617214925","is_ascension_mode":true,"campfire_choices":[{"data":"Noxious Fumes","floor":7,"key":"SMITH"},{"floor":15,"key":"REST"},{"floor":25,"key":"REST"},{"floor":30,"key":"REST"},{"floor":32,"key":"REST"},{"data":"Night Terror","floor":41,"key":"SMITH"},{"data":"Adrenaline","floor":45,"key":"SMITH"},{"data":"Dodge and Roll","floor":47,"key":"SMITH"},{"floor":49,"key":"REST"}],"neow_cost":"NONE","seed_source_timestamp":443237169747665,"circlet_count":0,"master_deck":["AscendersBane","Defend_G","Defend_G","Survivor","Neutralize","Dodge and Roll","Dagger Throw","Noxious Fumes+1","Cloak And Dagger","Deadly Poison","Bane","Deadly Poison","Die Die Die","Infinite Blades","Crippling Poison","Burst+1","Dodge and Roll+1","Night Terror+1","Leg Sweep+1","Footwork+1","Well Laid Plans","Adrenaline+1","Outmaneuver+1","Backflip","Dodge and Roll+1","Noxious Fumes","Finesse","Backflip+1"],"relics":["Ring of the Snake","NeowsBlessing","Happy Flower","The Courier","Anchor","Peace Pipe","Busted Crown","Smiling Mask","Question Card","Dream Catcher","Tiny Chest","Eternal Feather","Bottled Flame","Regal Pillow","Ornamental Fan","Ninja Scroll"],"potions_floor_usage":[13,13,22,23,23,40,46,50,50],"damage_taken":[{"damage":0,"enemies":"Jaw Worm","floor":1,"turns":1},{"damage":0,"enemies":"2 Louse","floor":2,"turns":1},{"damage":0,"enemies":"3 Sentries","floor":6,"turns":1},{"damage":0,"enemies":"Cultist","floor":8,"turns":5},{"damage":18,"enemies":"Gremlin Nob","floor":10,"turns":5},{"damage":8,"enemies":"Exordium Thugs","floor":11,"turns":5},{"damage":18,"enemies":"Lagavulin","floor":13,"turns":5},{"damage":0,"enemies":"Red Slaver","floor":14,"turns":3},{"damage":21,"enemies":"The Guardian","floor":16,"turns":9},{"damage":8,"enemies":"2 Thieves","floor":18,"turns":4},{"damage":5,"enemies":"Shell Parasite","floor":19,"turns":5},{"damage":1,"enemies":"Cultist and Chosen","floor":22,"turns":6},{"damage":24,"enemies":"Book of Stabbing","floor":23,"turns":6},{"damage":0,"enemies":"Centurion and Healer","floor":24,"turns":6},{"damage":7,"enemies":"Gremlin Leader","floor":27,"turns":8},{"damage":26,"enemies":"Slavers","floor":29,"turns":7},{"damage":2,"enemies":"Champ","floor":33,"turns":12},{"damage":0,"enemies":"3 Shapes","floor":35,"turns":6},{"damage":2,"enemies":"Orb Walker","floor":37,"turns":4},{"damage":10,"enemies":"Jaw Worm Horde","floor":39,"turns":7},{"damage":0,"enemies":"Nemesis","floor":40,"turns":9},{"damage":1,"enemies":"Maw","floor":42,"turns":7},{"damage":0,"enemies":"4 Shapes","floor":46,"turns":5},{"damage":56,"enemies":"Reptomancer","floor":48,"turns":9},{"damage":92,"enemies":"Donu and Deca","floor":50,"turns":10}],"seed_played":"-8776603506028751532","potions_obtained":[{"floor":1,"key":"SteroidPotion"},{"floor":10,"key":"AttackPotion"},{"floor":11,"key":"Ancient Potion"},{"floor":22,"key":"PowerPotion"},{"floor":23,"key":"Fruit Juice"},{"floor":27,"key":"SteroidPotion"},{"floor":39,"key":"Explosive Potion"},{"floor":48,"key":"Regen Potion"}],"is_trial":false,"path_per_floor":["M","M","$","?","?","E","R","M","T","E","M","?","E","M","R","B",null,"M","M","?","$","M","E","M","R","T","E","$","E","R","?","R","B",null,"M","?","M","T","M","E","R","M","T","$","R","M","R","E","R","B"],"character_chosen":"THE_SILENT","items_purchased":["Noxious Fumes","Night Terror","Block Potion","Well Laid Plans","Finesse","AttackPotion"],"campfire_rested":5,"item_purchase_floors":[3,21,21,28,44,44],"current_hp_per_floor":[59,59,59,52,52,52,52,52,52,34,26,26,8,8,27,6,51,43,38,38,38,37,18,18,39,39,32,32,6,27,27,48,46,65,65,65,63,63,53,53,68,67,67,67,71,71,71,15,66,0],"gold":142,"neow_bonus":"THREE_ENEMY_KILL","is_prod":false,"is_daily":false,"chose_seed":false,"campfire_upgraded":4,"win_rate":0,"timestamp":1560779365,"path_taken":["M","M","$","?","?","E","R","M","T","E","M","?","E","?","R","BOSS","M","M","?","$","M","E","?","R","T","E","$","E","R","?","R","BOSS","M","?","M","?","M","E","R","M","T","$","R","M","R","E","R","BOSS"],"build_version":"2019-01-23","purchased_purges":4,"victory":false,"max_hp_per_floor":[66,66,66,66,66,66,66,66,66,66,66,66,66,66,66,66,66,66,66,66,66,66,71,71,71,71,71,71,71,71,71,71,71,71,71,71,71,71,71,71,71,71,71,71,71,71,71,71,71,71],"card_choices":[{"not_picked":["Choke","Sucker Punch"],"picked":"Dodge and Roll","floor":1},{"not_picked":["Concentrate","Flechettes"],"picked":"Dagger Throw","floor":2},{"not_picked":["Terror","Catalyst"],"picked":"Cloak And Dagger","floor":6},{"not_picked":["Poisoned Stab","Prepared"],"picked":"Deadly Poison","floor":8},{"not_picked":["Slice","Outmaneuver"],"picked":"Bane","floor":10},{"not_picked":["PiercingWail","Dash"],"picked":"Deadly Poison","floor":11},{"not_picked":["Dagger Spray","Dagger Throw"],"picked":"Infinite Blades","floor":13},{"not_picked":["Deadly Poison","Sucker Punch"],"picked":"Crippling Poison","floor":14},{"not_picked":["Unload","Venomology"],"picked":"Burst","floor":16},{"not_picked":[],"picked":"Dodge and Roll","floor":18},{"not_picked":["Dagger Throw"],"picked":"SKIP","floor":19},{"not_picked":[],"picked":"Leg Sweep+1","floor":22},{"not_picked":["Wraith Form v2"],"picked":"SKIP","floor":23},{"not_picked":["Dash"],"picked":"SKIP","floor":24},{"not_picked":["Acrobatics"],"picked":"Footwork+1","floor":27},{"not_picked":["Quick Slash"],"picked":"Adrenaline","floor":29},{"not_picked":["Dagger Spray"],"picked":"Outmaneuver+1","floor":30},{"not_picked":["Bane"],"picked":"Backflip","floor":32},{"not_picked":["Crippling Poison"],"picked":"Dodge and Roll+1","floor":35},{"not_picked":["Expertise"],"picked":"Noxious Fumes","floor":37},{"not_picked":["PiercingWail","Deadly Poison"],"picked":"SKIP","floor":39},{"not_picked":["Dash+1","Acrobatics"],"picked":"SKIP","floor":40},{"not_picked":["Predator","Leg Sweep"],"picked":"SKIP","floor":42},{"not_picked":["Reflex","Storm of Steel"],"picked":"SKIP","floor":46},{"not_picked":["Venomology"],"picked":"Backflip+1","floor":48}],"player_experience":899013,"relics_obtained":[{"floor":6,"key":"Happy Flower"},{"floor":9,"key":"The Courier"},{"floor":10,"key":"Anchor"},{"floor":13,"key":"Peace Pipe"},{"floor":23,"key":"Smiling Mask"},{"floor":26,"key":"Question Card"},{"floor":27,"key":"Dream Catcher"},{"floor":29,"key":"Tiny Chest"},{"floor":38,"key":"Bottled Flame"},{"floor":40,"key":"Regal Pillow"},{"floor":43,"key":"Ornamental Fan"},{"floor":48,"key":"Ninja Scroll"}],"event_choices":[{"cards_removed":["Defend_G"],"damage_healed":0,"gold_gain":0,"player_choice":"Card Removal","damage_taken":7,"max_hp_gain":0,"max_hp_loss":0,"event_name":"Golden Wing","floor":4,"gold_loss":0},{"cards_removed":["Strike_G"],"damage_healed":0,"gold_gain":0,"player_choice":"Forget","damage_taken":0,"max_hp_gain":0,"max_hp_loss":0,"event_name":"Living Wall","floor":5,"gold_loss":0},{"damage_healed":0,"gold_gain":0,"cards_transformed":["Strike_G"],"player_choice":"Transformed","damage_taken":0,"max_hp_gain":0,"max_hp_loss":0,"event_name":"Transmorgrifier","floor":12,"gold_loss":0,"cards_obtained":["Die Die Die"]},{"damage_healed":0,"gold_gain":0,"player_choice":"Upgraded","damage_taken":0,"max_hp_gain":0,"max_hp_loss":0,"event_name":"Upgrade Shrine","floor":20,"gold_loss":0,"cards_upgraded":["Burst"]},{"cards_removed":["Defend_G"],"damage_healed":0,"gold_gain":0,"player_choice":"Elegance","damage_taken":0,"max_hp_gain":0,"max_hp_loss":0,"event_name":"Back to Basics","floor":31,"gold_loss":0},{"damage_healed":0,"gold_gain":0,"player_choice":"Ignored","damage_taken":0,"max_hp_gain":0,"max_hp_loss":0,"event_name":"Tomb of Lord Red Mask","floor":36,"gold_loss":0}],"is_beta":false,"boss_relics":[{"not_picked":["Astrolabe","Velvet Choker"],"picked":"Busted Crown"},{"not_picked":["Tiny House","Pandora\u0027s Box"],"picked":"Eternal Feather"}],"items_purged_floors":[3,21,28,44],"is_endless":false,"potions_floor_spawned":[1,10,11,22,23,27,39,48],"killed_by":"Donu and Deca","ascension_level":16}