{"gold_per_floor":[117,135,135,59,79,112,59,86,86,9,9,29,39,57,57,155,155,171,171],"floor_reached":19,"playtime":2803,"items_purged":[],"score":335,"play_id":"0de9f241-5bdc-4806-897d-8137f9ca9bbe","local_time":"20190623143508","is_ascension_mode":true,"campfire_choices":[{"floor":11,"key":"REST"},{"floor":15,"key":"REST"}],"neow_cost":"NONE","seed_source_timestamp":0,"circlet_count":0,"master_deck":["Strike_R","Strike_R","Strike_R","Strike_R","Strike_R","Defend_R","Defend_R","Defend_R","Defend_R","Bash","Battle Trance","Whirlwind+1","Rampage","Clash","Cleave","Heavy Blade","Demon Form","Whirlwind+1","Heavy Blade+1","Shrug It Off","Limit Break","Shrug It Off"],"special_seed":0,"relics":["Black Blood","NeowsBlessing","Bag of Preparation","Unceasing Top","Molten Egg 2"],"potions_floor_usage":[6,16,16,19],"damage_taken":[{"damage":0,"enemies":"Cultist","floor":1,"turns":1},{"damage":0,"enemies":"2 Louse","floor":2,"turns":1},{"damage":0,"enemies":"Small Slimes","floor":5,"turns":1},{"damage":27,"enemies":"Gremlin Nob","floor":6,"turns":4},{"damage":41,"enemies":"Lagavulin","floor":8,"turns":6},{"damage":7,"enemies":"Looter","floor":12,"turns":3},{"damage":8,"enemies":"Large Slime","floor":13,"turns":5},{"damage":34,"enemies":"Exordium Thugs","floor":14,"turns":4},{"damage":40,"enemies":"The Guardian","floor":16,"turns":11},{"damage":58,"enemies":"Shell Parasite","floor":18,"turns":11},{"damage":34,"enemies":"Spheric Guardian","floor":19,"turns":5}],"seed_played":"8314824024989015338","potions_obtained":[{"floor":5,"key":"Energy Potion"},{"floor":6,"key":"GamblersBrew"},{"floor":13,"key":"Explosive Potion"},{"floor":14,"key":"Swift Potion"},{"floor":18,"key":"SpeedPotion"}],"is_trial":false,"path_per_floor":["M","M","?","$","M","E","$","E","T","$","R","M","M","M","R","B",null,"M","M"],"character_chosen":"IRONCLAD","items_purchased":["Rampage","Heavy Blade","Whirlwind+1"],"campfire_rested":2,"item_purchase_floors":[4,7,10],"current_hp_per_floor":[80,80,80,80,80,59,59,24,24,24,48,47,45,17,41,7,80,32,0],"gold":171,"neow_bonus":"THREE_ENEMY_KILL","is_prod":false,"is_daily":false,"chose_seed":false,"campfire_upgraded":0,"win_rate":0,"timestamp":1561264508,"path_taken":["M","?","?","$","M","E","$","E","T","$","R","M","?","M","R","BOSS","M","M"],"build_version":"2019-01-23","purchased_purges":0,"victory":false,"max_hp_per_floor":[80,80,80,80,80,80,80,80,80,80,80,80,80,80,80,80,80,80,80],"card_choices":[{"not_picked":["Perfected Strike","Anger"],"picked":"Battle Trance","floor":1},{"not_picked":["Searing Blow","Power Through"],"picked":"Whirlwind","floor":2},{"not_picked":["Sword Boomerang","Combust"],"picked":"Clash","floor":5},{"not_picked":["Sever Soul","Ghostly Armor"],"picked":"Cleave","floor":6},{"not_picked":["Rupture","Dropkick"],"picked":"Demon Form","floor":8},{"not_picked":["Wild Strike+1","Whirlwind+1","Power Through"],"picked":"SKIP","floor":12},{"not_picked":["Perfected Strike+1","Thunderclap+1"],"picked":"Heavy Blade+1","floor":13},{"not_picked":["Body Slam+1","Wild Strike+1"],"picked":"Shrug It Off","floor":14},{"not_picked":["Offering","Brutality"],"picked":"Limit Break","floor":16},{"not_picked":["Flex+1","Power Through"],"picked":"Shrug It Off","floor":18}],"player_experience":136906,"relics_obtained":[{"floor":6,"key":"Bag of Preparation"},{"floor":8,"key":"Unceasing Top"},{"floor":9,"key":"Molten Egg 2"}],"event_choices":[{"damage_healed":0,"gold_gain":0,"player_choice":"Upgraded","damage_taken":0,"max_hp_gain":0,"max_hp_loss":0,"event_name":"Upgrade Shrine","floor":3,"gold_loss":0,"cards_upgraded":["Whirlwind"]}],"is_beta":false,"boss_relics":[{"not_picked":["Eternal Feather","Tiny House"],"picked":"Black Blood"}],"items_purged_floors":[],"is_endless":false,"potions_floor_spawned":[5,6,13,14,18],"killed_by":"Spheric Guardian","ascension_level":4}