{"gold_per_floor":[114,114,114,11,11,11,46,65,142,152,152,170,9,21,21,92,92,102,115],"floor_reached":19,"playtime":582,"items_purged":["Strike_G"],"score":388,"play_id":"10ca5709-73da-45ff-8fb9-8db592690149","local_time":"20190102195023","is_ascension_mode":true,"campfire_choices":[{"data":"Neutralize","floor":6,"key":"SMITH"},{"data":"Deadly Poison","floor":11,"key":"SMITH"},{"data":"Dagger Spray","floor":15,"key":"SMITH"}],"neow_cost":"NONE","seed_source_timestamp":16370860819407,"circlet_count":0,"master_deck":["AscendersBane","Defend_G","Defend_G","Defend_G","Defend_G","Defend_G+1","Strike_G","Strike_G","Strike_G","Strike_G+1","Survivor","Neutralize+1","Dagger Throw","Flying Knee","Dagger Spray+1","Deadly Poison+1","After Image","Malaise","Dodge and Roll"],"relics":["Ring of the Snake","NeowsBlessing","Bag of Marbles","Ornamental Fan","Mummified Hand","Pen Nib","White Beast Statue"],"potions_floor_usage":[16],"damage_taken":[{"damage":0,"enemies":"2 Louse","floor":1,"turns":1},{"damage":0,"enemies":"Lagavulin","floor":7,"turns":1},{"damage":0,"enemies":"Small Slimes","floor":8,"turns":1},{"damage":0,"enemies":"Cultist","floor":10,"turns":3},{"damage":0,"enemies":"Looter","floor":12,"turns":2},{"damage":6,"enemies":"Exordium Wildlife","floor":14,"turns":3},{"damage":4,"enemies":"Hexaghost","floor":16,"turns":9},{"damage":21,"enemies":"2 Thieves","floor":18,"turns":4},{"damage":28,"enemies":"Spheric Guardian","floor":19,"turns":10}],"seed_played":"6985994781819374717","potions_obtained":[{"floor":7,"key":"FearPotion"},{"floor":10,"key":"AttackPotion"},{"floor":18,"key":"Dexterity Potion"}],"is_trial":false,"path_per_floor":["M","?","?","$","?","R","E","M","T","M","R","M","$","M","R","B",null,"M","M"],"character_chosen":"THE_SILENT","items_purchased":["Flying Knee","Pen Nib"],"campfire_rested":0,"item_purchase_floors":[4,13],"current_hp_per_floor":[59,39,44,44,33,33,33,33,33,33,33,33,33,27,27,23,59,38,10],"gold":115,"neow_bonus":"THREE_ENEMY_KILL","is_prod":false,"is_daily":false,"chose_seed":false,"campfire_upgraded":3,"win_rate":0,"timestamp":1546469423,"path_taken":["M","?","?","$","?","R","E","M","T","M","R","M","?","M","R","BOSS","M","M"],"build_version":"2018-12-20","purchased_purges":1,"victory":false,"max_hp_per_floor":[66,66,71,71,71,71,71,71,71,71,71,71,71,71,71,71,71,71,71],"card_choices":[{"not_picked":["Underhanded Strike","Blur"],"picked":"Dagger Throw","floor":1},{"not_picked":["Distraction","Cloak And Dagger"],"picked":"Dagger Spray","floor":7},{"not_picked":["Quick Slash","Dagger Throw","Outmaneuver"],"picked":"SKIP","floor":8},{"not_picked":["Bouncing Flask","Underhanded Strike"],"picked":"Deadly Poison","floor":10},{"not_picked":["Quick Slash","Concentrate","Endless Agony"],"picked":"SKIP","floor":12},{"not_picked":["Slice","Choke"],"picked":"After Image","floor":14},{"not_picked":["Burst","Corpse Explosion"],"picked":"Malaise","floor":16},{"not_picked":["Distraction","Prepared"],"picked":"Dodge and Roll","floor":18},{"not_picked":["Sucker Punch","All Out Attack","Flechettes"],"picked":"SKIP","floor":19}],"player_experience":665186,"relics_obtained":[{"floor":7,"key":"Ornamental Fan"},{"floor":9,"key":"Mummified Hand"}],"event_choices":[{"damage_healed":0,"gold_gain":0,"player_choice":"Entered Light","damage_taken":20,"max_hp_gain":0,"max_hp_loss":0,"event_name":"Shining Light","floor":2,"gold_loss":0,"cards_upgraded":["Strike_G","Defend_G"]},{"damage_healed":0,"gold_gain":0,"player_choice":"Donut","damage_taken":0,"max_hp_gain":5,"max_hp_loss":0,"event_name":"Big Fish","floor":3,"gold_loss":0},{"damage_healed":0,"gold_gain":0,"player_choice":"Success","damage_taken":11,"relics_obtained":["Bag of Marbles"],"max_hp_gain":0,"max_hp_loss":0,"event_name":"Scrap Ooze","floor":5,"gold_loss":0}],"is_beta":false,"boss_relics":[{"not_picked":["Fusion Hammer","Runic Dome"],"picked":"White Beast Statue"}],"items_purged_floors":[4],"is_endless":false,"potions_floor_spawned":[7,10,12,18,19],"killed_by":"Spheric Guardian","ascension_level":20}