{"gold_per_floor":[109,123,123,141,20,20,49,64,118,146,1,13,13,30,30,30],"floor_reached":16,"playtime":3818,"items_purged":["Strike_G"],"score":190,"play_id":"d887cf2b-3e5a-4086-afa7-ad40a88df24a","local_time":"20181202224049","is_ascension_mode":true,"campfire_choices":[{"data":"Well Laid Plans","floor":6,"key":"SMITH"},{"floor":13,"key":"REST"},{"data":"Noxious Fumes","floor":15,"key":"SMITH"}],"neow_cost":"NONE","seed_source_timestamp":17282215196838,"circlet_count":0,"master_deck":["AscendersBane","Defend_G","Defend_G","Defend_G","Defend_G","Defend_G","Strike_G","Strike_G","Strike_G","Strike_G","Survivor","Neutralize","Dagger Spray","Noxious Fumes+1","Cloak And Dagger","Catalyst","Well Laid Plans+1","Deflect","Terror","Cloak And Dagger","Wraith Form v2","Blur","PiercingWail"],"relics":["Ring of the Snake","Omamori","Pear","PreservedInsect","Art of War"],"potions_floor_usage":[14,14],"damage_taken":[{"damage":5,"enemies":"Cultist","floor":1,"turns":5},{"damage":0,"enemies":"2 Louse","floor":2,"turns":3},{"damage":6,"enemies":"Jaw Worm","floor":4,"turns":4},{"damage":13,"enemies":"3 Sentries","floor":7,"turns":8},{"damage":1,"enemies":"2 Fungi Beasts","floor":8,"turns":4},{"damage":24,"enemies":"Gremlin Nob","floor":10,"turns":4},{"damage":2,"enemies":"Large Slime","floor":12,"turns":7},{"damage":10,"enemies":"Gremlin Gang","floor":14,"turns":6},{"damage":30,"enemies":"Hexaghost","floor":16,"turns":12}],"seed_played":"3419945594946543799","potions_obtained":[{"floor":2,"key":"SteroidPotion"},{"floor":4,"key":"SpeedPotion"}],"is_trial":false,"path_per_floor":["M","M","?","M","$","R","E","M","T","E","$","M","R","M","R","B"],"character_chosen":"THE_SILENT","items_purchased":["Well Laid Plans","Deflect","Wraith Form v2"],"campfire_rested":1,"item_purchase_floors":[5,5,11],"current_hp_per_floor":[54,54,54,48,48,48,45,44,44,20,20,18,40,30,30,0],"gold":30,"neow_bonus":"RANDOM_COMMON_RELIC","is_prod":false,"is_daily":false,"chose_seed":false,"campfire_upgraded":2,"win_rate":0,"timestamp":1543801249,"path_taken":["M","M","?","?","$","R","E","M","T","E","?","M","R","M","R","BOSS"],"build_version":"2018-11-15","purchased_purges":1,"victory":false,"max_hp_per_floor":[66,66,66,66,66,66,76,76,76,76,76,76,76,76,76,76],"card_choices":[{"not_picked":["Bane","Acrobatics"],"picked":"Dagger Spray","floor":1},{"not_picked":["Reflex","Dodge and Roll"],"picked":"Noxious Fumes","floor":2},{"not_picked":["Dodge and Roll","Expertise"],"picked":"Catalyst","floor":4},{"not_picked":["Choke","Bane","Tactician"],"picked":"SKIP","floor":7},{"not_picked":["Bane","Dagger Spray"],"picked":"Terror","floor":8},{"not_picked":["Well Laid Plans","Prepared"],"picked":"Cloak And Dagger","floor":10},{"not_picked":["Quick Slash","Masterful Stab"],"picked":"Blur","floor":12},{"not_picked":["Outmaneuver","Blur"],"picked":"PiercingWail","floor":14}],"player_experience":471580,"relics_obtained":[{"floor":7,"key":"Pear"},{"floor":9,"key":"PreservedInsect"},{"floor":10,"key":"Art of War"}],"event_choices":[{"damage_healed":0,"gold_gain":0,"player_choice":"1 cards matched","damage_taken":0,"max_hp_gain":0,"max_hp_loss":0,"event_name":"Match and Keep!","floor":3,"gold_loss":0,"cards_obtained":["Cloak And Dagger"]}],"is_beta":false,"boss_relics":[],"items_purged_floors":[11],"is_endless":false,"potions_floor_spawned":[2,4,8,10],"killed_by":"Hexaghost","ascension_level":14}