{"gold_per_floor":[116,116,43,59,359,386,405,405,405,405,420,439,319,13,13,112,112,129,54,54,54,54,54,69,69,116,116,135,135,135,145,145,242,242,255,265,265,265,265,265,284,294,294,314,314,414,142,162,162,162],"floor_reached":50,"playtime":2064,"items_purged":["Strike_B","Strike_B","Shame"],"score":746,"play_id":"91671bd7-b63e-4fb9-ab96-91f0a9023876","local_time":"20181123004848","is_ascension_mode":true,"campfire_choices":[{"data":"Defragment","floor":8,"key":"SMITH"},{"data":"Chaos","floor":10,"key":"SMITH"},{"data":"Defragment","floor":15,"key":"SMITH"},{"data":"Defragment","floor":23,"key":"SMITH"},{"data":"Chill","floor":27,"key":"SMITH"},{"floor":32,"key":"REST"},{"data":"Echo Form","floor":40,"key":"SMITH"},{"data":"Echo Form","floor":45,"key":"SMITH"},{"floor":49,"key":"REST"}],"neow_cost":"NONE","seed_source_timestamp":24180156004127,"circlet_count":0,"master_deck":["AscendersBane","Defend_B","Defend_B","Defend_B","Zap","Dualcast","Capacitor","Defragment+1","Barrage+1","Ball Lightning+1","Chaos+1","Echo Form+1","Leap","Defragment+1","Chill+1","Conserve Battery","Echo Form+1","Defragment+1","Leap+1","Sunder","Undo+1","Parasite","Loop+1"],"relics":["Cracked Core","NeowsBlessing","Old Coin","Whetstone","Dodecahedron","Inserter","Anchor","Cables","Cursed Key","Ornamental Fan","DataDisk"],"potions_floor_usage":[33,44,50,50],"damage_taken":[{"damage":0,"enemies":"Jaw Worm","floor":1,"turns":1},{"damage":0,"enemies":"2 Louse","floor":4,"turns":1},{"damage":0,"enemies":"Gremlin Nob","floor":6,"turns":1},{"damage":0,"enemies":"Small Slimes","floor":7,"turns":2},{"damage":5,"enemies":"3 Louse","floor":11,"turns":3},{"damage":12,"enemies":"Exordium Thugs","floor":12,"turns":3},{"damage":10,"enemies":"The Guardian","floor":16,"turns":7},{"damage":12,"enemies":"Chosen","floor":18,"turns":6},{"damage":6,"enemies":"3 Byrds","floor":24,"turns":5},{"damage":24,"enemies":"Cultist and Chosen","floor":28,"turns":6},{"damage":0,"enemies":"Centurion and Healer","floor":31,"turns":6},{"damage":43,"enemies":"Collector","floor":33,"turns":9},{"damage":0,"enemies":"3 Darklings","floor":35,"turns":6},{"damage":4,"enemies":"Orb Walker","floor":36,"turns":4},{"damage":19,"enemies":"Spire Growth","floor":41,"turns":6},{"damage":0,"enemies":"Sphere and 2 Shapes","floor":42,"turns":6},{"damage":0,"enemies":"Writhing Mass","floor":44,"turns":8},{"damage":11,"enemies":"4 Shapes","floor":48,"turns":6},{"damage":57,"enemies":"Awakened One","floor":50,"turns":10}],"seed_played":"-1952884410975341528","potions_obtained":[{"floor":1,"key":"EssenceOfSteel"},{"floor":6,"key":"Swift Potion"},{"floor":12,"key":"SkillPotion"},{"floor":36,"key":"Block Potion"},{"floor":42,"key":"Dexterity Potion"},{"floor":44,"key":"Poison Potion"},{"floor":48,"key":"Dexterity Potion"}],"is_trial":false,"path_per_floor":["M","?","$","M","?","E","M","R","T","R","M","M","$","$","R","B",null,"M","?","$","?","?","R","M","$","T","R","M","?","T","M","R","B",null,"M","M","?","?","?","R","M","M","T","M","R","?","$","M","R","B"],"character_chosen":"DEFECT","items_purchased":["Defragment","Leap","Defragment","Chill","Conserve Battery","DataDisk"],"campfire_rested":2,"item_purchase_floors":[3,13,14,14,14,47],"current_hp_per_floor":[68,73,73,73,55,55,55,55,55,55,50,38,38,38,38,28,67,55,55,55,55,55,55,49,49,49,49,25,25,25,25,49,6,62,62,58,58,58,58,58,39,39,39,39,39,39,39,28,50,0],"gold":162,"neow_bonus":"THREE_ENEMY_KILL","is_prod":false,"is_daily":false,"chose_seed":false,"campfire_upgraded":7,"win_rate":0,"timestamp":1542944928,"path_taken":["M","?","$","M","?","E","M","R","T","R","M","M","?","$","R","BOSS","M","?","$","?","?","R","M","$","T","R","?","?","?","M","R","BOSS","M","M","?","?","?","R","?","M","T","M","R","?","$","?","R","BOSS"],"build_version":"2018-11-15","purchased_purges":3,"victory":false,"max_hp_per_floor":[75,80,80,80,80,80,80,80,80,80,80,80,80,80,80,80,80,80,80,80,80,80,80,80,80,80,80,80,80,80,80,80,80,80,80,80,80,76,76,76,76,76,76,76,76,76,76,76,76,76],"card_choices":[{"not_picked":["Recycle","Hello World"],"picked":"Capacitor","floor":1},{"not_picked":["Rebound","Reprogram"],"picked":"Barrage","floor":4},{"not_picked":["Leap","Compile Driver"],"picked":"Ball Lightning","floor":6},{"not_picked":["Sweeping Beam","Ball Lightning"],"picked":"Chaos","floor":7},{"not_picked":["FTL","Rebound","Redo"],"picked":"SKIP","floor":11},{"not_picked":["Auto Shields","Redo"],"picked":"Echo Form","floor":12},{"not_picked":["Fission","Thunder Strike"],"picked":"Echo Form","floor":16},{"not_picked":["Chaos","Rebound","Hologram"],"picked":"SKIP","floor":18},{"not_picked":["Blizzard+1","Self Repair+1"],"picked":"Leap+1","floor":24},{"not_picked":["Conserve Battery","Go for the Eyes","Turbo+1"],"picked":"SKIP","floor":28},{"not_picked":["Hello World","Lockon+1","Leap"],"picked":"SKIP","floor":31},{"not_picked":["Streamline+1","FTL","Hologram"],"picked":"SKIP","floor":35},{"not_picked":["Doom and Gloom","Beam Cell+1","Reprogram"],"picked":"SKIP","floor":36},{"not_picked":["Cold Snap","Aggregate+1"],"picked":"Undo+1","floor":41},{"not_picked":["Reinforced Body+1","Go for the Eyes+1","Steam"],"picked":"SKIP","floor":42},{"not_picked":["Coolheaded","Hologram"],"picked":"Loop+1","floor":44},{"not_picked":["Recycle+1","Reinforced Body+1","Loop"],"picked":"SKIP","floor":48}],"player_experience":402062,"relics_obtained":[{"floor":6,"key":"Whetstone"},{"floor":9,"key":"Dodecahedron"},{"floor":26,"key":"Anchor"},{"floor":30,"key":"Cables"},{"floor":43,"key":"Ornamental Fan"}],"event_choices":[{"damage_healed":0,"gold_gain":0,"player_choice":"Donut","damage_taken":0,"max_hp_gain":5,"max_hp_loss":0,"event_name":"Big Fish","floor":2,"gold_loss":0},{"damage_healed":0,"gold_gain":0,"player_choice":"Success","damage_taken":18,"relics_obtained":["Old Coin"],"max_hp_gain":0,"max_hp_loss":0,"event_name":"Scrap Ooze","floor":5,"gold_loss":0},{"cards_removed":["Strike_B"],"damage_healed":0,"gold_gain":0,"player_choice":"Gave Gold","damage_taken":0,"max_hp_gain":0,"max_hp_loss":0,"event_name":"Beggar","floor":19,"gold_loss":75},{"damage_healed":0,"gold_gain":0,"player_choice":"Ignored","damage_taken":0,"max_hp_gain":0,"max_hp_loss":0,"event_name":"The Mausoleum","floor":21,"gold_loss":0},{"damage_healed":0,"gold_gain":0,"player_choice":"Read","damage_taken":0,"max_hp_gain":0,"max_hp_loss":0,"event_name":"The Library","floor":22,"gold_loss":0,"cards_obtained":["Defragment"]},{"damage_healed":0,"gold_gain":0,"player_choice":"Ignored","damage_taken":0,"max_hp_gain":0,"max_hp_loss":0,"event_name":"Vampires","floor":29,"gold_loss":0},{"cards_removed":["Strike_B"],"damage_healed":0,"gold_gain":0,"player_choice":"Removed Attack","damage_taken":0,"max_hp_gain":0,"max_hp_loss":0,"event_name":"Falling","floor":37,"gold_loss":0},{"damage_healed":0,"gold_gain":0,"player_choice":"Max HP","damage_taken":0,"max_hp_gain":0,"max_hp_loss":4,"event_name":"Winding Halls","floor":38,"gold_loss":0},{"damage_healed":0,"gold_gain":0,"cards_transformed":["Defend_B"],"player_choice":"Transformed","damage_taken":0,"max_hp_gain":0,"max_hp_loss":0,"event_name":"Transmorgrifier","floor":39,"gold_loss":0,"cards_obtained":["Sunder"]},{"damage_healed":0,"gold_gain":100,"player_choice":"Pray","damage_taken":0,"max_hp_gain":0,"max_hp_loss":0,"event_name":"Golden Shrine","floor":46,"gold_loss":0}],"is_beta":false,"boss_relics":[{"not_picked":["Calling Bell","Ectoplasm"],"picked":"Inserter"},{"not_picked":["Black Star","Empty Cage"],"picked":"Cursed Key"}],"items_purged_floors":[13,14,47],"is_endless":false,"potions_floor_spawned":[1,6,12,18,28,36,41,42,44,48],"killed_by":"Awakened One","ascension_level":11}