{"gold_per_floor":[117,133,133,153,171,171,197,197,197,211,226,260,260,279,279,383,383,394,394,404,15,35,35,63,80,80,80,107,107,207,237,237,340,340,357,62,162,180,180,211,211,211,211],"floor_reached":43,"playtime":6289,"items_purged":[],"score":1032,"play_id":"673caeb7-71da-4ac4-acb7-14b29619d72b","local_time":"20190617171552","is_ascension_mode":true,"campfire_choices":[{"data":"Armaments","floor":6.0,"key":"SMITH"},{"data":"Armaments","floor":8.0,"key":"SMITH"},{"floor":13,"key":"REST"},{"data":"Bash","floor":15,"key":"SMITH"},{"floor":23,"key":"REST"},{"floor":27,"key":"REST"},{"floor":29,"key":"REST"},{"floor":32,"key":"REST"},{"floor":41,"key":"DIG"}],"neow_cost":"NONE","seed_source_timestamp":475809467657044,"circlet_count":0,"master_deck":["AscendersBane","Bash+1","Flame Barrier","Shrug It Off+1","Twin Strike","Bludgeon","Armaments+1","Infernal Blade+1","Armaments+1","Demon Form","Shockwave+1","Seeing Red+1","Shrug It Off+1","Offering+1","Offering+1","Clash+1","Fire Breathing+1","Shrug It Off+1","Thunderclap+1","Offering+1","Shrug It Off+1","Pummel+1","Armaments+1","Thunderclap","Cleave","Reaper","Offering+1","Iron Wave","Shockwave+1","Carnage","Offering+1","Twin Strike","Shrug It Off+1","Spot Weakness+1","Armaments+1","Heavy Blade+1","Pummel"],"special_seed":0,"relics":["Burning Blood","Whetstone","Toxic Egg 2","Mercury Hourglass","Astrolabe","Paper Frog","Bottled Tornado","The Courier","Pen Nib","Du-Vu Doll","Pantograph","Art of War","Pandora\u0027s Box","Shovel","Charon\u0027s Ashes","War Paint","Sundial","Omamori"],"potions_floor_usage":[12,16,24,30,43],"damage_taken":[{"damage":6.0,"enemies":"Cultist","floor":1.0,"turns":4.0},{"damage":1.0,"enemies":"2 Louse","floor":2.0,"turns":5.0},{"damage":7.0,"enemies":"Jaw Worm","floor":4.0,"turns":2.0},{"damage":1.0,"enemies":"Exordium Wildlife","floor":5.0,"turns":4.0},{"damage":23.0,"enemies":"Gremlin Nob","floor":7.0,"turns":4.0},{"damage":20.0,"enemies":"Looter","floor":10.0,"turns":3.0},{"damage":0.0,"enemies":"Red Slaver","floor":11.0,"turns":4.0},{"damage":20,"enemies":"3 Sentries","floor":12,"turns":6},{"damage":19,"enemies":"Exordium Wildlife","floor":14,"turns":4},{"damage":0,"enemies":"Slime Boss","floor":16,"turns":8},{"damage":18,"enemies":"Chosen","floor":18,"turns":3},{"damage":6,"enemies":"3 Byrds","floor":20,"turns":2},{"damage":6,"enemies":"Snecko","floor":22,"turns":3},{"damage":31,"enemies":"Slavers","floor":24,"turns":3},{"damage":24,"enemies":"Snake Plant","floor":25,"turns":3},{"damage":28,"enemies":"Book of Stabbing","floor":28,"turns":3},{"damage":36,"enemies":"Colosseum Slavers","floor":30,"turns":4},{"damage":23,"enemies":"Colosseum Nobs","floor":30,"turns":3},{"damage":12,"enemies":"Slavers","floor":31,"turns":1},{"damage":34,"enemies":"Automaton","floor":33,"turns":6},{"damage":18,"enemies":"Orb Walker","floor":35,"turns":2},{"damage":12,"enemies":"Mind Bloom Boss Battle","floor":37,"turns":3},{"damage":18,"enemies":"3 Darklings","floor":38,"turns":2},{"damage":25,"enemies":"Giant Head","floor":40,"turns":5},{"damage":85,"enemies":"Donu and Deca","floor":43,"turns":4}],"seed_played":"-6495261363255929659","potions_obtained":[{"floor":1.0,"key":"Explosive Potion"},{"floor":4.0,"key":"EssenceOfSteel"},{"floor":12,"key":"Energy Potion"},{"floor":22,"key":"AttackPotion"},{"floor":24,"key":"SpeedPotion"},{"floor":33,"key":"FearPotion"}],"is_trial":false,"path_per_floor":["M","M","?","M","M","R","E","R","T","M","M","E","R","M","R","B",null,"M","$","M","$","M","R","E","M","T","R","E","R","?","E","R","B",null,"M","$","?","M","T","E","R","?","B"],"character_chosen":"IRONCLAD","items_purchased":["Paper Frog","Offering+1","Shovel","Spot Weakness+1"],"campfire_rested":5,"item_purchase_floors":[21,21,36,36],"current_hp_per_floor":[72,77,77,76,80,80,63,63,63,49,55,41,65,52,52,58,75,63,63,63,63,63,80,55,37,37,61,39,63,16,10,34,43,71,67,67,80,68,68,80,80,80,0],"gold":211,"neow_bonus":"THREE_CARDS","is_prod":false,"is_daily":false,"chose_seed":false,"campfire_upgraded":3,"win_rate":0,"timestamp":1560806152,"path_taken":["M","M","?","M","M","R","E","R","T","M","?","E","R","M","R","BOSS","M","$","M","$","M","R","E","M","T","R","E","R","?","E","R","BOSS","M","$","?","M","?","E","R","?","BOSS"],"build_version":"2019-01-23","purchased_purges":0,"victory":false,"max_hp_per_floor":[80,80,80,80,80,80,80,80,80,80,80,80,80,80,80,80,80,80,80,80,80,80,80,80,80,80,80,80,80,80,80,80,80,80,80,80,80,80,80,80,80,80,80],"card_choices":[{"not_picked":["Wild Strike","Rampage"],"picked":"Flame Barrier","floor":0.0},{"not_picked":["Pummel","Havoc"],"picked":"Shrug It Off","floor":1.0},{"not_picked":["Body Slam","Ghostly Armor"],"picked":"Twin Strike","floor":2.0},{"not_picked":["Clash","Searing Blow"],"picked":"Armaments","floor":4.0},{"not_picked":["Twin Strike","Blood for Blood"],"picked":"Infernal Blade","floor":5.0},{"not_picked":["Thunderclap","Disarm"],"picked":"Armaments","floor":7.0},{"not_picked":["Cleave","Shrug It Off+1"],"picked":"Demon Form","floor":10.0},{"not_picked":["Cleave","Disarm+1"],"picked":"Shockwave+1","floor":11.0},{"not_picked":["True Grit+1","Power Through+1"],"picked":"Seeing Red+1","floor":12},{"not_picked":["Shockwave+1","Sever Soul"],"picked":"Shrug It Off+1","floor":14},{"not_picked":["Limit Break+1","Demon Form"],"picked":"Offering+1","floor":16},{"not_picked":["Fire Breathing","True Grit+1"],"picked":"Shrug It Off+1","floor":18},{"not_picked":["Rampage+1","Combust"],"picked":"Thunderclap+1","floor":20},{"not_picked":["Rage+1","Second Wind+1"],"picked":"Shrug It Off+1","floor":22},{"not_picked":["Flex+1","Demon Form"],"picked":"Pummel+1","floor":24},{"not_picked":["Searing Blow","Havoc+1"],"picked":"Armaments+1","floor":25},{"not_picked":["Shockwave+1","Combust"],"picked":"Thunderclap","floor":28},{"not_picked":["Headbutt","Body Slam"],"picked":"Cleave","floor":30},{"not_picked":["Armaments+1","Clash"],"picked":"Reaper","floor":31},{"not_picked":["Fiend Fire","Berserk"],"picked":"Offering+1","floor":33},{"not_picked":["Perfected Strike+1","Armaments+1"],"picked":"Shrug It Off+1","floor":35},{"not_picked":["True Grit+1","Clothesline+1"],"picked":"Armaments+1","floor":37},{"not_picked":["Anger","Spot Weakness+1"],"picked":"Heavy Blade+1","floor":38},{"not_picked":["Flex+1","Body Slam"],"picked":"Pummel","floor":40}],"player_experience":823056,"relics_obtained":[{"floor":7.0,"key":"Whetstone"},{"floor":9.0,"key":"Toxic Egg 2"},{"floor":12,"key":"Mercury Hourglass"},{"floor":24,"key":"Bottled Tornado"},{"floor":26,"key":"The Courier"},{"floor":28,"key":"Pen Nib"},{"floor":30,"key":"Du-Vu Doll"},{"floor":30,"key":"Pantograph"},{"floor":31,"key":"Art of War"},{"floor":37,"key":"Charon\u0027s Ashes"},{"floor":39,"key":"War Paint"},{"floor":40,"key":"Sundial"},{"floor":41,"key":"Omamori"}],"event_choices":[{"damage_healed":0.0,"max_hp_gain":0.0,"max_hp_loss":0.0,"gold_gain":0.0,"cards_transformed":["Defend_R"],"event_name":"Transmorgrifier","player_choice":"Transformed","floor":3.0,"gold_loss":0.0,"damage_taken":0.0,"cards_obtained":["Bludgeon"]},{"damage_healed":0,"gold_gain":0,"player_choice":"Fight","damage_taken":0,"max_hp_gain":0,"max_hp_loss":0,"event_name":"Colosseum","floor":30,"gold_loss":0},{"damage_healed":0,"gold_gain":0,"player_choice":"Fought Nobs","damage_taken":0,"max_hp_gain":0,"max_hp_loss":0,"event_name":"Colosseum","floor":30,"gold_loss":0},{"damage_healed":0,"gold_gain":0,"player_choice":"Fight","damage_taken":0,"max_hp_gain":0,"max_hp_loss":0,"event_name":"MindBloom","floor":37,"gold_loss":0},{"damage_healed":0,"gold_gain":0,"player_choice":"Took Portal","damage_taken":0,"max_hp_gain":0,"max_hp_loss":0,"event_name":"SecretPortal","floor":42,"gold_loss":0}],"is_beta":false,"boss_relics":[{"not_picked":["Velvet Choker","Tiny House"],"picked":"Astrolabe"},{"not_picked":["Coffee Dripper","Eternal Feather"],"picked":"Pandora\u0027s Box"}],"items_purged_floors":[],"is_endless":false,"potions_floor_spawned":[1,4,10,12,22,24,25,30,33,37],"killed_by":"Donu and Deca","ascension_level":11}