{"gold_per_floor":[213,488,213,213,224,224,255,272,272,286,297,297],"floor_reached":12,"playtime":554,"items_purged":[],"score":100,"play_id":"f8deb6b2-0120-403b-9f99-c69ac4b65d49","local_time":"20180926224030","is_ascension_mode":true,"campfire_choices":[{"data":"Zap","floor":6,"key":"SMITH"}],"neow_cost":"NONE","seed_source_timestamp":1068701210877357,"circlet_count":0,"master_deck":["Strike_B","Strike_B","Strike_B","Strike_B","Defend_B","Defend_B","Defend_B","Defend_B","Zap+1","Dualcast","Redo","Regret","Static Discharge","Leap","Go for the Eyes","Force Field","Gash","Turbo","Skim"],"relics":["Cracked Core","Blood Vial","The Courier","Bag of Preparation"],"potions_floor_usage":[11,12],"damage_taken":[{"damage":0,"enemies":"Small Slimes","floor":1,"turns":2},{"damage":2,"enemies":"Cultist","floor":5,"turns":4},{"damage":39,"enemies":"Gremlin Nob","floor":7,"turns":5},{"damage":2,"enemies":"Jaw Worm","floor":8,"turns":3},{"damage":16,"enemies":"3 Louse","floor":10,"turns":4},{"damage":5,"enemies":"Blue Slaver","floor":11,"turns":3},{"damage":21,"enemies":"Lagavulin","floor":12,"turns":5}],"seed_played":"326732731196528449","potions_obtained":[{"floor":5,"key":"SneckoOil"},{"floor":8,"key":"AttackPotion"},{"floor":10,"key":"SpeedPotion"}],"is_trial":false,"path_per_floor":["M","?","$","?","M","R","E","M","T","M","M"],"character_chosen":"DEFECT","items_purchased":["Static Discharge","Leap","Blood Vial"],"campfire_rested":0,"item_purchase_floors":[3,3,3],"current_hp_per_floor":[75,75,75,75,73,73,36,36,36,22,19,0],"gold":297,"neow_bonus":"HUNDRED_GOLD","is_prod":false,"is_daily":false,"chose_seed":false,"campfire_upgraded":1,"win_rate":0,"timestamp":1538016030,"path_taken":["M","?","$","?","M","R","E","M","T","M","M","E"],"build_version":"2018-09-20","purchased_purges":0,"victory":false,"max_hp_per_floor":[75,75,75,75,75,75,75,75,75,75,75,75],"card_choices":[{"not_picked":["Cold Snap","Reprogram"],"picked":"Redo","floor":1},{"not_picked":["Hologram","Compile Driver"],"picked":"Go for the Eyes","floor":5},{"not_picked":["Aggregate","Heatsinks"],"picked":"Force Field","floor":7},{"not_picked":["Chaos","Barrage"],"picked":"Gash","floor":8},{"not_picked":["Tempest","Rebound"],"picked":"Turbo","floor":10},{"not_picked":["Hologram","Steam"],"picked":"Skim","floor":11}],"player_experience":194739,"relics_obtained":[{"floor":7,"key":"The Courier"},{"floor":9,"key":"Bag of Preparation"}],"event_choices":[{"event_name":"Golden Shrine","player_choice":"Desecrate","floor":2,"damage_taken":0},{"event_name":"Golden Wing","player_choice":"Ignored","floor":4,"damage_taken":0}],"is_beta":false,"boss_relics":[],"items_purged_floors":[],"is_endless":false,"potions_floor_spawned":[5,8,10],"killed_by":"Lagavulin","ascension_level":5}