{"gold_per_floor":[118,118,68,84,54,97,97,128,128,162,174,201,234,262,274,410,422,453,478,490,502,533,581,593,624,682,397,397,397,397,411,411,534,534,550,550,566,899,909,909],"floor_reached":40,"playtime":2982,"items_purged":["Regret"],"score":579,"play_id":"630618c7-0f46-426b-800c-95c23918cf1d","local_time":"20181227134418","is_ascension_mode":true,"campfire_choices":[{"data":"Armaments","floor":7,"key":"SMITH"},{"floor":11,"key":"REST"},{"floor":15,"key":"REST"},{"floor":24,"key":"REST"},{"data":"Demon Form","floor":29,"key":"SMITH"},{"data":"Offering","floor":32,"key":"SMITH"}],"neow_cost":"NONE","seed_source_timestamp":433950747184151,"circlet_count":0,"master_deck":["Strike_R","Strike_R","Strike_R","Strike_R","Strike_R","Defend_R","Defend_R","Defend_R","Defend_R","Bash","Juggernaut","Disarm","Armaments+1","Searing Blow","Whirlwind+1","Demon Form+1","Infernal Blade","Uppercut","Heavy Blade","Offering+1","True Grit","Shrug It Off","Metallicize+1","Reaper","Impervious","Warcry+1","Dual Wield+1"],"relics":["Burning Blood","Incense Burner","The Courier","Kunai","MawBank","Cursed Key","Peace Pipe","Bronze Scales","Chemical X","Eternal Feather"],"potions_floor_usage":[6,6,22,22,23,33,40,40],"damage_taken":[{"damage":6,"enemies":"2 Louse","floor":1,"turns":2},{"damage":0,"enemies":"Small Slimes","floor":4,"turns":3},{"damage":21,"enemies":"Lagavulin","floor":6,"turns":7},{"damage":33,"enemies":"3 Sentries","floor":8,"turns":7},{"damage":39,"enemies":"Gremlin Nob","floor":10,"turns":5},{"damage":1,"enemies":"Cultist","floor":12,"turns":3},{"damage":9,"enemies":"Looter","floor":13,"turns":3},{"damage":7,"enemies":"3 Louse","floor":14,"turns":2},{"damage":33,"enemies":"The Guardian","floor":16,"turns":10},{"damage":0,"enemies":"3 Byrds","floor":18,"turns":6},{"damage":29,"enemies":"Shell Parasite","floor":19,"turns":6},{"damage":24,"enemies":"Snake Plant","floor":22,"turns":4},{"damage":30,"enemies":"Book of Stabbing","floor":23,"turns":6},{"damage":1,"enemies":"Snecko","floor":25,"turns":4},{"damage":8,"enemies":"Shelled Parasite and Fungi","floor":31,"turns":5},{"damage":48,"enemies":"Automaton","floor":33,"turns":8},{"damage":17,"enemies":"3 Darklings","floor":35,"turns":2},{"damage":5,"enemies":"Orb Walker","floor":37,"turns":4},{"damage":26,"enemies":"Sphere and 2 Shapes","floor":39,"turns":4},{"damage":78,"enemies":"Reptomancer","floor":40,"turns":4}],"seed_played":"-8118247068067125473","potions_obtained":[{"floor":1,"key":"Energy Potion"},{"floor":5,"key":"FairyPotion"},{"floor":5,"key":"AttackPotion"},{"floor":10,"key":"Ancient Potion"},{"floor":13,"key":"Swift Potion"},{"floor":14,"key":"Weak Potion"},{"floor":22,"key":"Swift Potion"},{"floor":33,"key":"PowerPotion"}],"is_trial":false,"path_per_floor":["M","?","$","M","?","E","R","E","T","E","R","M","M","M","R","B",null,"M","M","$","?","M","E","R","M","T","$","?","R","?","M","R","B",null,"M","?","M","?","M","E"],"character_chosen":"IRONCLAD","items_purchased":["Armaments","Chemical X","FearPotion","PowerPotion"],"campfire_rested":3,"item_purchase_floors":[3,27,27,27],"current_hp_per_floor":[72,72,72,74,74,59,59,32,32,13,35,40,37,36,58,31,63,69,46,46,70,52,28,50,55,55,55,55,55,55,53,53,23,61,53,53,54,54,44,0],"gold":909,"neow_bonus":"ONE_RANDOM_RARE_CARD","is_prod":false,"is_daily":false,"chose_seed":false,"campfire_upgraded":3,"win_rate":0,"timestamp":1545947058,"path_taken":["M","?","$","M","?","E","R","E","T","E","R","M","M","?","R","BOSS","M","M","$","?","M","E","R","M","T","$","?","R","?","?","R","BOSS","M","?","?","?","M","E"],"build_version":"2018-12-20","purchased_purges":1,"victory":false,"max_hp_per_floor":[80,74,74,74,74,74,74,74,74,74,74,74,74,74,74,74,74,74,74,74,74,74,74,74,74,74,74,74,74,74,74,74,74,74,74,74,74,74,74,74],"card_choices":[{"not_picked":["Sword Boomerang","Reckless Charge"],"picked":"Disarm","floor":1},{"not_picked":["Warcry","Clash"],"picked":"Searing Blow","floor":4},{"not_picked":["Shockwave","Dropkick"],"picked":"Whirlwind","floor":6},{"not_picked":["Wild Strike","Disarm"],"picked":"Demon Form","floor":8},{"not_picked":["Flex","Exhume"],"picked":"Infernal Blade","floor":10},{"not_picked":["Flex","Second Wind"],"picked":"Uppercut","floor":12},{"not_picked":["Iron Wave","True Grit"],"picked":"Heavy Blade","floor":13},{"not_picked":["Pommel Strike","Twin Strike","Body Slam"],"picked":"SKIP","floor":14},{"not_picked":["Double Tap","Feed"],"picked":"Offering","floor":16},{"not_picked":["Body Slam","Sever Soul"],"picked":"True Grit","floor":18},{"not_picked":["Whirlwind","Armaments","Burning Pact"],"picked":"SKIP","floor":19},{"not_picked":["True Grit","Reckless Charge"],"picked":"Shrug It Off","floor":22},{"not_picked":["Cleave","Perfected Strike","True Grit"],"picked":"SKIP","floor":23},{"not_picked":["Evolve","Thunderclap"],"picked":"Metallicize+1","floor":25},{"not_picked":["Pummel","Flame Barrier"],"picked":"Reaper","floor":31},{"not_picked":["Exhume","Demon Form"],"picked":"Impervious","floor":33},{"not_picked":["Havoc","Anger","Sword Boomerang"],"picked":"SKIP","floor":35},{"not_picked":["Armaments","Wild Strike"],"picked":"Warcry+1","floor":37},{"not_picked":["Sword Boomerang","Cleave"],"picked":"Dual Wield+1","floor":39}],"player_experience":144090,"relics_obtained":[{"floor":6,"key":"Incense Burner"},{"floor":8,"key":"The Courier"},{"floor":9,"key":"Kunai"},{"floor":10,"key":"MawBank"},{"floor":23,"key":"Peace Pipe"},{"floor":26,"key":"Bronze Scales"}],"event_choices":[{"damage_healed":0,"gold_gain":0,"player_choice":"Lose Max HP","damage_taken":0,"relics_obtained":["Golden Idol"],"max_hp_gain":0,"max_hp_loss":6,"event_name":"Golden Idol","floor":2,"gold_loss":0},{"damage_healed":0,"gold_gain":0,"player_choice":"Bought 2 Potions","damage_taken":0,"max_hp_gain":0,"max_hp_loss":0,"event_name":"The Woman in Blue","floor":5,"gold_loss":0},{"damage_healed":24,"gold_gain":0,"player_choice":"Heal","damage_taken":0,"max_hp_gain":0,"max_hp_loss":0,"event_name":"The Library","floor":21,"gold_loss":0},{"damage_healed":0,"gold_gain":0,"player_choice":"Ignored","damage_taken":0,"max_hp_gain":0,"max_hp_loss":0,"event_name":"Vampires","floor":28,"gold_loss":0},{"damage_healed":0,"gold_gain":0,"player_choice":"Upgraded","damage_taken":0,"max_hp_gain":0,"max_hp_loss":0,"event_name":"Upgrade Shrine","floor":30,"gold_loss":0,"cards_upgraded":["Whirlwind"]},{"damage_healed":0,"gold_gain":0,"player_choice":"Got Potions","damage_taken":0,"max_hp_gain":0,"max_hp_loss":0,"event_name":"Lab","floor":36,"gold_loss":0},{"damage_healed":0,"gold_gain":333,"player_choice":"Gave Idol","damage_taken":0,"max_hp_gain":0,"max_hp_loss":0,"event_name":"The Moai Head","floor":38,"relics_lost":["Golden Idol"],"gold_loss":0}],"is_beta":false,"boss_relics":[{"not_picked":["Busted Crown","White Beast Statue"],"picked":"Cursed Key"},{"not_picked":["Pandora\u0027s Box","Velvet Choker"],"picked":"Eternal Feather"}],"items_purged_floors":[27],"is_endless":false,"potions_floor_spawned":[1,10,13,14,22,31,33,37],"killed_by":"Reptomancer","ascension_level":6}