{"gold_per_floor":[113,113,123,143,143,143,156,156,156,156,156,1,20,55,55,160,160,174,22,22,39,39,39],"floor_reached":23,"playtime":1078,"items_purged":["Spreading Infection"],"score":289,"play_id":"5637fef4-de00-472c-8728-4dd3b35080ff","local_time":"20190129174635","is_ascension_mode":false,"campfire_choices":[{"floor":6,"key":"RECALL"},{"floor":10,"key":"REST"},{"data":"Buffer","floor":15,"key":"SMITH"}],"neow_cost":"","seed_source_timestamp":2093193139349810,"circlet_count":0,"master_deck":["Strike_B","Strike_B","Strike_B","Strike_B","Defend_B","Defend_B","Defend_B","Zap","Dualcast","strawberrySpire:NeonFlight","Redo","Swift Strike","FTL","Conserve Battery","strawberrySpire:SearchEngine","Go for the Eyes","Buffer+1","Redo","Glacier","Creative AI","Defragment","strawberrySpire:DataDump","Pot Of Greed","Pot Of Greed","Pot Of Greed","Steam Power"],"relics":["Cracked Core","Garlic","infinitespire:Lucky Rock","Peace Pipe","Replay_Grab Bag","strawberrySpire:RottenAvocado","Calling Bell","ReplayTheSpireMod:TigerMarble","infinitespire:WardingShard","strawberrySpire:ThornyGelberry","ReplayTheSpireMod:CursedCoin","infinitespire:Beetle Shell","Grinning Jar","theJungle:SpiritDisease"],"potions_floor_usage":[16,21,21],"damage_taken":[{"damage":0,"enemies":"2 Louse","floor":1,"turns":1},{"damage":0,"enemies":"Cultist","floor":3,"turns":2},{"damage":2,"enemies":"Small Slimes","floor":4,"turns":2},{"damage":3,"enemies":"2 Fungi Beasts","floor":7,"turns":3},{"damage":3,"enemies":"Exordium Wildlife","floor":13,"turns":4},{"damage":23,"enemies":"Gremlin Nob","floor":14,"turns":5},{"damage":7,"enemies":"Slime Boss","floor":16,"turns":11},{"damage":0,"enemies":"theJungle:Flameango_and_Byrd","floor":18,"turns":5},{"damage":4,"enemies":"theJungle:MUSHROOMGANG","floor":21,"turns":5},{"damage":58,"enemies":"Nightmare","floor":23,"turns":8}],"seed_played":"-7899497263889670679","potions_obtained":[{"floor":5,"key":"SneckoOil"},{"floor":5,"key":"Flashbang"},{"floor":5,"key":"FearPotion"},{"floor":7,"key":"Energy Potion"},{"floor":14,"key":"infinitespire:BlackPotion"},{"floor":16,"key":"Poison Potion"},{"floor":18,"key":"PowerPotion"}],"is_trial":false,"path_per_floor":["M","?","M","M","?","R","M","?","T","R","?","$","M","E","R","B",null,"M","$","?","M","?","NM"],"character_chosen":"DEFECT","items_purchased":["strawberrySpire:NeonFlight","infinitespire:Lucky Rock","ReplayTheSpireMod:CursedCoin","infinitespire:Beetle Shell","strawberrySpire:DataDump","Grinning Jar"],"campfire_rested":1,"item_purchase_floors":[0,12,19,19,19,19],"current_hp_per_floor":[75,75,75,73,73,73,70,45,45,67,67,67,64,41,41,34,75,74,73,72,67,53,0],"gold":39,"neow_bonus":"","is_prod":false,"is_daily":false,"chose_seed":false,"campfire_upgraded":1,"win_rate":0,"timestamp":1548801995,"path_taken":["M","?","?","M","?","R","?","?","T","R","?","$","M","E","R","BOSS","M","$","?","M","?","NM"],"build_version":"2019-01-23","purchased_purges":1,"victory":false,"max_hp_per_floor":[75,75,75,75,75,75,75,75,75,75,75,75,75,75,75,75,75,74,73,72,71,70,69],"card_choices":[{"not_picked":["Blizzard","Panic Button"],"picked":"Redo","floor":1},{"not_picked":["Leap","Compile Driver"],"picked":"Conserve Battery","floor":3},{"not_picked":["Sweeping Beam","strawberrySpire:NeonFlight"],"picked":"strawberrySpire:SearchEngine","floor":4},{"not_picked":["Rebound","Fusion"],"picked":"Go for the Eyes","floor":7},{"not_picked":["Panic Button","Compile Driver"],"picked":"Redo","floor":13},{"not_picked":["Time Bomb","Coolheaded"],"picked":"Glacier","floor":14},{"not_picked":["strawberrySpire:AnotherWinter","Seek"],"picked":"Creative AI","floor":16},{"not_picked":["Coolheaded+1","All For One"],"picked":"Defragment","floor":18},{"not_picked":["Rebound","Coolheaded"],"picked":"Steam Power","floor":21}],"player_experience":374347,"relics_obtained":[{"floor":14,"key":"Peace Pipe"},{"floor":17,"key":"ReplayTheSpireMod:TigerMarble"},{"floor":17,"key":"infinitespire:WardingShard"},{"floor":17,"key":"strawberrySpire:ThornyGelberry"}],"event_choices":[{"damage_healed":0,"gold_gain":0,"player_choice":"2 cards matched","damage_taken":0,"max_hp_gain":0,"max_hp_loss":0,"event_name":"Match and Keep!","floor":2,"gold_loss":0,"cards_obtained":["Swift Strike","FTL"]},{"damage_healed":0,"gold_gain":0,"player_choice":"Got Potions","damage_taken":0,"max_hp_gain":0,"max_hp_loss":0,"event_name":"Lab","floor":5,"gold_loss":0},{"damage_healed":0,"gold_gain":0,"player_choice":"Success","damage_taken":25,"relics_obtained":["Garlic"],"max_hp_gain":0,"max_hp_loss":0,"event_name":"Scrap Ooze","floor":8,"gold_loss":0},{"damage_healed":0,"gold_gain":0,"cards_transformed":["Defend_B"],"player_choice":"Change","damage_taken":0,"max_hp_gain":0,"max_hp_loss":0,"event_name":"Living Wall","floor":11,"gold_loss":0,"cards_obtained":["Buffer"]}],"is_beta":false,"boss_relics":[{"not_picked":["FrozenCore","ReplayTheSpireMod:Onyx Gauntlets"],"picked":"Replay_Grab Bag"},{"not_picked":["Runic Dome","Coffee Dripper"],"picked":"strawberrySpire:RottenAvocado"},{"not_picked":["ReplayTheSpireMod:SealedPack","Black Star"],"picked":"Calling Bell"}],"items_purged_floors":[19],"is_endless":false,"potions_floor_spawned":[7,14,16,18],"killed_by":"Nightmare","ascension_level":0}