{"gold_per_floor":[114,127,147,163,238,238,26,56,81,46,46,65,65,85,85,163,163,182,182,194,5,24,24,41,41,67,67,94,108,108,30,30,103,103,113,113,129,139,151,178,178,249,272,306,306,2,2,2,2,2],"floor_reached":51,"playtime":4565,"items_purged":["Injury","Strike_B"],"score":1230,"play_id":"94ac8c56-5eff-41bc-a9f2-fa2a31379ded","local_time":"20181222164602","is_ascension_mode":true,"campfire_choices":[{"data":"Genetic Algorithm","floor":6,"key":"SMITH"},{"data":"Defragment","floor":11,"key":"SMITH"},{"data":"Zap","floor":13,"key":"SMITH"},{"data":"Genetic Algorithm","floor":15,"key":"SMITH"},{"data":"Chaos","floor":23,"key":"SMITH"},{"data":"Capacitor","floor":25,"key":"SMITH"},{"data":"Barrage","floor":32,"key":"SMITH"},{"data":"Creative AI","floor":41,"key":"SMITH"},{"floor":49,"key":"REST"}],"neow_cost":"CURSE","seed_source_timestamp":947222995667,"circlet_count":0,"master_deck":["AscendersBane","Strike_B+1","Strike_B+1","Strike_B+1","Defend_B+1","Defend_B+1","Defend_B+1","Defend_B+1","Zap+1","Dualcast","Genetic Algorithm+1","Melter","FTL","Gash","Defragment+1","Cold Snap","Leap","Genetic Algorithm+1","Electrodynamics","Chaos+1","Self Repair","Capacitor+1","Go for the Eyes+1","Barrage+1","Creative AI+1","Coolheaded","All For One","Skim+1","Loop+1","Hologram+1","Defragment+1","Capacitor"],"relics":["FrozenCore","Bird Faced Urn","Tiny Chest","Happy Flower","Bag of Marbles","Nuclear Battery","Pear","Centennial Puzzle","Ancient Tea Set","DollysMirror"],"potions_floor_usage":[16,20,29,33,38,39,50],"damage_taken":[{"damage":10,"enemies":"2 Louse","floor":1,"turns":2},{"damage":13,"enemies":"Jaw Worm","floor":2,"turns":4},{"damage":2,"enemies":"Small Slimes","floor":3,"turns":4},{"damage":3,"enemies":"Blue Slaver","floor":4,"turns":3},{"damage":7,"enemies":"Large Slime","floor":12,"turns":7},{"damage":1,"enemies":"Looter","floor":14,"turns":3},{"damage":15,"enemies":"The Guardian","floor":16,"turns":11},{"damage":4,"enemies":"3 Byrds","floor":18,"turns":4},{"damage":1,"enemies":"2 Thieves","floor":20,"turns":3},{"damage":3,"enemies":"Sentry and Sphere","floor":22,"turns":5},{"damage":9,"enemies":"Shelled Parasite and Fungi","floor":24,"turns":8},{"damage":4,"enemies":"Book of Stabbing","floor":28,"turns":7},{"damage":3,"enemies":"3 Cultists","floor":29,"turns":5},{"damage":38,"enemies":"Automaton","floor":33,"turns":12},{"damage":13,"enemies":"3 Darklings","floor":35,"turns":5},{"damage":24,"enemies":"Orb Walker","floor":37,"turns":6},{"damage":9,"enemies":"Maw","floor":38,"turns":9},{"damage":9,"enemies":"3 Darklings","floor":39,"turns":5},{"damage":35,"enemies":"Nemesis","floor":40,"turns":7},{"damage":33,"enemies":"Giant Head","floor":44,"turns":11},{"damage":74,"enemies":"Donu and Deca","floor":50,"turns":12}],"seed_played":"-1954191226891814036","potions_obtained":[{"floor":2,"key":"AttackPotion"},{"floor":4,"key":"Strength Potion"},{"floor":12,"key":"Block Potion"},{"floor":22,"key":"Swift Potion"},{"floor":28,"key":"Ancient Potion"},{"floor":29,"key":"GamblersBrew"},{"floor":37,"key":"LiquidBronze"},{"floor":38,"key":"SkillPotion"},{"floor":39,"key":"SteroidPotion"}],"is_trial":false,"path_per_floor":["M","M","M","M","?","R","$","?","T","?","R","M","R","M","R","B",null,"M","?","M","$","M","R","M","R","T","?","E","M","?","$","R","B",null,"M","?","M","M","M","E","R","T","T","E","$","$","?","?","R","B",null],"character_chosen":"DEFECT","items_purchased":["Defragment","Cold Snap","Self Repair","FocusPotion","DollysMirror","Capacitor"],"campfire_rested":1,"item_purchase_floors":[7,7,21,31,46,46],"current_hp_per_floor":[54,41,39,36,25,25,25,25,25,42,42,37,37,38,38,25,60,60,40,43,43,51,51,57,57,57,57,68,71,71,71,71,45,68,65,65,66,76,76,54,54,64,64,68,68,68,68,68,82,39],"gold":2,"neow_bonus":"ONE_RARE_RELIC","is_prod":false,"is_daily":false,"chose_seed":false,"campfire_upgraded":8,"win_rate":0,"timestamp":1545507962,"path_taken":["M","M","M","M","?","R","$","?","T","?","R","M","R","M","R","BOSS","M","?","M","$","M","R","M","R","T","?","E","M","?","?","R","BOSS","M","?","M","?","M","E","R","?","T","E","?","$","?","?","R","BOSS"],"build_version":"2018-12-20","purchased_purges":2,"victory":true,"max_hp_per_floor":[71,71,71,71,71,71,71,71,71,71,71,71,71,71,71,71,71,71,76,76,76,76,76,76,76,76,76,76,76,76,76,76,76,76,76,76,76,76,76,76,76,86,86,86,86,86,82,82,82,82],"card_choices":[{"not_picked":["Compile Driver","Hologram"],"picked":"Genetic Algorithm","floor":1},{"not_picked":["Steam","Hello World"],"picked":"Melter","floor":2},{"not_picked":["Compile Driver","Gash"],"picked":"FTL","floor":3},{"not_picked":["Machine Learning","Darkness"],"picked":"Gash","floor":4},{"not_picked":["Hologram","Compile Driver"],"picked":"Leap","floor":12},{"not_picked":["FTL","Recycle"],"picked":"Genetic Algorithm","floor":14},{"not_picked":["Multi-Cast","Seek"],"picked":"Electrodynamics","floor":16},{"not_picked":["Leap","Sweeping Beam+1"],"picked":"Chaos","floor":18},{"not_picked":["Auto Shields","Rip and Tear+1","Lockon"],"picked":"SKIP","floor":20},{"not_picked":["Hologram","Conserve Battery"],"picked":"Capacitor","floor":22},{"not_picked":["Aggregate","Leap+1"],"picked":"Go for the Eyes+1","floor":24},{"not_picked":["Reinforced Body","Stack","Ball Lightning"],"picked":"SKIP","floor":28},{"not_picked":["Streamline","Steam"],"picked":"Barrage","floor":29},{"not_picked":["All For One","Machine Learning"],"picked":"Creative AI","floor":33},{"not_picked":["Streamline","Rip and Tear+1"],"picked":"Coolheaded","floor":35},{"not_picked":["Rip and Tear","Leap"],"picked":"Skim+1","floor":37},{"not_picked":["Reboot","Turbo"],"picked":"Loop+1","floor":38},{"not_picked":["Lockon+1","Reprogram","Barrage"],"picked":"SKIP","floor":39},{"not_picked":["Steam+1","Storm"],"picked":"Hologram+1","floor":40},{"not_picked":["Conserve Battery+1","Hologram","Hello World+1"],"picked":"SKIP","floor":44}],"player_experience":601670,"relics_obtained":[{"floor":9,"key":"Happy Flower"},{"floor":26,"key":"Bag of Marbles"},{"floor":42,"key":"Pear"},{"floor":43,"key":"Centennial Puzzle"},{"floor":44,"key":"Ancient Tea Set"}],"event_choices":[{"damage_healed":0,"gold_gain":75,"player_choice":"Gather Gold","damage_taken":11,"max_hp_gain":0,"max_hp_loss":0,"event_name":"World of Goop","floor":5,"gold_loss":0},{"damage_healed":0,"gold_gain":0,"player_choice":"Searched \u00271\u0027 times","damage_taken":0,"relics_obtained":["Tiny Chest"],"max_hp_gain":0,"max_hp_loss":0,"event_name":"Dead Adventurer","floor":8,"gold_loss":0},{"damage_healed":17,"gold_gain":0,"player_choice":"Healed","damage_taken":0,"max_hp_gain":0,"max_hp_loss":0,"event_name":"The Cleric","floor":10,"gold_loss":35},{"damage_healed":0,"gold_gain":0,"player_choice":"Shed Blood","damage_taken":25,"max_hp_gain":5,"max_hp_loss":0,"event_name":"Forgotten Altar","floor":19,"gold_loss":0},{"damage_healed":0,"gold_gain":0,"player_choice":"Simplicity","damage_taken":0,"max_hp_gain":0,"max_hp_loss":0,"event_name":"Back to Basics","floor":27,"gold_loss":0,"cards_upgraded":["Strike_B","Strike_B","Strike_B","Defend_B","Defend_B","Defend_B","Defend_B"]},{"damage_healed":0,"gold_gain":0,"player_choice":"Ignored","damage_taken":0,"max_hp_gain":0,"max_hp_loss":0,"event_name":"The Mausoleum","floor":30,"gold_loss":0},{"damage_healed":0,"gold_gain":0,"player_choice":"1 cards matched","damage_taken":0,"max_hp_gain":0,"max_hp_loss":0,"event_name":"Match and Keep!","floor":36,"gold_loss":0,"cards_obtained":["All For One"]},{"damage_healed":0,"gold_gain":0,"player_choice":"Max HP","damage_taken":0,"max_hp_gain":0,"max_hp_loss":4,"event_name":"Winding Halls","floor":47,"gold_loss":0},{"damage_healed":0,"gold_gain":0,"player_choice":"Ignored","damage_taken":0,"max_hp_gain":0,"max_hp_loss":0,"event_name":"Mysterious Sphere","floor":48,"gold_loss":0}],"is_beta":false,"boss_relics":[{"not_picked":["Empty Cage","Orrery"],"picked":"FrozenCore"},{"not_picked":["Tiny House","Coffee Dripper"],"picked":"Nuclear Battery"}],"items_purged_floors":[7,21],"is_endless":false,"potions_floor_spawned":[2,4,12,22,28,29,37,38,39],"ascension_level":17}