{"gold_per_floor":[116,116,128,139,70,103,121,137,137,86,144,144,163,178,178,277,277,290,290,304,370,382,457,53,103,103,103,115,127,102,132,132,132],"floor_reached":33,"playtime":2212,"items_purged":[],"score":271,"play_id":"fedef0ba-ba9e-4161-866c-744bfa5ce92b","local_time":"20190115163149","is_ascension_mode":false,"campfire_choices":[{"floor":12,"key":"REST"},{"data":"Bash","floor":15,"key":"SMITH"},{"floor":27,"key":"REST"},{"floor":32,"key":"REST"}],"neow_cost":"NONE","seed_source_timestamp":563161058821158,"circlet_count":0,"master_deck":["Strike_R","Strike_R","Strike_R","Strike_R","Strike_R","Defend_R","Defend_R","Defend_R","Defend_R","Bash+1","Sword Boomerang","Pommel Strike","Rampage","Bloodletting","Iron Wave","Infernal Blade","Iron Wave+1","Dropkick+1","Inflame","Inflame","Reaper+1","Perfected Strike+1","Rampage+1","Heavy Blade+1","Perfected Strike+1","Battle Trance+1","Searing Blow+1","Sword Boomerang+1","Pommel Strike+1","Perfected Strike+1","Clothesline+1"],"relics":["Burning Blood","Mercury Hourglass","Pantograph","Molten Egg 2","Incense Burner","Runic Pyramid","SsserpentHead","Red Mask","Torii","Bottled Flame","PreservedInsect"],"potions_floor_usage":[11,16,23,29,31],"damage_taken":[{"damage":9,"enemies":"Cultist","floor":1,"turns":4},{"damage":8,"enemies":"Small Slimes","floor":3,"turns":3},{"damage":3,"enemies":"Jaw Worm","floor":4,"turns":3},{"damage":28,"enemies":"Gremlin Nob","floor":6,"turns":4},{"damage":5,"enemies":"3 Louse","floor":7,"turns":2},{"damage":6,"enemies":"Lots of Slimes","floor":8,"turns":3},{"damage":21,"enemies":"Lagavulin Event","floor":11,"turns":5},{"damage":6,"enemies":"2 Fungi Beasts","floor":13,"turns":2},{"damage":10,"enemies":"Exordium Wildlife","floor":14,"turns":2},{"damage":32,"enemies":"The Guardian","floor":16,"turns":7},{"damage":10,"enemies":"Shell Parasite","floor":18,"turns":3},{"damage":25,"enemies":"Spheric Guardian","floor":20,"turns":4},{"damage":22,"enemies":"Snake Plant","floor":21,"turns":3},{"damage":36,"enemies":"Shelled Parasite and Fungi","floor":22,"turns":4},{"damage":54,"enemies":"Masked Bandits","floor":23,"turns":4},{"damage":18,"enemies":"Centurion and Healer","floor":28,"turns":5},{"damage":3,"enemies":"Snake Plant","floor":29,"turns":2},{"damage":53,"enemies":"Slavers","floor":31,"turns":5},{"damage":104,"enemies":"Collector","floor":33,"turns":5}],"seed_played":"5269690486759991835","potions_obtained":[{"floor":7,"key":"SkillPotion"},{"floor":8,"key":"Weak Potion"},{"floor":13,"key":"Strength Potion"},{"floor":14,"key":"PowerPotion"},{"floor":18,"key":"FairyPotion"},{"floor":23,"key":"AttackPotion"},{"floor":28,"key":"SteroidPotion"}],"is_trial":false,"path_per_floor":["M","T","M","M","$","E","M","M","T","$","?","R","M","M","R","B",null,"M","?","M","M","M","?","$","?","T","R","M","M","?","E","R","B"],"character_chosen":"IRONCLAD","items_purchased":["Rampage","Iron Wave+1","Torii","Searing Blow+1","Sword Boomerang+1"],"campfire_rested":3,"item_purchase_floors":[5,10,24,24,24],"current_hp_per_floor":[85,85,83,86,86,64,65,65,65,65,50,76,76,72,72,62,88,84,84,65,56,36,9,9,9,9,35,33,36,36,14,40,0],"gold":132,"neow_bonus":"TEN_PERCENT_HP_BONUS","is_prod":false,"is_daily":false,"chose_seed":false,"campfire_upgraded":1,"win_rate":0.0,"timestamp":1547587909,"path_taken":["M","?","M","M","$","E","M","M","T","$","?","R","?","M","R","BOSS","M","?","M","?","M","?","$","?","T","R","M","M","?","E","R","BOSS"],"build_version":"2019-01-10","purchased_purges":0,"victory":false,"max_hp_per_floor":[88,88,88,88,88,88,88,88,88,88,88,88,88,88,88,88,88,88,88,88,88,88,88,88,88,88,88,88,88,88,88,88,88],"card_choices":[{"not_picked":["Clash","Hemokinesis"],"picked":"Sword Boomerang","floor":1},{"not_picked":["Cleave","Thunderclap"],"picked":"Pommel Strike","floor":3},{"not_picked":["Shockwave","Bloodletting"],"picked":"Searing Blow","floor":4},{"not_picked":["Second Wind","Flame Barrier"],"picked":"Bloodletting","floor":6},{"not_picked":["Thunderclap","Warcry"],"picked":"Iron Wave","floor":7},{"not_picked":["Bloodletting","Ghostly Armor"],"picked":"Infernal Blade","floor":8},{"not_picked":["True Grit","Seeing Red"],"picked":"Dropkick+1","floor":11},{"not_picked":["Body Slam+1","Corruption"],"picked":"Inflame","floor":13},{"not_picked":["Blood for Blood+1","Seeing Red"],"picked":"Inflame","floor":14},{"not_picked":["Offering","Dark Embrace"],"picked":"Reaper+1","floor":16},{"not_picked":["Spot Weakness+1","Armaments"],"picked":"Perfected Strike+1","floor":18},{"not_picked":["Anger+1","Metallicize"],"picked":"Rampage+1","floor":20},{"not_picked":["Infernal Blade","Reckless Charge+1"],"picked":"Heavy Blade+1","floor":21},{"not_picked":["Iron Wave+1","Thunderclap+1"],"picked":"Perfected Strike+1","floor":22},{"not_picked":["Flame Barrier","Intimidate"],"picked":"Battle Trance+1","floor":23},{"not_picked":["Iron Wave+1","Warcry+1"],"picked":"Pommel Strike+1","floor":28},{"not_picked":["Dropkick+1","Thunderclap+1"],"picked":"Perfected Strike+1","floor":29},{"not_picked":["Berserk","Twin Strike+1"],"picked":"Clothesline+1","floor":31}],"player_experience":18946,"relics_obtained":[{"floor":2,"key":"Mercury Hourglass"},{"floor":6,"key":"Pantograph"},{"floor":9,"key":"Molten Egg 2"},{"floor":11,"key":"Incense Burner"},{"floor":23,"key":"Red Mask"},{"floor":26,"key":"Bottled Flame"},{"floor":31,"key":"PreservedInsect"}],"event_choices":[{"damage_healed":0,"gold_gain":0,"player_choice":"Searched \u00272\u0027 times","damage_taken":0,"max_hp_gain":0,"max_hp_loss":0,"event_name":"Dead Adventurer","floor":11,"gold_loss":0},{"damage_healed":0,"gold_gain":0,"player_choice":"Trade","damage_taken":0,"relics_obtained":["SsserpentHead"],"max_hp_gain":0,"max_hp_loss":0,"event_name":"FaceTrader","floor":19,"gold_loss":0},{"damage_healed":0,"gold_gain":0,"player_choice":"Fought Bandits","damage_taken":0,"max_hp_gain":0,"max_hp_loss":0,"event_name":"Masked Bandits","floor":23,"gold_loss":0},{"damage_healed":0,"gold_gain":0,"player_choice":"Ignored","damage_taken":0,"max_hp_gain":0,"max_hp_loss":0,"event_name":"Ghosts","floor":25,"gold_loss":0},{"cards_removed":["Searing Blow"],"damage_healed":0,"gold_gain":0,"player_choice":"Gave Gold","damage_taken":0,"max_hp_gain":0,"max_hp_loss":0,"event_name":"Beggar","floor":30,"gold_loss":75}],"is_beta":false,"boss_relics":[{"not_picked":["Snecko Eye","Lizard Tail"],"picked":"Runic Pyramid"}],"items_purged_floors":[],"is_endless":false,"potions_floor_spawned":[7,8,13,14,18,23,28],"killed_by":"Collector","ascension_level":0}