{"gold_per_floor":[115,190,190,205,1,1,11,22,22,54,73,90,90,131,131,251,251,244,262,262],"floor_reached":20,"playtime":1140,"items_purged":[],"score":300,"play_id":"5d4aa952-4454-4815-ab75-5127d6efe691","local_time":"20190330135631","is_ascension_mode":true,"campfire_choices":[{"data":"Biased Cognition","floor":6,"key":"SMITH"},{"floor":15,"key":"REST"}],"neow_cost":"NONE","seed_source_timestamp":1457025859434073,"circlet_count":0,"master_deck":["Strike_B","Strike_B","Strike_B","Strike_B","Defend_B","Defend_B","Defend_B","Defend_B","Zap","Dualcast","Hello World","Reinforced Body","Biased Cognition+1","Go for the Eyes","Defragment","Cold Snap","White Noise","Chill","Injury","Coolheaded","Buffer","Defragment","Force Field","Defragment","Genetic Algorithm","Auto Shields+1","BootSequence"],"relics":["Cracked Core","Letter Opener","StoneCalendar","Golden Idol","WingedGreaves","Orrery"],"potions_floor_usage":[16,16,20],"damage_taken":[{"damage":7,"enemies":"Jaw Worm","floor":1,"turns":2},{"damage":0,"enemies":"Small Slimes","floor":4,"turns":3},{"damage":0,"enemies":"Cultist","floor":7,"turns":2},{"damage":2,"enemies":"2 Fungi Beasts","floor":8,"turns":4},{"damage":0,"enemies":"Lagavulin","floor":10,"turns":6},{"damage":4,"enemies":"Looter","floor":11,"turns":3},{"damage":11,"enemies":"Large Slime","floor":12,"turns":4},{"damage":12,"enemies":"Gremlin Nob","floor":14,"turns":4},{"damage":0,"enemies":"The Guardian","floor":16,"turns":11},{"damage":13,"enemies":"2 Thieves","floor":18,"turns":4},{"damage":22,"enemies":"Shell Parasite","floor":19,"turns":7},{"damage":9,"enemies":"Colosseum Slavers","floor":20,"turns":6},{"damage":55,"enemies":"Colosseum Nobs","floor":20,"turns":6}],"seed_played":"3521797103684282605","potions_obtained":[{"floor":8,"key":"Poison Potion"},{"floor":12,"key":"FocusPotion"},{"floor":16,"key":"Poison Potion"},{"floor":19,"key":"LiquidBronze"}],"is_trial":false,"path_per_floor":["M","?","?","M","$","R","M","M","T","E","M","M","?","E","R","B",null,"M","M","?"],"character_chosen":"DEFECT","items_purchased":["Biased Cognition","Go for the Eyes"],"campfire_rested":1,"item_purchase_floors":[5,5],"current_hp_per_floor":[68,57,57,57,57,57,57,55,55,55,51,40,40,28,50,50,75,62,40,0],"gold":262,"neow_bonus":"ONE_RANDOM_RARE_CARD","is_prod":false,"is_daily":false,"chose_seed":false,"campfire_upgraded":1,"win_rate":0,"timestamp":1553968591,"path_taken":["M","?","?","M","$","R","M","M","T","E","?","M","?","E","R","BOSS","M","M","?"],"build_version":"2019-01-23","purchased_purges":0,"victory":false,"max_hp_per_floor":[75,75,75,75,75,75,75,75,75,75,75,75,75,75,75,75,75,75,75,75],"card_choices":[{"not_picked":["Barrage","Reprogram"],"picked":"Hello World","floor":1},{"not_picked":["Scrape","Turbo"],"picked":"Reinforced Body","floor":4},{"not_picked":["Storm","White Noise"],"picked":"Defragment","floor":7},{"not_picked":["Fusion","Conserve Battery"],"picked":"Cold Snap","floor":8},{"not_picked":["Beam Cell","Turbo","Amplify"],"picked":"SKIP","floor":10},{"not_picked":["Steam Power","Leap"],"picked":"White Noise","floor":11},{"not_picked":["Auto Shields","Streamline"],"picked":"Chill","floor":12},{"not_picked":["Undo","Recycle"],"picked":"Coolheaded","floor":14},{"not_picked":["Hyperbeam","Thunder Strike"],"picked":"Buffer","floor":16},{"not_picked":["Melter","Redo"],"picked":"Defragment","floor":17},{"not_picked":["Stack","Beam Cell"],"picked":"Force Field","floor":17},{"not_picked":["BootSequence","Coolheaded"],"picked":"Defragment","floor":17},{"not_picked":["Stack","Rebound"],"picked":"Genetic Algorithm","floor":17},{"not_picked":["Doom and Gloom","Meteor Strike"],"picked":"Auto Shields+1","floor":18},{"not_picked":["Genetic Algorithm","Aggregate"],"picked":"BootSequence","floor":19}],"player_experience":433681,"relics_obtained":[{"floor":9,"key":"Letter Opener"},{"floor":10,"key":"StoneCalendar"},{"floor":14,"key":"WingedGreaves"}],"event_choices":[{"damage_healed":0,"gold_gain":75,"player_choice":"Gather Gold","damage_taken":11,"max_hp_gain":0,"max_hp_loss":0,"event_name":"World of Goop","floor":2,"gold_loss":0},{"cards_removed":["Meteor Strike"],"damage_healed":0,"gold_gain":0,"player_choice":"Purged","damage_taken":0,"max_hp_gain":0,"max_hp_loss":0,"event_name":"Purifier","floor":3,"gold_loss":0},{"damage_healed":0,"gold_gain":0,"player_choice":"Take Wound","damage_taken":0,"relics_obtained":["Golden Idol"],"max_hp_gain":0,"max_hp_loss":0,"event_name":"Golden Idol","floor":13,"gold_loss":0,"cards_obtained":["Injury"]},{"damage_healed":0,"gold_gain":0,"player_choice":"Fight","damage_taken":0,"max_hp_gain":0,"max_hp_loss":0,"event_name":"Colosseum","floor":20,"gold_loss":0},{"damage_healed":0,"gold_gain":0,"player_choice":"Fought Nobs","damage_taken":0,"max_hp_gain":0,"max_hp_loss":0,"event_name":"Colosseum","floor":20,"gold_loss":0}],"is_beta":false,"boss_relics":[{"not_picked":["Black Star","Lizard Tail"],"picked":"Orrery"}],"items_purged_floors":[],"is_endless":false,"potions_floor_spawned":[8,12,16,19,20],"killed_by":"Colosseum Nobs","ascension_level":3}