{"gold_per_floor":[118,130,205,215,233,262,281,281,281,281,300,335,355,355,355,453,453,465,465,50,68,80,80],"floor_reached":23,"playtime":841,"items_purged":[],"score":246,"play_id":"c4db01c2-674f-4b99-9618-e6279a53dac3","local_time":"20181201231306","is_ascension_mode":true,"campfire_choices":[{"floor":8,"key":"REST"},{"floor":10,"key":"REST"},{"floor":15,"key":"REST"}],"neow_cost":"NONE","seed_source_timestamp":5459945345812636,"circlet_count":0,"master_deck":["Strike_B","Strike_B","Strike_B","Defend_B","Defend_B","Defend_B","Zap","Dualcast","Madness","Conserve Battery","Streamline","BootSequence","Conserve Battery","FTL","Doom and Gloom","Conserve Battery","Sweeping Beam","Core Surge","Electrodynamics+1","Blizzard+1","Core Surge+1","Ball Lightning","Hello World","Rip and Tear","Defragment+1","Core Surge"],"relics":["Cracked Core","Sundial","Girya","Mango","Incense Burner","Astrolabe","Boot","Pen Nib"],"potions_floor_usage":[16,16,23,23,23],"damage_taken":[{"damage":1,"enemies":"Cultist","floor":1,"turns":3},{"damage":7,"enemies":"2 Louse","floor":2,"turns":2},{"damage":0,"enemies":"Jaw Worm","floor":4,"turns":2},{"damage":9,"enemies":"Blue Slaver","floor":5,"turns":3},{"damage":34,"enemies":"3 Sentries","floor":6,"turns":9},{"damage":2,"enemies":"2 Fungi Beasts","floor":7,"turns":3},{"damage":5,"enemies":"Lots of Slimes","floor":11,"turns":3},{"damage":17,"enemies":"Lagavulin","floor":12,"turns":6},{"damage":0,"enemies":"Blue Slaver","floor":13,"turns":3},{"damage":27,"enemies":"Slime Boss","floor":16,"turns":8},{"damage":7,"enemies":"Spheric Guardian","floor":18,"turns":4},{"damage":44,"enemies":"Shell Parasite","floor":21,"turns":6},{"damage":22,"enemies":"Centurion and Healer","floor":22,"turns":3},{"damage":20,"enemies":"Book of Stabbing","floor":23,"turns":2}],"seed_played":"-7468005222534870532","potions_obtained":[{"floor":6,"key":"LiquidBronze"},{"floor":11,"key":"LiquidBronze"},{"floor":12,"key":"FearPotion"},{"floor":16,"key":"Poison Potion"},{"floor":18,"key":"Strength Potion"}],"is_trial":false,"path_per_floor":["M","M","?","M","M","E","M","R","T","R","M","E","M","?","R","B",null,"M","?","$","M","M","E"],"character_chosen":"DEFECT","items_purchased":["Boot","Pen Nib","Hello World","Rip and Tear"],"campfire_rested":3,"item_purchase_floors":[20,20,20,20],"current_hp_per_floor":[74,67,56,56,47,13,11,33,33,55,50,47,47,44,70,43,89,82,82,82,38,16,0],"gold":80,"neow_bonus":"RANDOM_COLORLESS","is_prod":false,"is_daily":false,"chose_seed":false,"campfire_upgraded":0,"win_rate":0,"timestamp":1543723986,"path_taken":["M","?","?","M","M","E","M","R","T","R","M","E","M","?","R","BOSS","M","?","$","M","M","E"],"build_version":"2018-11-15","purchased_purges":0,"victory":false,"max_hp_per_floor":[75,75,75,75,75,75,75,75,75,75,75,89,89,89,89,89,89,89,89,89,89,89,89],"card_choices":[{"not_picked":["Stack","Go for the Eyes"],"picked":"Conserve Battery","floor":1},{"not_picked":["Heatsinks","Tempest"],"picked":"Streamline","floor":2},{"not_picked":["Rebound","Steam"],"picked":"BootSequence","floor":4},{"not_picked":["Streamline","Go for the Eyes"],"picked":"Conserve Battery","floor":5},{"not_picked":["Gash","Reprogram"],"picked":"FTL","floor":6},{"not_picked":["Cold Snap","Force Field"],"picked":"Doom and Gloom","floor":7},{"not_picked":["Meteor Strike","Turbo"],"picked":"Conserve Battery","floor":11},{"not_picked":["Skim","Gash"],"picked":"Sweeping Beam","floor":12},{"not_picked":["Beam Cell","Steam"],"picked":"Gash","floor":13},{"not_picked":["Biased Cognition","Reboot"],"picked":"Core Surge","floor":16},{"not_picked":["Cold Snap","Steam"],"picked":"Ball Lightning","floor":18},{"not_picked":["Hologram+1","Barrage+1"],"picked":"Defragment+1","floor":21},{"not_picked":["Sweeping Beam","Compile Driver+1"],"picked":"Core Surge","floor":22}],"player_experience":230087,"relics_obtained":[{"floor":6,"key":"Sundial"},{"floor":9,"key":"Girya"},{"floor":12,"key":"Mango"}],"event_choices":[{"damage_healed":0,"gold_gain":75,"player_choice":"Gather Gold","damage_taken":11,"max_hp_gain":0,"max_hp_loss":0,"event_name":"World of Goop","floor":3,"gold_loss":0},{"damage_healed":0,"gold_gain":0,"player_choice":"Success","damage_taken":3,"relics_obtained":["Incense Burner"],"max_hp_gain":0,"max_hp_loss":0,"event_name":"Scrap Ooze","floor":14,"gold_loss":0},{"damage_healed":0,"gold_gain":0,"player_choice":"Ignored","damage_taken":0,"max_hp_gain":0,"max_hp_loss":0,"event_name":"Vampires","floor":19,"gold_loss":0}],"is_beta":false,"boss_relics":[{"not_picked":["FrozenCore","Snecko Eye"],"picked":"Astrolabe"}],"items_purged_floors":[],"is_endless":false,"potions_floor_spawned":[6,11,12,16,18],"killed_by":"Book of Stabbing","ascension_level":4}