{"gold_per_floor":[117,128,138,213,213,252,252,293,293,20,39,22,46,62,62,192,255,280,304,304,325,155,155,168,168],"floor_reached":25,"playtime":1136,"items_purged":[],"score":258,"play_id":"c60d38f6-469d-497d-86db-4cdca4a95406","local_time":"20190409125442","is_ascension_mode":true,"campfire_choices":[{"floor":7,"key":"REST"},{"floor":15,"key":"DIG"},{"floor":23,"key":"DIG"}],"neow_cost":"NONE","seed_source_timestamp":2317314056406864,"circlet_count":0,"master_deck":["Strike_B","Strike_B","Strike_B","Strike_B","Defend_B","Defend_B","Defend_B","Defend_B","Zap","Dualcast","Glacier","Barrage","Go for the Eyes","Injury","Conserve Battery","Compile Driver","Loop","Cold Snap","Ball Lightning","Self Repair","Go for the Eyes","Seek+1","Machine Learning","Gash","Defragment","Coolheaded","Cold Snap","Machine Learning","Compile Driver"],"relics":["Cracked Core","Vajra","Golden Idol","Lantern","Shovel","Kunai","Membership Card","Omamori","Tiny House","Letter Opener","Runic Capacitor","Sundial"],"potions_floor_usage":[3,13,16,25,25],"damage_taken":[{"damage":0,"enemies":"Cultist","floor":1,"turns":3},{"damage":0,"enemies":"Small Slimes","floor":2,"turns":4},{"damage":0,"enemies":"2 Louse","floor":3,"turns":1},{"damage":19,"enemies":"Lagavulin","floor":6,"turns":9},{"damage":12,"enemies":"3 Sentries","floor":8,"turns":8},{"damage":0,"enemies":"2 Fungi Beasts","floor":11,"turns":2},{"damage":7,"enemies":"Gremlin Gang","floor":13,"turns":4},{"damage":8,"enemies":"Lots of Slimes","floor":14,"turns":3},{"damage":8,"enemies":"Slime Boss","floor":16,"turns":9},{"damage":1,"enemies":"Chosen","floor":18,"turns":4},{"damage":13,"enemies":"Shell Parasite","floor":19,"turns":6},{"damage":26,"enemies":"Cultist and Chosen","floor":21,"turns":7},{"damage":35,"enemies":"Snake Plant","floor":24,"turns":6},{"damage":27,"enemies":"Book of Stabbing","floor":25,"turns":5}],"seed_played":"-7688064670091377005","potions_obtained":[{"floor":1,"key":"AttackPotion"},{"floor":6,"key":"EssenceOfSteel"},{"floor":8,"key":"FocusPotion"},{"floor":14,"key":"Explosive Potion"},{"floor":16,"key":"Ancient Potion"},{"floor":17,"key":"LiquidBronze"}],"is_trial":false,"path_per_floor":["M","M","M","?","?","E","R","E","T","$","M","$","M","M","R","B",null,"M","M","?","M","$","R","M","E"],"character_chosen":"DEFECT","items_purchased":["Membership Card","Loop","Cold Snap","Self Repair","Machine Learning","Runic Capacitor"],"campfire_rested":1,"item_purchase_floors":[10,10,10,12,22,22],"current_hp_per_floor":[75,75,75,64,64,45,67,55,55,55,55,55,55,54,54,53,80,80,74,74,55,55,55,27,0],"gold":168,"neow_bonus":"RANDOM_COMMON_RELIC","is_prod":false,"is_daily":false,"chose_seed":false,"campfire_upgraded":0,"win_rate":0,"timestamp":1554828882,"path_taken":["M","M","?","?","?","E","R","E","T","$","M","$","M","M","R","BOSS","M","M","?","M","$","R","M","E"],"build_version":"2019-01-23","purchased_purges":0,"victory":false,"max_hp_per_floor":[75,75,75,75,75,75,75,75,75,75,75,75,75,75,75,75,80,80,80,80,80,80,80,80,80],"card_choices":[{"not_picked":["Compile Driver","Gash"],"picked":"Glacier","floor":1},{"not_picked":["Stack","Chaos"],"picked":"Barrage","floor":2},{"not_picked":["Stack","Sweeping Beam"],"picked":"Go for the Eyes","floor":3},{"not_picked":["Go for the Eyes","Reprogram"],"picked":"Conserve Battery","floor":6},{"not_picked":["Sunder","Thunder Strike"],"picked":"Compile Driver","floor":8},{"not_picked":["Consume","Conserve Battery"],"picked":"Ball Lightning","floor":11},{"not_picked":["Skim","Streamline"],"picked":"Go for the Eyes","floor":13},{"not_picked":["Scrape","Gash"],"picked":"Seek","floor":14},{"not_picked":["Rainbow","Meteor Strike"],"picked":"Machine Learning","floor":16},{"not_picked":["Conserve Battery","Consume"],"picked":"Gash","floor":17},{"not_picked":["Consume","Go for the Eyes"],"picked":"Defragment","floor":18},{"not_picked":["Reinforced Body","Force Field+1"],"picked":"Coolheaded","floor":19},{"not_picked":["Turbo+1","Beam Cell"],"picked":"Cold Snap","floor":21},{"not_picked":["Reinforced Body","Go for the Eyes"],"picked":"Compile Driver","floor":24}],"player_experience":452048,"relics_obtained":[{"floor":6,"key":"Lantern"},{"floor":8,"key":"Shovel"},{"floor":9,"key":"Kunai"},{"floor":15,"key":"Omamori"},{"floor":23,"key":"Sundial"}],"event_choices":[{"damage_healed":0,"gold_gain":75,"player_choice":"Gather Gold","damage_taken":11,"max_hp_gain":0,"max_hp_loss":0,"event_name":"World of Goop","floor":4,"gold_loss":0},{"damage_healed":0,"gold_gain":0,"player_choice":"Take Wound","damage_taken":0,"relics_obtained":["Golden Idol"],"max_hp_gain":0,"max_hp_loss":0,"event_name":"Golden Idol","floor":5,"gold_loss":0,"cards_obtained":["Injury"]},{"damage_healed":0,"gold_gain":0,"player_choice":"Stole Relic","damage_taken":0,"relics_obtained":["Letter Opener"],"max_hp_gain":0,"max_hp_loss":0,"event_name":"Addict","floor":20,"gold_loss":0,"cards_obtained":["Shame"]}],"is_beta":false,"boss_relics":[{"not_picked":["Lizard Tail","Runic Pyramid"],"picked":"Tiny House"}],"items_purged_floors":[],"is_endless":false,"potions_floor_spawned":[1,6,8,14,16],"killed_by":"Book of Stabbing","ascension_level":4}