{"gold_per_floor":[115,115,132,307,307,339,339,359,389,403,422,437,32,48,48,48],"floor_reached":16,"playtime":626,"items_purged":["Doubt"],"score":114,"play_id":"cc30650c-efdc-441e-ae27-c96a137641e3","local_time":"20181015174815","is_ascension_mode":true,"campfire_choices":[{"floor":7,"key":"REST"},{"floor":15,"key":"REST"}],"neow_cost":"","seed_source_timestamp":8927057796123,"circlet_count":0,"master_deck":["Strike_R","Strike_R","Strike_R","Strike_R","Strike_R","Defend_R","Defend_R","Defend_R","Defend_R","Bash+1","Headbutt","Rupture","Clash","Heavy Blade","Warcry","Bandage Up"],"relics":["Burning Blood","Matryoshka","Pen Nib","Tiny Chest","Happy Flower","Molten Egg 2"],"potions_floor_usage":[6,14],"damage_taken":[{"damage":14,"enemies":"Jaw Worm","floor":1,"turns":5},{"damage":5,"enemies":"Small Slimes","floor":3,"turns":4},{"damage":48,"enemies":"3 Sentries","floor":6,"turns":9},{"damage":7,"enemies":"2 Louse","floor":8,"turns":3},{"damage":36,"enemies":"Large Slime","floor":10,"turns":5},{"damage":11,"enemies":"Red Slaver","floor":11,"turns":4},{"damage":6,"enemies":"3 Louse","floor":12,"turns":4},{"damage":2,"enemies":"Exordium Thugs","floor":14,"turns":4},{"damage":58,"enemies":"The Guardian","floor":16,"turns":9}],"seed_played":"-8697405346162897059","potions_obtained":[{"floor":1,"key":"Fire Potion"},{"floor":3,"key":"Ancient Potion"},{"floor":11,"key":"Strength Potion"}],"is_trial":false,"path_per_floor":["M","?","M","?","?","E","R","M","T","M","M","M","$","M","R"],"character_chosen":"IRONCLAD","items_purchased":["Molten Egg 2","Bandage Up"],"campfire_rested":2,"item_purchase_floors":[13,13],"current_hp_per_floor":[72,72,73,73,73,31,55,54,54,24,19,19,19,27,51,0],"gold":48,"neow_bonus":"","is_prod":false,"is_daily":false,"chose_seed":false,"campfire_upgraded":0,"win_rate":0,"timestamp":1539636495,"path_taken":["M","?","M","?","?","E","R","M","T","?","M","M","$","?","R","BOSS"],"build_version":"2018-10-11","purchased_purges":1,"victory":false,"max_hp_per_floor":[80,80,80,80,80,80,80,80,80,80,80,80,80,80,80,80],"card_choices":[{"not_picked":["Dual Wield","Bloodletting"],"picked":"Headbutt","floor":1},{"not_picked":["Anger","Iron Wave","Perfected Strike"],"picked":"SKIP","floor":3},{"not_picked":["Iron Wave","Dropkick"],"picked":"Rupture","floor":6},{"not_picked":["Thunderclap","Sword Boomerang"],"picked":"Clash","floor":8},{"not_picked":["Rupture","Havoc","Searing Blow"],"picked":"SKIP","floor":10},{"not_picked":["Perfected Strike","Rupture"],"picked":"Heavy Blade","floor":11},{"not_picked":["Rage","Shockwave"],"picked":"Warcry","floor":12},{"not_picked":["Disarm","Body Slam+1","Reckless Charge+1"],"picked":"SKIP","floor":14}],"player_experience":153219,"relics_obtained":[{"floor":5,"key":"Matryoshka"},{"floor":6,"key":"Pen Nib"},{"floor":9,"key":"Tiny Chest"},{"floor":9,"key":"Happy Flower"}],"event_choices":[{"event_name":"Living Wall","player_choice":"Grow","floor":2,"damage_taken":0},{"event_name":"Liars Game","player_choice":"agreed","floor":4,"damage_taken":0},{"event_name":"Wheel of Change","player_choice":"Relic","floor":5,"damage_taken":0}],"is_beta":false,"boss_relics":[],"items_purged_floors":[13],"is_endless":false,"potions_floor_spawned":[1,3,11],"killed_by":"The Guardian","ascension_level":2}