{"gold_per_floor":[117,117,131,131,131,165,165,183,208,221,116,130,166,166],"floor_reached":14,"playtime":640,"items_purged":[],"score":105,"play_id":"824510e6-43b6-460a-b4a3-79cd6c14d163","local_time":"20181008004914","is_ascension_mode":true,"campfire_choices":[{"floor":7,"key":"REST"}],"neow_cost":"NONE","seed_source_timestamp":34419508509648,"circlet_count":0,"master_deck":["Strike_B","Strike_B","Strike_B","Strike_B","Defend_B","Defend_B","Defend_B","Defend_B","Zap","Dualcast","Defragment","Beam Cell","FTL","Lockon","Redo","Cold Snap","Hologram","Genetic Algorithm","Hologram"],"relics":["Cracked Core","Oddly Smooth Stone","Smiling Mask","Golden Idol","Lantern","Potion Belt","Bottled Flame"],"potions_floor_usage":[13,13],"damage_taken":[{"damage":2,"enemies":"Small Slimes","floor":1,"turns":3},{"damage":0,"enemies":"Cultist","floor":3,"turns":4},{"damage":45,"enemies":"3 Sentries","floor":6,"turns":9},{"damage":0,"enemies":"2 Louse","floor":8,"turns":2},{"damage":0,"enemies":"Blue Slaver","floor":10,"turns":2},{"damage":27,"enemies":"Exordium Wildlife","floor":12,"turns":5},{"damage":2,"enemies":"Gremlin Nob","floor":13,"turns":3},{"damage":0,"enemies":"Red Slaver","floor":14,"turns":1}],"seed_played":"-4859628100519731770","potions_obtained":[{"floor":1,"key":"FearPotion"},{"floor":6,"key":"FocusPotion"},{"floor":10,"key":"Poison Potion"}],"is_trial":false,"path_per_floor":["M","?","M","$","?","E","R","M","T","M","$","M","E"],"character_chosen":"DEFECT","items_purchased":["Cold Snap","Hologram"],"campfire_rested":1,"item_purchase_floors":[11,11],"current_hp_per_floor":[73,55,55,55,55,10,30,30,30,30,30,3,1,1],"gold":166,"neow_bonus":"RANDOM_COMMON_RELIC","is_prod":false,"is_daily":false,"chose_seed":false,"campfire_upgraded":0,"win_rate":0,"timestamp":1538970554,"path_taken":["M","?","M","?","?","E","R","?","T","M","$","?","E","M"],"build_version":"2018-10-04v2","purchased_purges":0,"victory":false,"max_hp_per_floor":[75,75,75,75,69,69,69,69,69,69,69,69,69,69],"card_choices":[{"not_picked":["Scrape","Go for the Eyes"],"picked":"Defragment","floor":1},{"not_picked":["BootSequence","Steam"],"picked":"Beam Cell","floor":3},{"not_picked":["Force Field","Machine Learning"],"picked":"FTL","floor":6},{"not_picked":["Steam","Sweeping Beam"],"picked":"Lockon","floor":8},{"not_picked":["Leap","Sweeping Beam"],"picked":"Redo","floor":10},{"not_picked":["Hologram","Compile Driver"],"picked":"Genetic Algorithm","floor":12},{"not_picked":["Aggregate","Recycle"],"picked":"Hologram","floor":13}],"player_experience":117875,"relics_obtained":[{"floor":6,"key":"Lantern"},{"floor":9,"key":"Potion Belt"},{"floor":13,"key":"Bottled Flame"}],"event_choices":[{"event_name":"Scrap Ooze","player_choice":"success","floor":2,"damage_taken":18},{"event_name":"Golden Idol","player_choice":"Lose Max HP","floor":5,"damage_taken":0}],"is_beta":false,"boss_relics":[],"items_purged_floors":[],"is_endless":false,"potions_floor_spawned":[1,6,10],"killed_by":"Red Slaver","ascension_level":1}