{"gold_per_floor":[118,130,130,130,151,151,187,112,112,156,179,179,210,235,235,356,356,379,394,394,408,9,9,40,40,40,40,40,63,63,83,83,206,206,219,233,108,108,233,233,233,233],"floor_reached":42,"playtime":1581,"items_purged":["Zap","Strike_B","Dualcast"],"score":747,"play_id":"ea700085-b0d9-42af-afec-d9a1d524d916","local_time":"20181125010247","is_ascension_mode":true,"campfire_choices":[{"data":"Streamline","floor":6,"key":"SMITH"},{"data":"Hyperbeam","floor":12,"key":"SMITH"},{"data":"Beam Cell","floor":15,"key":"SMITH"},{"floor":23,"key":"REST"},{"data":"Steam","floor":25,"key":"SMITH"},{"data":"Machine Learning","floor":27,"key":"SMITH"},{"data":"Steam","floor":30,"key":"SMITH"},{"data":"Hologram","floor":32,"key":"SMITH"},{"floor":40,"key":"REST"}],"neow_cost":"NONE","seed_source_timestamp":16545926031328,"circlet_count":0,"master_deck":["AscendersBane","Strike_B","Strike_B","Strike_B","Defend_B","Defend_B","Defend_B","Defend_B","Sweeping Beam+1","FTL+1","Streamline+1","Hyperbeam+1","Rebound","Steam+1","Beam Cell+1","Machine Learning+1","Hologram+1","Steam+1","Conserve Battery+1","BootSequence","Self Repair+1","Echo Form+1","Auto Shields"],"relics":["Cracked Core","NeowsBlessing","Golden Idol","Cables","FossilizedHelix","Pen Nib","Vajra","Omamori","Potion Belt","Eternal Feather","Frozen Egg 2","Kunai","Whetstone","Pantograph","Fusion Hammer","Calipers"],"potions_floor_usage":[16,19,21,21,42,42,42,42],"damage_taken":[{"damage":0,"enemies":"Cultist","floor":1,"turns":1},{"damage":0,"enemies":"Jaw Worm","floor":2,"turns":1},{"damage":0,"enemies":"2 Louse","floor":5,"turns":1},{"damage":25,"enemies":"Lagavulin","floor":7,"turns":5},{"damage":0,"enemies":"3 Sentries","floor":10,"turns":4},{"damage":0,"enemies":"Lagavulin","floor":13,"turns":3},{"damage":0,"enemies":"Blue Slaver","floor":14,"turns":2},{"damage":38,"enemies":"The Guardian","floor":16,"turns":7},{"damage":0,"enemies":"Spheric Guardian","floor":18,"turns":3},{"damage":11,"enemies":"3 Byrds","floor":19,"turns":3},{"damage":17,"enemies":"Shelled Parasite and Fungi","floor":21,"turns":4},{"damage":20,"enemies":"Gremlin Leader","floor":24,"turns":4},{"damage":0,"enemies":"Sentry and Sphere","floor":29,"turns":3},{"damage":0,"enemies":"3 Cultists","floor":31,"turns":4},{"damage":49,"enemies":"Automaton","floor":33,"turns":10},{"damage":4,"enemies":"3 Darklings","floor":35,"turns":6},{"damage":0,"enemies":"3 Shapes","floor":36,"turns":1},{"damage":0,"enemies":"Mind Bloom Boss Battle","floor":39,"turns":4},{"damage":77,"enemies":"Time Eater","floor":42,"turns":8}],"seed_played":"-8566353085502721084","potions_obtained":[{"floor":2,"key":"Ancient Potion"},{"floor":5,"key":"Regen Potion"},{"floor":7,"key":"EntropicBrew"},{"floor":16,"key":"Swift Potion"},{"floor":18,"key":"LiquidBronze"},{"floor":35,"key":"SkillPotion"}],"is_trial":false,"path_per_floor":["M","M","?","?","M","R","E","$","T","E","T","R","E","M","R","B",null,"M","M","T","M","$","R","E","R","T","R","?","M","R","M","R","B",null,"M","M","$","?","?","R","?","B"],"character_chosen":"DEFECT","items_purchased":["Kunai","Steam"],"campfire_rested":2,"item_purchase_floors":[22,22],"current_hp_per_floor":[68,68,68,65,65,65,40,40,40,40,40,40,40,40,40,7,54,54,43,43,26,26,55,35,47,47,59,59,59,69,69,69,30,59,65,65,65,65,69,69,69,0],"gold":233,"neow_bonus":"THREE_ENEMY_KILL","is_prod":false,"is_daily":false,"chose_seed":false,"campfire_upgraded":7,"win_rate":0,"timestamp":1543118567,"path_taken":["M","?","?","?","M","R","E","$","T","E","?","R","E","M","R","BOSS","M","M","?","M","$","R","E","R","T","R","?","M","R","M","R","BOSS","M","M","$","?","?","R","?","BOSS"],"build_version":"2018-11-15","purchased_purges":3,"victory":false,"max_hp_per_floor":[75,75,69,69,69,69,69,69,69,69,69,69,69,69,69,69,69,69,69,69,69,69,69,69,69,69,69,69,69,69,69,69,69,69,69,69,69,69,69,69,69,69],"card_choices":[{"not_picked":["Ball Lightning","Sunder"],"picked":"Sweeping Beam","floor":1},{"not_picked":["Chaos","Coolheaded"],"picked":"FTL","floor":2},{"not_picked":["Redo","Recycle"],"picked":"Streamline","floor":5},{"not_picked":["Beam Cell","Reprogram"],"picked":"Hyperbeam","floor":7},{"not_picked":["Stack","Ball Lightning"],"picked":"Rebound","floor":10},{"not_picked":["Hyperbeam","Blizzard"],"picked":"Steam","floor":13},{"not_picked":["Streamline","Barrage"],"picked":"Beam Cell","floor":14},{"not_picked":["Rainbow","Fission"],"picked":"Machine Learning","floor":16},{"not_picked":["Gash","Go for the Eyes"],"picked":"Hologram","floor":18},{"not_picked":["Reinforced Body","Rebound","Barrage"],"picked":"SKIP","floor":19},{"not_picked":["Skim","Static Discharge+1","Barrage"],"picked":"SKIP","floor":21},{"not_picked":["Hologram","Steam+1"],"picked":"Conserve Battery+1","floor":24},{"not_picked":["Sweeping Beam+1","Stack+1"],"picked":"BootSequence","floor":29},{"not_picked":["Multi-Cast","Fusion+1"],"picked":"Self Repair+1","floor":31},{"not_picked":["Reboot","All For One"],"picked":"Echo Form+1","floor":33},{"not_picked":["Stack+1","Turbo+1"],"picked":"Auto Shields","floor":35},{"not_picked":["Blizzard+1","Coolheaded+1","Aggregate"],"picked":"SKIP","floor":36}],"player_experience":411239,"relics_obtained":[{"floor":7,"key":"FossilizedHelix"},{"floor":9,"key":"Pen Nib"},{"floor":10,"key":"Vajra"},{"floor":11,"key":"Omamori"},{"floor":13,"key":"Potion Belt"},{"floor":20,"key":"Frozen Egg 2"},{"floor":24,"key":"Whetstone"},{"floor":26,"key":"Pantograph"},{"floor":39,"key":"Calipers"}],"event_choices":[{"damage_healed":0,"gold_gain":0,"player_choice":"Lose Max HP","damage_taken":0,"relics_obtained":["Golden Idol"],"max_hp_gain":0,"max_hp_loss":6,"event_name":"Golden Idol","floor":3,"gold_loss":0},{"damage_healed":0,"gold_gain":0,"player_choice":"Success","damage_taken":3,"relics_obtained":["Cables"],"max_hp_gain":0,"max_hp_loss":0,"event_name":"Scrap Ooze","floor":4,"gold_loss":0},{"damage_healed":0,"gold_gain":0,"player_choice":"Ignored","damage_taken":0,"max_hp_gain":0,"max_hp_loss":0,"event_name":"Vampires","floor":28,"gold_loss":0},{"damage_healed":0,"gold_gain":0,"player_choice":"Ignored","damage_taken":0,"max_hp_gain":0,"max_hp_loss":0,"event_name":"Mysterious Sphere","floor":38,"gold_loss":0},{"damage_healed":0,"gold_gain":0,"player_choice":"Fight","damage_taken":0,"max_hp_gain":0,"max_hp_loss":0,"event_name":"MindBloom","floor":39,"gold_loss":0},{"damage_healed":0,"gold_gain":0,"player_choice":"Took Portal","damage_taken":0,"max_hp_gain":0,"max_hp_loss":0,"event_name":"SecretPortal","floor":41,"gold_loss":0}],"is_beta":false,"boss_relics":[{"not_picked":["Velvet Choker","Lizard Tail"],"picked":"Eternal Feather"},{"not_picked":["Pandora\u0027s Box","Black Star"],"picked":"Fusion Hammer"}],"items_purged_floors":[8,22,37],"is_endless":false,"potions_floor_spawned":[2,5,7,16,18,24,29,31,35,36],"killed_by":"Time Eater","ascension_level":11}