{"gold_per_floor":[114,129,129,129,139,167,14,42,68,68,80,11,11,11,11,114,114,128,153,153,164,164,164,192,192,216,216,242,259,259,259,259,259],"floor_reached":33,"playtime":1960,"items_purged":[],"score":437,"play_id":"f780e6fa-ee2e-44cd-9bd1-ee0165356eaf","local_time":"20190321165020","is_ascension_mode":true,"campfire_choices":[{"floor":13,"key":"REST"},{"floor":15,"key":"REST"},{"floor":23,"key":"REST"},{"floor":25,"key":"REST"},{"floor":27,"key":"REST"},{"floor":32,"key":"REST"}],"neow_cost":"NONE","seed_source_timestamp":689040567068104,"circlet_count":0,"master_deck":["AscendersBane","Defend_G+1","Defend_G+1","Defend_G+1","Defend_G+1","Defend_G+1","Strike_G+1","Strike_G+1","Strike_G+1","Strike_G+1","Survivor","Neutralize","Quick Slash+1","Backflip","Poisoned Stab+1","Infinite Blades","Noxious Fumes","Crippling Poison+1","Concentrate+1","Dagger Spray","Predator+1","Bullet Time+1","Calculated Gamble+1","Backstab+1","Cloak And Dagger+1"],"relics":["Ring of the Serpent","NeowsBlessing","Blue Candle","Toxic Egg 2","Whetstone","Lantern","Red Mask","Bag of Marbles","Bag of Preparation","Happy Flower","MutagenicStrength"],"potions_floor_usage":[6,6,16,19,22,33],"damage_taken":[{"damage":0,"enemies":"Cultist","floor":1,"turns":1},{"damage":0,"enemies":"Small Slimes","floor":2,"turns":1},{"damage":0,"enemies":"2 Louse","floor":5,"turns":1},{"damage":13,"enemies":"3 Sentries","floor":6,"turns":7},{"damage":37,"enemies":"Lagavulin","floor":8,"turns":6},{"damage":1,"enemies":"Red Slaver","floor":11,"turns":3},{"damage":19,"enemies":"Hexaghost","floor":16,"turns":8},{"damage":18,"enemies":"Chosen","floor":18,"turns":5},{"damage":9,"enemies":"Masked Bandits","floor":19,"turns":5},{"damage":21,"enemies":"Spheric Guardian","floor":21,"turns":4},{"damage":0,"enemies":"Snake Plant","floor":22,"turns":1},{"damage":31,"enemies":"Gremlin Leader","floor":24,"turns":8},{"damage":14,"enemies":"Slavers","floor":28,"turns":5},{"damage":0,"enemies":"Cultist and Chosen","floor":29,"turns":4},{"damage":52,"enemies":"Automaton","floor":33,"turns":10}],"seed_played":"-9118935921176402108","potions_obtained":[{"floor":1,"key":"PowerPotion"},{"floor":2,"key":"PowerPotion"},{"floor":8,"key":"Dexterity Potion"},{"floor":16,"key":"Block Potion"},{"floor":21,"key":"SmokeBomb"},{"floor":29,"key":"Block Potion"}],"is_trial":false,"path_per_floor":["M","M","T","?","M","E","$","E","T","?","M","$","R","?","R","B",null,"M","?","?","M","M","R","E","R","T","R","E","M","?","?","R","B"],"character_chosen":"THE_SILENT","items_purchased":["Noxious Fumes","Crippling Poison+1","Predator"],"campfire_rested":6,"item_purchase_floors":[7,7,12],"current_hp_per_floor":[63,63,63,63,63,50,50,13,13,13,12,12,33,33,54,35,61,43,34,34,13,13,34,3,24,24,45,31,31,31,31,52,0],"gold":259,"neow_bonus":"THREE_ENEMY_KILL","is_prod":false,"is_daily":false,"chose_seed":false,"campfire_upgraded":0,"win_rate":0,"timestamp":1553201420,"path_taken":["M","?","?","?","M","E","$","E","T","?","M","?","R","?","R","BOSS","M","?","?","M","?","R","E","R","T","R","E","M","?","?","R","BOSS"],"build_version":"2019-01-23","purchased_purges":0,"victory":false,"max_hp_per_floor":[70,70,70,70,70,70,70,70,70,70,70,70,70,70,70,70,70,70,70,70,70,70,70,70,70,70,70,70,70,70,70,70,70],"card_choices":[{"not_picked":["Choke","Dodge and Roll"],"picked":"Quick Slash","floor":1},{"not_picked":["Escape Plan","Concentrate"],"picked":"Backflip","floor":2},{"not_picked":["Underhanded Strike","Dodge and Roll"],"picked":"Poisoned Stab","floor":5},{"not_picked":["Unload","Slice"],"picked":"Infinite Blades","floor":6},{"not_picked":["Tools of the Trade","Bouncing Flask+1"],"picked":"Concentrate+1","floor":8},{"not_picked":["Flying Knee","All Out Attack"],"picked":"Dagger Spray","floor":11},{"not_picked":["Adrenaline+1","Die Die Die"],"picked":"Bullet Time+1","floor":16},{"not_picked":["Accuracy","Dagger Throw"],"picked":"Calculated Gamble+1","floor":18},{"not_picked":["Deflect+1","Flying Knee+1"],"picked":"Backstab+1","floor":19},{"not_picked":["Slice","Dagger Throw","All Out Attack"],"picked":"SKIP","floor":21},{"not_picked":["Calculated Gamble+1","Tactician+1","Riddle With Holes"],"picked":"SKIP","floor":24},{"not_picked":["Prepared+1","Eviscerate","Dodge and Roll+1"],"picked":"SKIP","floor":28},{"not_picked":["Backflip+1","Distraction+1"],"picked":"Cloak And Dagger+1","floor":29}],"player_experience":220054,"relics_obtained":[{"floor":3,"key":"Blue Candle"},{"floor":6,"key":"Toxic Egg 2"},{"floor":8,"key":"Whetstone"},{"floor":9,"key":"Lantern"},{"floor":19,"key":"Red Mask"},{"floor":24,"key":"Bag of Marbles"},{"floor":26,"key":"Bag of Preparation"},{"floor":28,"key":"Happy Flower"}],"event_choices":[{"damage_healed":0,"gold_gain":0,"player_choice":"Ignored","damage_taken":0,"max_hp_gain":0,"max_hp_loss":0,"event_name":"Golden Wing","floor":4,"gold_loss":0},{"damage_healed":0,"gold_gain":0,"player_choice":"Ignored","damage_taken":0,"max_hp_gain":0,"max_hp_loss":0,"event_name":"Golden Idol","floor":10,"gold_loss":0},{"damage_healed":0,"gold_gain":0,"player_choice":"Upgraded","damage_taken":0,"max_hp_gain":0,"max_hp_loss":0,"event_name":"Upgrade Shrine","floor":14,"gold_loss":0,"cards_upgraded":["Predator"]},{"damage_healed":0,"gold_gain":0,"player_choice":"Fought Bandits","damage_taken":0,"max_hp_gain":0,"max_hp_loss":0,"event_name":"Masked Bandits","floor":19,"gold_loss":0},{"cards_removed":["Strike_G"],"damage_healed":0,"gold_gain":0,"player_choice":"Card Removal","damage_taken":0,"max_hp_gain":0,"max_hp_loss":0,"event_name":"Wheel of Change","floor":20,"gold_loss":0},{"damage_healed":0,"gold_gain":0,"player_choice":"Inject Mutagens","damage_taken":0,"relics_obtained":["MutagenicStrength"],"max_hp_gain":0,"max_hp_loss":0,"event_name":"Drug Dealer","floor":30,"gold_loss":0},{"damage_healed":0,"gold_gain":0,"player_choice":"Simplicity","damage_taken":0,"max_hp_gain":0,"max_hp_loss":0,"event_name":"Back to Basics","floor":31,"gold_loss":0,"cards_upgraded":["Defend_G","Defend_G","Defend_G","Defend_G","Defend_G","Strike_G","Strike_G","Strike_G","Strike_G"]}],"is_beta":false,"boss_relics":[{"not_picked":["Busted Crown","Black Star"],"picked":"Ring of the Serpent"}],"items_purged_floors":[],"is_endless":false,"potions_floor_spawned":[1,2,8,16,21,22,29],"killed_by":"Automaton","ascension_level":10}