{"gold_per_floor":[115,127,202,202,216,216,37,37,37,64,64],"floor_reached":11,"playtime":504,"items_purged":["Strike_G"],"score":142,"play_id":"57b57cd4-df82-4da1-984f-4c059a7e85a7","local_time":"20190318151919","is_ascension_mode":true,"campfire_choices":[{"data":"Noxious Fumes","floor":6,"key":"SMITH"},{"data":"Noxious Fumes","floor":8,"key":"SMITH"}],"neow_cost":"NONE","seed_source_timestamp":1057101356820,"circlet_count":0,"master_deck":["AscendersBane","Defend_G","Defend_G","Defend_G","Defend_G","Defend_G","Strike_G","Strike_G","Strike_G","Survivor","Neutralize","Quick Slash","Backstab","Noxious Fumes+1","Noxious Fumes+1","Dagger Spray"],"relics":["Ring of the Snake","Bronze Scales"],"potions_floor_usage":[],"damage_taken":[{"damage":3,"enemies":"Small Slimes","floor":1,"turns":4},{"damage":0,"enemies":"2 Louse","floor":2,"turns":3},{"damage":2,"enemies":"Jaw Worm","floor":5,"turns":4},{"damage":30,"enemies":"Gremlin Nob","floor":10,"turns":4},{"damage":14,"enemies":"Lots of Slimes","floor":11,"turns":2}],"seed_played":"-4438697372616919532","potions_obtained":[{"floor":10,"key":"LiquidBronze"}],"is_trial":false,"path_per_floor":["M","M","?","?","M","R","$","R","T","E","M"],"character_chosen":"THE_SILENT","items_purchased":["Noxious Fumes","Dagger Spray"],"campfire_rested":0,"item_purchase_floors":[7,7],"current_hp_per_floor":[62,62,51,44,42,42,42,42,42,12,0],"gold":64,"neow_bonus":"TEN_PERCENT_HP_BONUS","is_prod":false,"is_daily":false,"chose_seed":false,"campfire_upgraded":2,"win_rate":0,"timestamp":1552933159,"path_taken":["M","M","?","?","M","R","$","R","T","E","?"],"build_version":"2019-01-23","purchased_purges":1,"victory":false,"max_hp_per_floor":[72,72,72,72,72,72,72,72,72,72,72],"card_choices":[{"not_picked":["Slice","Outmaneuver"],"picked":"Quick Slash","floor":1},{"not_picked":["Dodge and Roll","Acrobatics"],"picked":"Backstab","floor":2},{"not_picked":["Reflex","Acrobatics"],"picked":"Noxious Fumes","floor":5},{"not_picked":["Deadly Poison","Bane","Reflex"],"picked":"SKIP","floor":10}],"player_experience":964218,"relics_obtained":[{"floor":9,"key":"Bronze Scales"}],"event_choices":[{"damage_healed":0,"gold_gain":75,"player_choice":"Gather Gold","damage_taken":11,"max_hp_gain":0,"max_hp_loss":0,"event_name":"World of Goop","floor":3,"gold_loss":0},{"cards_removed":["Strike_G"],"damage_healed":0,"gold_gain":0,"player_choice":"Card Removal","damage_taken":7,"max_hp_gain":0,"max_hp_loss":0,"event_name":"Golden Wing","floor":4,"gold_loss":0}],"is_beta":false,"boss_relics":[],"items_purged_floors":[7],"is_endless":false,"potions_floor_spawned":[10],"killed_by":"Lots of Slimes","ascension_level":20}