{"gold_per_floor":[114,132,143,154,171,171,204,224,224,238,203,203,213,213,213,315,315,333,353,353,6,6,39,39,39,39,49,67,100,100,100,100,204,204,214,21,21,37,53,82,82,92,92,92,103,103,130,145,145,145],"floor_reached":51,"playtime":2734,"items_purged":["Writhe"],"score":960,"play_id":"9ff4194c-47af-495b-b7cd-d027bf8214db","local_time":"20190330214725","is_ascension_mode":true,"campfire_choices":[{"data":"Zap","floor":6,"key":"SMITH"},{"floor":12,"key":"REST"},{"data":"Go for the Eyes","floor":15,"key":"SMITH"},{"data":"FTL","floor":24,"key":"SMITH"},{"data":"Dualcast","floor":30,"key":"SMITH"},{"data":"J.A.X.","floor":32,"key":"SMITH"},{"data":"Seek","floor":41,"key":"SMITH"},{"floor":46,"key":"REST"},{"data":"Gash","floor":49,"key":"SMITH"}],"neow_cost":"NONE","seed_source_timestamp":1483679885950855,"circlet_count":0,"master_deck":["Strike_B","Defend_B","Defend_B","Defend_B","Defend_B","Zap+1","Dualcast+1","Rip and Tear","Go for the Eyes+1","Capacitor","FTL+1","Reinforced Body","BootSequence","Gash+1","Leap","Storm","All For One","Stack+1","Self Repair+1","Seek+1","BootSequence+1","Gash","Rebound+1","Gash+1","Cold Snap+1","Ball Lightning+1","Go for the Eyes+1","Go for the Eyes+1","J.A.X.+1","Seek+1","Gash+1","Cold Snap+1","Core Surge+1","Gash+1","Gash+1","Gash+1","Rebound+1","All For One+1","Hologram+1","BootSequence+1","Go for the Eyes+1"],"relics":["Cracked Core","Pen Nib","Meat on the Bone","Mercury Hourglass","Astrolabe","Regal Pillow","Molten Egg 2","Mango","Question Card","Blue Candle","Nuclear Battery","Bag of Preparation","Ornamental Fan","Calipers","Omamori"],"potions_floor_usage":[16,23,27,50],"damage_taken":[{"damage":1,"enemies":"Cultist","floor":1,"turns":3},{"damage":7,"enemies":"Jaw Worm","floor":2,"turns":3},{"damage":0,"enemies":"2 Louse","floor":3,"turns":2},{"damage":4,"enemies":"Looter","floor":4,"turns":3},{"damage":5,"enemies":"3 Louse","floor":5,"turns":3},{"damage":35,"enemies":"Gremlin Nob","floor":7,"turns":4},{"damage":5,"enemies":"Lots of Slimes","floor":8,"turns":4},{"damage":5,"enemies":"Exordium Wildlife","floor":10,"turns":3},{"damage":4,"enemies":"Red Slaver","floor":13,"turns":3},{"damage":54,"enemies":"Hexaghost","floor":16,"turns":12},{"damage":0,"enemies":"3 Byrds","floor":18,"turns":3},{"damage":15,"enemies":"Shell Parasite","floor":19,"turns":6},{"damage":14,"enemies":"Book of Stabbing","floor":23,"turns":6},{"damage":0,"enemies":"Snake Plant","floor":27,"turns":4},{"damage":18,"enemies":"Snecko","floor":28,"turns":5},{"damage":30,"enemies":"Slavers","floor":29,"turns":4},{"damage":53,"enemies":"Champ","floor":33,"turns":8},{"damage":4,"enemies":"Orb Walker","floor":35,"turns":2},{"damage":13,"enemies":"3 Darklings","floor":38,"turns":5},{"damage":9,"enemies":"Sphere and 2 Shapes","floor":39,"turns":3},{"damage":2,"enemies":"Nemesis","floor":40,"turns":3},{"damage":0,"enemies":"Spire Growth","floor":42,"turns":4},{"damage":41,"enemies":"Jaw Worm Horde","floor":45,"turns":5},{"damage":0,"enemies":"Reptomancer","floor":47,"turns":2},{"damage":0,"enemies":"Maw","floor":48,"turns":4},{"damage":26,"enemies":"Donu and Deca","floor":50,"turns":5}],"seed_played":"-1172533195059562880","potions_obtained":[{"floor":3,"key":"FairyPotion"},{"floor":7,"key":"SpeedPotion"},{"floor":8,"key":"Block Potion"},{"floor":16,"key":"SkillPotion"},{"floor":23,"key":"PowerPotion"},{"floor":29,"key":"Weak Potion"},{"floor":35,"key":"FairyPotion"},{"floor":40,"key":"GamblersBrew"}],"is_trial":false,"path_per_floor":["M","M","M","M","M","R","E","M","T","M","?","R","M","?","R","B",null,"M","M","?","$","?","E","R","?","T","M","M","E","R","?","R","B",null,"M","$","?","M","M","E","R","M","T","?","M","R","E","M","R","B",null],"character_chosen":"DEFECT","items_purchased":["Molten Egg 2","Rebound+1","Bag of Preparation","Cold Snap+1"],"campfire_rested":2,"item_purchase_floors":[21,21,36,36],"current_hp_per_floor":[81,74,74,70,65,65,30,25,25,32,52,76,72,65,65,23,82,82,77,77,77,77,87,87,87,87,96,78,70,70,70,70,39,96,92,92,92,89,80,78,78,78,78,78,59,96,96,96,96,70],"gold":145,"neow_bonus":"TEN_PERCENT_HP_BONUS","is_prod":false,"is_daily":false,"chose_seed":false,"campfire_upgraded":7,"win_rate":0,"timestamp":1553996845,"path_taken":["M","M","M","M","M","R","E","M","T","M","?","R","M","?","R","BOSS","M","M","?","$","?","E","R","?","T","M","M","E","R","?","R","BOSS","M","$","?","M","?","E","R","M","T","?","M","R","E","M","R","BOSS"],"build_version":"2019-01-23","purchased_purges":1,"victory":true,"max_hp_per_floor":[82,82,82,82,82,82,82,82,82,82,82,82,82,82,82,82,82,82,82,82,82,82,96,96,96,96,96,96,96,96,96,96,96,96,96,96,96,96,96,96,96,96,96,96,96,96,96,96,96,96],"card_choices":[{"not_picked":["Sweeping Beam","Gash"],"picked":"Rip and Tear","floor":1},{"not_picked":["Rebound","Streamline"],"picked":"Go for the Eyes","floor":2},{"not_picked":["Static Discharge","Hologram"],"picked":"Capacitor","floor":3},{"not_picked":["Compile Driver","Rebound"],"picked":"FTL","floor":4},{"not_picked":["Turbo","Loop"],"picked":"Reinforced Body","floor":5},{"not_picked":["Beam Cell","Rebound"],"picked":"BootSequence","floor":7},{"not_picked":["Meteor Strike","Beam Cell"],"picked":"Gash","floor":8},{"not_picked":["Recycle","Steam Power"],"picked":"Leap","floor":10},{"not_picked":["Stack","Turbo"],"picked":"Storm","floor":13},{"not_picked":["Core Surge","Meteor Strike"],"picked":"All For One","floor":16},{"not_picked":["Capacitor","Conserve Battery"],"picked":"BootSequence+1","floor":18},{"not_picked":["Compile Driver","Conserve Battery"],"picked":"Gash","floor":19},{"not_picked":["Storm","Rebound+1"],"picked":"Cold Snap+1","floor":23},{"not_picked":["Rebound+1","Redo","Leap"],"picked":"Ball Lightning+1","floor":27},{"not_picked":["Double Energy","Reinforced Body","Barrage+1"],"picked":"Go for the Eyes+1","floor":28},{"not_picked":["Undo","Loop","Machine Learning"],"picked":"Go for the Eyes+1","floor":29},{"not_picked":["Rainbow","Reboot","Electrodynamics"],"picked":"Seek","floor":33},{"not_picked":["Stack+1","Turbo","Beam Cell+1"],"picked":"Gash+1","floor":35},{"not_picked":["Turbo+1","Defragment+1","Scrape+1"],"picked":"Gash+1","floor":38},{"not_picked":["Ball Lightning+1","Static Discharge","Hologram"],"picked":"Gash+1","floor":39},{"not_picked":["Heatsinks","Auto Shields","Rebound+1"],"picked":"Gash+1","floor":40},{"not_picked":["Creative AI","Static Discharge+1","Ball Lightning+1"],"picked":"Rebound+1","floor":42},{"not_picked":["Streamline+1","Reboot","Compile Driver+1"],"picked":"Hologram+1","floor":45},{"not_picked":["Streamline+1","Leap","Steam"],"picked":"BootSequence+1","floor":47},{"not_picked":["Ball Lightning+1","Conserve Battery","Storm"],"picked":"Go for the Eyes+1","floor":48}],"player_experience":438681,"relics_obtained":[{"floor":7,"key":"Pen Nib"},{"floor":9,"key":"Meat on the Bone"},{"floor":23,"key":"Mango"},{"floor":26,"key":"Question Card"},{"floor":29,"key":"Blue Candle"},{"floor":40,"key":"Ornamental Fan"},{"floor":43,"key":"Calipers"},{"floor":47,"key":"Omamori"}],"event_choices":[{"damage_healed":20,"gold_gain":0,"player_choice":"Healed","damage_taken":0,"max_hp_gain":0,"max_hp_loss":0,"event_name":"The Cleric","floor":11,"gold_loss":35},{"damage_healed":0,"gold_gain":0,"player_choice":"Success","damage_taken":7,"relics_obtained":["Mercury Hourglass"],"max_hp_gain":0,"max_hp_loss":0,"event_name":"Scrap Ooze","floor":14,"gold_loss":0},{"damage_healed":0,"gold_gain":0,"player_choice":"Opened","damage_taken":0,"relics_obtained":["Regal Pillow"],"max_hp_gain":0,"max_hp_loss":0,"event_name":"The Mausoleum","floor":20,"gold_loss":0,"cards_obtained":["Writhe"]},{"damage_healed":0,"gold_gain":0,"player_choice":"Read","damage_taken":0,"max_hp_gain":0,"max_hp_loss":0,"event_name":"The Library","floor":22,"gold_loss":0,"cards_obtained":["Gash"]},{"damage_healed":0,"gold_gain":0,"player_choice":"Ignored","damage_taken":0,"max_hp_gain":0,"max_hp_loss":0,"event_name":"Vampires","floor":25,"gold_loss":0},{"damage_healed":0,"gold_gain":0,"player_choice":"Obtain J.A.X.","damage_taken":0,"max_hp_gain":0,"max_hp_loss":0,"event_name":"Drug Dealer","floor":31,"gold_loss":0,"cards_obtained":["J.A.X."]},{"damage_healed":0,"gold_gain":0,"player_choice":"1 cards matched","damage_taken":0,"max_hp_gain":0,"max_hp_loss":0,"event_name":"Match and Keep!","floor":37,"gold_loss":0,"cards_obtained":["Core Surge"]},{"damage_healed":0,"gold_gain":0,"player_choice":"Copied","damage_taken":0,"max_hp_gain":0,"max_hp_loss":0,"event_name":"Duplicator","floor":44,"gold_loss":0,"cards_obtained":["All For One"]}],"is_beta":false,"boss_relics":[{"not_picked":["Pandora\u0027s Box","Coffee Dripper"],"picked":"Astrolabe"},{"not_picked":["Black Star","Runic Pyramid"],"picked":"Nuclear Battery"}],"items_purged_floors":[21],"is_endless":false,"potions_floor_spawned":[3,7,8,16,23,29,35,40,42,45,47],"ascension_level":3}