{"gold_per_floor":[119,134,99,99,116,116,142,154,208,225,400,413,413,432,432,535,535,547,547,560,70,70],"floor_reached":22,"playtime":904,"items_purged":["Doubt"],"score":301,"play_id":"a52baa2a-15f8-4839-8610-6c725e1c9348","local_time":"20190506101755","is_ascension_mode":true,"campfire_choices":[{"data":"Noxious Fumes","floor":6.0,"key":"SMITH"},{"data":"Adrenaline","floor":13,"key":"SMITH"},{"floor":15,"key":"REST"}],"neow_cost":"NONE","seed_source_timestamp":0,"circlet_count":0,"master_deck":["AscendersBane","Defend_G","Defend_G","Defend_G","Defend_G","Defend_G","Strike_G+1","Strike_G","Strike_G","Strike_G","Strike_G+1","Survivor","Neutralize+1","Terror","Sucker Punch+1","Noxious Fumes+1","Predator","PiercingWail","Blade Dance","Adrenaline+1","Quick Slash","Corpse Explosion","Cloak And Dagger+1","Cloak And Dagger","Leg Sweep","Noxious Fumes"],"special_seed":0,"relics":["Ring of the Snake","Pantograph","Whetstone","Black Star","Pocketwatch"],"potions_floor_usage":[14,16,22],"damage_taken":[{"damage":13.0,"enemies":"Jaw Worm","floor":1.0,"turns":7.0},{"damage":5.0,"enemies":"Small Slimes","floor":2.0,"turns":6.0},{"damage":0.0,"enemies":"Cultist","floor":5.0,"turns":4.0},{"damage":25.0,"enemies":"Gremlin Nob","floor":7.0,"turns":4.0},{"damage":15.0,"enemies":"2 Fungi Beasts","floor":8.0,"turns":4.0},{"damage":1,"enemies":"Blue Slaver","floor":10,"turns":4},{"damage":0,"enemies":"Looter","floor":12,"turns":4},{"damage":0,"enemies":"Exordium Wildlife","floor":14,"turns":4},{"damage":15,"enemies":"Hexaghost","floor":16,"turns":9},{"damage":27,"enemies":"Spheric Guardian","floor":18,"turns":5},{"damage":10,"enemies":"Shell Parasite","floor":20,"turns":6},{"damage":34,"enemies":"Sentry and Sphere","floor":22,"turns":5}],"seed_played":"19924162672723981","potions_obtained":[{"floor":1.0,"key":"EssenceOfSteel"},{"floor":5.0,"key":"SteroidPotion"},{"floor":12,"key":"Strength Potion"},{"floor":14,"key":"PowerPotion"}],"is_trial":false,"path_per_floor":["M","M","?","?","M","R","E","M","T","M","?","M","R","M","R","B",null,"M","?","M","$","M"],"character_chosen":"THE_SILENT","items_purchased":["Leg Sweep","Pocketwatch","Noxious Fumes"],"campfire_rested":1,"item_purchase_floors":[21,21,21],"current_hp_per_floor":[50,45,62,62,62,62,37,22,22,21,21,21,21,21,42,52,66,39,39,29,29,0],"gold":70,"neow_bonus":"UPGRADE_CARD","is_prod":false,"is_daily":false,"chose_seed":false,"campfire_upgraded":2,"win_rate":0,"timestamp":1557152275,"path_taken":["M","M","?","?","M","R","E","M","T","M","?","M","R","M","R","BOSS","M","?","M","$","M"],"build_version":"2019-01-23","purchased_purges":1,"victory":false,"max_hp_per_floor":[70,70,70,70,70,70,70,70,70,70,70,70,70,70,70,70,70,70,70,70,70,70],"card_choices":[{"not_picked":["Calculated Gamble","Reflex"],"picked":"Terror","floor":1.0},{"not_picked":["Slice","Outmaneuver"],"picked":"Sucker Punch","floor":2.0},{"not_picked":["Deflect","Acrobatics"],"picked":"Noxious Fumes","floor":5.0},{"not_picked":["Underhanded Strike","Quick Slash"],"picked":"Predator","floor":7.0},{"not_picked":["Sucker Punch","Dagger Spray"],"picked":"PiercingWail","floor":8},{"not_picked":["Deflect","Flying Knee"],"picked":"Blade Dance","floor":10},{"not_picked":["Outmaneuver","Calculated Gamble"],"picked":"Adrenaline","floor":12},{"not_picked":["Deflect","Underhanded Strike"],"picked":"Quick Slash","floor":14},{"not_picked":["Die Die Die","Phantasmal Killer"],"picked":"Corpse Explosion","floor":16},{"not_picked":["Flying Knee","Dagger Throw"],"picked":"Cloak And Dagger","floor":18},{"not_picked":["Terror","Dodge and Roll"],"picked":"Cloak And Dagger","floor":20}],"player_experience":479224,"relics_obtained":[{"floor":7.0,"key":"Pantograph"},{"floor":9,"key":"Whetstone"}],"event_choices":[{"damage_healed":17.0,"max_hp_gain":0.0,"max_hp_loss":0.0,"gold_gain":0.0,"event_name":"The Cleric","player_choice":"Healed","floor":3.0,"gold_loss":35.0,"damage_taken":0.0},{"damage_healed":0.0,"max_hp_gain":0.0,"max_hp_loss":0.0,"gold_gain":0.0,"event_name":"Living Wall","player_choice":"Grow","floor":4.0,"gold_loss":0.0,"damage_taken":0.0,"cards_upgraded":["Sucker Punch"]},{"damage_healed":0,"gold_gain":175,"player_choice":"AGREE","damage_taken":0,"max_hp_gain":0,"max_hp_loss":0,"event_name":"Liars Game","floor":11,"gold_loss":0,"cards_obtained":["Doubt"]},{"damage_healed":0,"gold_gain":0,"player_choice":"Upgraded","damage_taken":0,"max_hp_gain":0,"max_hp_loss":0,"event_name":"Upgrade Shrine","floor":19,"gold_loss":0,"cards_upgraded":["Cloak And Dagger"]}],"is_beta":false,"boss_relics":[{"not_picked":["Busted Crown","Runic Pyramid"],"picked":"Black Star"}],"items_purged_floors":[21],"is_endless":false,"potions_floor_spawned":[1,5,8,12,14],"killed_by":"Sentry and Sphere","ascension_level":12}