{"gold_per_floor":[116,133,146,146,164,164,164,208,255,143,143,18,18,38,38,166,166,186,186,202,202,202,202,228,228,251,251,3,18,18,28,28,28],"floor_reached":33,"playtime":2168,"items_purged":["Injury","Defend_R"],"score":276,"play_id":"2564b248-75bb-4deb-bfb4-58a6efa97fd5","local_time":"20181215171147","is_ascension_mode":true,"campfire_choices":[{"data":"Rage","floor":6,"key":"SMITH"},{"data":"Seeing Red","floor":11,"key":"SMITH"},{"data":"Shrug It Off","floor":13,"key":"SMITH"},{"data":"Armaments","floor":15,"key":"SMITH"},{"data":"Berserk","floor":23,"key":"SMITH"},{"data":"Carnage","floor":27,"key":"SMITH"},{"floor":32,"key":"REST"}],"neow_cost":"NONE","seed_source_timestamp":159413935176694,"circlet_count":0,"master_deck":["Strike_R+1","Strike_R","Strike_R","Defend_R","Defend_R","Bash+1","Dramatic Entrance","Metallicize","Flex","Rage+1","Parasite","Battle Trance","Seeing Red+1","Shrug It Off+1","Armaments+1","Bludgeon","Pummel+1","Shrug It Off+1","Intimidate+1","Rampage+1","Headbutt","Carnage+1","Parasite","Berserk+1","Intimidate+1","Flex","Pommel Strike+1","Melter+1"],"relics":["Burning Blood","Bloody Idol","Pear","Juzu Bracelet","Red Skull","Nloth\u0027s Gift","Whetstone","PrismaticShard"],"potions_floor_usage":[16,16,24,24,24,29,33],"damage_taken":[{"damage":0,"enemies":"Cultist","floor":1,"turns":4},{"damage":9,"enemies":"2 Louse","floor":2,"turns":3},{"damage":3,"enemies":"Small Slimes","floor":3,"turns":3},{"damage":10,"enemies":"Red Slaver","floor":5,"turns":3},{"damage":33,"enemies":"Lagavulin","floor":8,"turns":11},{"damage":0,"enemies":"Lots of Slimes","floor":14,"turns":4},{"damage":35,"enemies":"Hexaghost","floor":16,"turns":15},{"damage":15,"enemies":"Spheric Guardian","floor":18,"turns":9},{"damage":0,"enemies":"Shell Parasite","floor":20,"turns":4},{"damage":54,"enemies":"Gremlin Leader","floor":24,"turns":7},{"damage":19,"enemies":"Centurion and Healer","floor":29,"turns":4},{"damage":26,"enemies":"Cultist and Chosen","floor":31,"turns":5},{"damage":81,"enemies":"Champ","floor":33,"turns":9}],"seed_played":"-7104016671655124749","potions_obtained":[{"floor":2,"key":"SpeedPotion"},{"floor":8,"key":"EssenceOfSteel"},{"floor":14,"key":"FearPotion"},{"floor":16,"key":"PowerPotion"},{"floor":18,"key":"Fire Potion"},{"floor":31,"key":"AttackPotion"}],"is_trial":false,"path_per_floor":["M","M","M","?","M","R","?","E","T","$","R","$","R","M","R","B",null,"M","?","M","?","?","R","E","?","T","R","$","M","$","M","R","B"],"character_chosen":"IRONCLAD","items_purchased":["Seeing Red","Shrug It Off","PrismaticShard","SteroidPotion"],"campfire_rested":1,"item_purchase_floors":[10,12,28,28],"current_hp_per_floor":[80,77,80,80,76,76,80,63,63,63,63,63,63,69,69,40,90,81,81,90,90,90,90,47,47,52,52,52,44,44,29,56,0],"gold":28,"neow_bonus":"RANDOM_COLORLESS","is_prod":false,"is_daily":false,"chose_seed":false,"campfire_upgraded":6,"win_rate":0,"timestamp":1544922707,"path_taken":["M","?","M","?","M","R","?","E","T","$","R","$","R","M","R","BOSS","M","?","M","?","?","R","E","?","T","R","$","M","?","M","R","BOSS"],"build_version":"2018-12-13","purchased_purges":2,"victory":false,"max_hp_per_floor":[80,80,80,80,80,80,80,90,90,90,90,90,90,90,90,90,90,90,90,90,90,90,90,90,90,90,90,90,90,90,90,90,90],"card_choices":[{"not_picked":["Second Wind","Flame Barrier","Anger"],"picked":"SKIP","floor":1},{"not_picked":["Perfected Strike","Pummel"],"picked":"Metallicize","floor":2},{"not_picked":["Corruption","Iron Wave"],"picked":"Flex","floor":3},{"not_picked":["True Grit","Corruption"],"picked":"Rage","floor":5},{"not_picked":["Dual Wield","Berserk"],"picked":"Battle Trance","floor":8},{"not_picked":["Pommel Strike","Heavy Blade"],"picked":"Armaments","floor":14},{"not_picked":["Feed","Impervious"],"picked":"Bludgeon","floor":16},{"not_picked":["Headbutt","Twin Strike+1"],"picked":"Rampage+1","floor":18},{"not_picked":["Flex","Heavy Blade+1"],"picked":"Headbutt","floor":20},{"not_picked":["Clothesline","Iron Wave"],"picked":"Flex","floor":24},{"not_picked":["True Grit+1","Blind"],"picked":"Pommel Strike+1","floor":29},{"not_picked":["Beam Cell","Clash"],"picked":"Melter+1","floor":31}],"player_experience":47836,"relics_obtained":[{"floor":8,"key":"Pear"},{"floor":9,"key":"Juzu Bracelet"},{"floor":24,"key":"Red Skull"},{"floor":26,"key":"Whetstone"}],"event_choices":[{"damage_healed":0,"gold_gain":0,"player_choice":"Take Wound","damage_taken":0,"relics_obtained":["Golden Idol"],"max_hp_gain":0,"max_hp_loss":0,"event_name":"Golden Idol","floor":4,"gold_loss":0,"cards_obtained":["Injury"]},{"damage_healed":20,"gold_gain":0,"player_choice":"Healed and dodged fight","damage_taken":0,"max_hp_gain":0,"max_hp_loss":0,"event_name":"Mushrooms","floor":7,"gold_loss":0,"cards_obtained":["Parasite"]},{"damage_healed":0,"gold_gain":0,"player_choice":"Gave Idol","damage_taken":0,"relics_obtained":["Bloody Idol"],"max_hp_gain":0,"max_hp_loss":0,"event_name":"Forgotten Altar","floor":19,"relics_lost":["Golden Idol"],"gold_loss":0},{"damage_healed":0,"gold_gain":0,"player_choice":"3 cards matched","damage_taken":0,"max_hp_gain":0,"max_hp_loss":0,"event_name":"Match and Keep!","floor":21,"gold_loss":0,"cards_obtained":["Carnage","Parasite","Berserk"]},{"damage_healed":0,"gold_gain":0,"player_choice":"3 cards matched","damage_taken":0,"max_hp_gain":0,"max_hp_loss":0,"event_name":"Match and Keep!","floor":21,"gold_loss":0,"cards_obtained":["Carnage","Parasite","Berserk"]},{"damage_healed":0,"gold_gain":0,"player_choice":"Copied","damage_taken":0,"max_hp_gain":0,"max_hp_loss":0,"event_name":"Duplicator","floor":22,"gold_loss":0,"cards_obtained":["Intimidate"]},{"damage_healed":0,"gold_gain":0,"player_choice":"Traded Relic","damage_taken":0,"relics_obtained":["Nloth\u0027s Gift"],"max_hp_gain":0,"max_hp_loss":0,"event_name":"N\u0027loth","floor":25,"relics_lost":["Astrolabe"],"gold_loss":0}],"is_beta":false,"boss_relics":[{"not_picked":["Empty Cage","White Beast Statue"],"picked":"Astrolabe"}],"items_purged_floors":[10,12],"is_endless":false,"potions_floor_spawned":[2,8,14,16,18,31],"killed_by":"Champ","ascension_level":1}