{"gold_per_floor":[119,130,130,150,100,100,100,112,159,175,175,0,0,11,11,113,113,133,163,175,193,193,193,210,210,210,220,220,220,245,295],"floor_reached":31,"playtime":1220,"items_purged":["Strike_R"],"score":395,"play_id":"8c28966c-5013-456a-858b-47fdb4d7cd0d","local_time":"20181130182229","is_ascension_mode":true,"campfire_choices":[{"data":"Pommel Strike","floor":6,"key":"SMITH"},{"data":"Uppercut","floor":11,"key":"SMITH"},{"data":"True Grit","floor":13,"key":"SMITH"},{"data":"Bash","floor":15,"key":"SMITH"},{"data":"Immolate","floor":23,"key":"SMITH"},{"data":"Seeing Red","floor":25,"key":"SMITH"},{"floor":29,"key":"REST"}],"neow_cost":"NONE","seed_source_timestamp":3602006700977,"circlet_count":0,"master_deck":["AscendersBane","Strike_R","Strike_R","Strike_R","Defend_R","Defend_R","Defend_R","Defend_R","Bash+1","Impervious","Pommel Strike","Pommel Strike+1","Wild Strike","Uppercut+1","Headbutt","True Grit+1","Shrug It Off","Seeing Red+1","Immolate+1","Ghostly Armor","Exhume"],"relics":["Burning Blood","Pen Nib","Busted Crown","Red Mask","Nloth\u0027s Gift","Matryoshka","SsserpentHead","Vajra"],"potions_floor_usage":[],"damage_taken":[{"damage":6,"enemies":"Small Slimes","floor":1,"turns":5},{"damage":4,"enemies":"Jaw Worm","floor":2,"turns":4},{"damage":1,"enemies":"Cultist","floor":4,"turns":4},{"damage":9,"enemies":"3 Louse","floor":8,"turns":4},{"damage":0,"enemies":"Large Slime","floor":10,"turns":6},{"damage":10,"enemies":"Exordium Thugs","floor":14,"turns":5},{"damage":21,"enemies":"The Guardian","floor":16,"turns":13},{"damage":23,"enemies":"Shell Parasite","floor":18,"turns":5},{"damage":17,"enemies":"Masked Bandits","floor":19,"turns":4},{"damage":6,"enemies":"3 Byrds","floor":20,"turns":5},{"damage":15,"enemies":"Shelled Parasite and Fungi","floor":21,"turns":7},{"damage":10,"enemies":"Cultist and Chosen","floor":24,"turns":5},{"damage":9,"enemies":"3 Cultists","floor":27,"turns":4},{"damage":40,"enemies":"Gremlin Leader","floor":30,"turns":7},{"damage":25,"enemies":"Sentry and Sphere","floor":31,"turns":3}],"seed_played":"5268047577723293817","potions_obtained":[{"floor":2,"key":"LiquidBronze"},{"floor":7,"key":"Strength Potion"},{"floor":7,"key":"Regen Potion"}],"is_trial":false,"path_per_floor":["M","M","?","M","?","R","?","M","T","M","R","$","R","M","R","B",null,"M","?","M","M","?","R","M","R","T","M","?","R","E","M"],"character_chosen":"IRONCLAD","items_purchased":["True Grit","Shrug It Off"],"campfire_rested":1,"item_purchase_floors":[12,12],"current_hp_per_floor":[72,74,62,67,67,67,67,64,64,70,70,70,70,66,66,51,73,56,45,45,36,36,36,32,32,32,29,29,53,19,0],"gold":295,"neow_bonus":"ONE_RANDOM_RARE_CARD","is_prod":false,"is_daily":false,"chose_seed":false,"campfire_upgraded":6,"win_rate":0,"timestamp":1543612949,"path_taken":["M","M","?","M","?","R","?","?","T","M","R","$","R","M","R","BOSS","M","?","M","M","?","R","M","R","T","?","?","R","E","?"],"build_version":"2018-11-15","purchased_purges":1,"victory":false,"max_hp_per_floor":[80,80,80,80,80,80,80,80,80,80,80,80,80,80,80,80,80,80,80,80,80,80,80,80,80,80,80,80,80,80,80],"card_choices":[{"not_picked":["Heavy Blade","Twin Strike"],"picked":"Pommel Strike","floor":1},{"not_picked":["Clothesline","Thunderclap"],"picked":"Pommel Strike","floor":2},{"not_picked":["Sever Soul","Whirlwind"],"picked":"Wild Strike","floor":4},{"not_picked":["Headbutt","Flex"],"picked":"Uppercut","floor":8},{"not_picked":["Double Tap","Clash"],"picked":"Headbutt","floor":10},{"not_picked":["Wild Strike","Havoc"],"picked":"Seeing Red","floor":14},{"not_picked":["Impervious","Limit Break"],"picked":"Immolate","floor":16},{"not_picked":["Searing Blow"],"picked":"SKIP","floor":18},{"not_picked":["Twin Strike"],"picked":"SKIP","floor":20},{"not_picked":[],"picked":"Ghostly Armor","floor":21},{"not_picked":["Heavy Blade"],"picked":"SKIP","floor":24},{"not_picked":[],"picked":"Exhume","floor":27},{"not_picked":["Uppercut"],"picked":"SKIP","floor":30}],"player_experience":441810,"relics_obtained":[{"floor":9,"key":"Pen Nib"},{"floor":19,"key":"Red Mask"},{"floor":26,"key":"Matryoshka"},{"floor":30,"key":"Vajra"}],"event_choices":[{"damage_healed":0,"gold_gain":0,"player_choice":"Success","damage_taken":12,"relics_obtained":["Anchor"],"max_hp_gain":0,"max_hp_loss":0,"event_name":"Scrap Ooze","floor":3,"gold_loss":0},{"cards_removed":["Strike_R"],"damage_healed":0,"gold_gain":0,"player_choice":"Card Removal","damage_taken":0,"max_hp_gain":0,"max_hp_loss":0,"event_name":"The Cleric","floor":5,"gold_loss":50},{"damage_healed":0,"gold_gain":0,"player_choice":"Got Potions","damage_taken":0,"max_hp_gain":0,"max_hp_loss":0,"event_name":"Lab","floor":7,"gold_loss":0},{"damage_healed":0,"gold_gain":0,"player_choice":"Fought Bandits","damage_taken":0,"max_hp_gain":0,"max_hp_loss":0,"event_name":"Masked Bandits","floor":19,"gold_loss":0},{"damage_healed":0,"gold_gain":0,"player_choice":"Traded Relic","damage_taken":0,"relics_obtained":["Nloth\u0027s Gift"],"max_hp_gain":0,"max_hp_loss":0,"event_name":"N\u0027loth","floor":22,"relics_lost":["Anchor"],"gold_loss":0},{"damage_healed":0,"gold_gain":0,"player_choice":"Trade","damage_taken":0,"relics_obtained":["SsserpentHead"],"max_hp_gain":0,"max_hp_loss":0,"event_name":"FaceTrader","floor":28,"gold_loss":0}],"is_beta":false,"boss_relics":[{"not_picked":["Lizard Tail","Black Star"],"picked":"Busted Crown"}],"items_purged_floors":[12],"is_endless":false,"potions_floor_spawned":[2,14,16,19,24,27],"killed_by":"Sentry and Sphere","ascension_level":12}