{"gold_per_floor":[110,128,128,128,128,157,157,189,215,248,248,248,248,265,265,338,338,349,349,369,423,423,423,448,448,473,398,416,232,232,248,248,248],"floor_reached":33,"playtime":1223,"items_purged":["Writhe"],"score":557,"play_id":"384d4b1b-1a1e-431a-b6d8-fda96b372ec3","local_time":"20190508161741","is_ascension_mode":true,"campfire_choices":[{"data":"Dash","floor":7,"key":"SMITH"},{"data":"Leg Sweep","floor":11,"key":"SMITH"},{"data":"Neutralize","floor":13,"key":"SMITH"},{"data":"Cloak And Dagger","floor":15,"key":"SMITH"},{"data":"Bullet Time","floor":23,"key":"SMITH"},{"data":"Catalyst","floor":25,"key":"SMITH"},{"floor":30,"key":"REST"},{"data":"Glass Knife","floor":32,"key":"SMITH"}],"neow_cost":"NONE","seed_source_timestamp":598329280518873,"circlet_count":0,"master_deck":["AscendersBane","Defend_G","Defend_G","Defend_G","Defend_G","Defend_G","Strike_G","Strike_G","Strike_G","Strike_G","Strike_G","Survivor","Neutralize+1","Dash+1","Dash+1","Quick Slash","Deadly Poison","Leg Sweep+1","Cloak And Dagger+1","Bullet Time+1","Blur+1","Catalyst+1","Finisher","Caltrops","Glass Knife+1"],"relics":["Ring of the Snake","NeowsBlessing","Centennial Puzzle","Blue Candle","Darkstone Periapt","Anchor","White Beast Statue","The Specimen","Happy Flower","Mango","Regal Pillow","Oddly Smooth Stone"],"potions_floor_usage":[18,20,24,28,33,33],"damage_taken":[{"damage":0,"enemies":"2 Louse","floor":1,"turns":1},{"damage":0,"enemies":"Small Slimes","floor":2,"turns":1},{"damage":0,"enemies":"Lagavulin","floor":6,"turns":1},{"damage":12,"enemies":"3 Sentries","floor":8,"turns":9},{"damage":5,"enemies":"Gremlin Nob","floor":10,"turns":5},{"damage":0,"enemies":"Cultist","floor":14,"turns":4},{"damage":28,"enemies":"Hexaghost","floor":16,"turns":15},{"damage":4,"enemies":"Chosen","floor":18,"turns":5},{"damage":26,"enemies":"3 Byrds","floor":20,"turns":4},{"damage":18,"enemies":"Slavers","floor":24,"turns":9},{"damage":15,"enemies":"Snake Plant","floor":28,"turns":6},{"damage":4,"enemies":"Centurion and Healer","floor":31,"turns":6},{"damage":64,"enemies":"Champ","floor":33,"turns":10}],"seed_played":"8634289276050012599","potions_obtained":[{"floor":1,"key":"GhostInAJar"},{"floor":6,"key":"Ancient Potion"},{"floor":16,"key":"PowerPotion"},{"floor":18,"key":"LiquidBronze"},{"floor":20,"key":"SpeedPotion"},{"floor":24,"key":"Swift Potion"},{"floor":28,"key":"GhostInAJar"}],"is_trial":false,"path_per_floor":["M","M","$","?","?","E","R","E","T","E","R","?","R","M","R","B",null,"M","?","M","T","?","R","E","R","T","$","M","$","R","M","R","B"],"character_chosen":"THE_SILENT","items_purchased":["Oddly Smooth Stone","Caltrops"],"campfire_rested":1,"item_purchase_floors":[29,29],"current_hp_per_floor":[59,59,59,59,59,59,59,47,47,42,42,42,42,42,42,14,53,49,55,29,29,43,43,39,39,39,39,24,24,64,60,60,0],"gold":248,"neow_bonus":"THREE_ENEMY_KILL","is_prod":false,"is_daily":false,"chose_seed":false,"campfire_upgraded":7,"win_rate":0,"timestamp":1557346661,"path_taken":["M","M","$","?","?","E","R","E","T","E","R","?","R","?","R","BOSS","M","?","M","?","?","R","E","R","T","$","M","$","R","M","R","BOSS"],"build_version":"2019-01-23","purchased_purges":1,"victory":false,"max_hp_per_floor":[66,66,66,66,66,66,66,66,66,66,66,66,66,66,66,66,66,66,72,72,72,72,72,86,86,86,86,86,86,86,86,86,86],"card_choices":[{"not_picked":["Dodge and Roll","Cloak And Dagger"],"picked":"Dash","floor":1},{"not_picked":["Quick Slash","Dagger Spray"],"picked":"Dash","floor":2},{"not_picked":["Prepared","Bane"],"picked":"Quick Slash","floor":6},{"not_picked":["Dodge and Roll","Underhanded Strike"],"picked":"Deadly Poison","floor":8},{"not_picked":["Venomology","Masterful Stab"],"picked":"Leg Sweep","floor":10},{"not_picked":["Reflex","Quick Slash"],"picked":"Cloak And Dagger","floor":14},{"not_picked":["Adrenaline","Unload"],"picked":"Bullet Time","floor":16},{"not_picked":["Blade Dance","Calculated Gamble"],"picked":"Blur+1","floor":18},{"not_picked":["Dodge and Roll","Setup","Distraction"],"picked":"SKIP","floor":20},{"not_picked":["PiercingWail","Deadly Poison"],"picked":"Catalyst","floor":24},{"not_picked":["Setup","Caltrops"],"picked":"Finisher","floor":28},{"not_picked":["Underhanded Strike","Distraction+1"],"picked":"Glass Knife","floor":31}],"player_experience":503909,"relics_obtained":[{"floor":6,"key":"Centennial Puzzle"},{"floor":8,"key":"Blue Candle"},{"floor":10,"key":"Darkstone Periapt"},{"floor":21,"key":"Happy Flower"},{"floor":24,"key":"Mango"},{"floor":26,"key":"Regal Pillow"}],"event_choices":[{"damage_healed":0,"gold_gain":0,"player_choice":"Grow","damage_taken":0,"max_hp_gain":0,"max_hp_loss":0,"event_name":"Living Wall","floor":4,"gold_loss":0,"cards_upgraded":["Dash"]},{"damage_healed":0,"gold_gain":0,"player_choice":"Leave","damage_taken":0,"max_hp_gain":0,"max_hp_loss":0,"event_name":"The Cleric","floor":5,"gold_loss":0},{"damage_healed":0,"gold_gain":0,"player_choice":"Gave Potion","damage_taken":0,"relics_obtained":["Anchor"],"max_hp_gain":0,"max_hp_loss":0,"event_name":"WeMeetAgain","floor":12,"gold_loss":0},{"damage_healed":0,"gold_gain":0,"player_choice":"Opened","damage_taken":0,"relics_obtained":["The Specimen"],"max_hp_gain":0,"max_hp_loss":0,"event_name":"The Mausoleum","floor":19,"gold_loss":0,"cards_obtained":["Writhe"]},{"damage_healed":14,"gold_gain":0,"player_choice":"Heal","damage_taken":0,"max_hp_gain":0,"max_hp_loss":0,"event_name":"The Library","floor":22,"gold_loss":0}],"is_beta":false,"boss_relics":[{"not_picked":["Runic Dome","Empty Cage"],"picked":"White Beast Statue"}],"items_purged_floors":[27],"is_endless":false,"potions_floor_spawned":[1,6,8,16,18,20,24,28,31],"killed_by":"Champ","ascension_level":15}