{"gold_per_floor":[115,115,128,53,53,53,89,54,54,67,106,127,127,143,143,274,337,317,242,367,442,80,80,104,104,104,119,133,133,133],"floor_reached":30,"playtime":2310,"items_purged":["Strike_G","Defend_G"],"score":298,"play_id":"b4223c2b-53cd-488a-b85d-7dfd9492b3dc","local_time":"20190120175711","is_ascension_mode":true,"campfire_choices":[{"data":"Neutralize","floor":6,"key":"SMITH"},{"floor":13,"key":"REST"},{"data":"Finisher","floor":15,"key":"SMITH"},{"floor":23,"key":"REST"},{"data":"Dagger Spray","floor":25,"key":"SMITH"},{"floor":29,"key":"REST"}],"neow_cost":"NONE","seed_source_timestamp":1000185821911210,"circlet_count":0,"master_deck":["Defend_G","Defend_G+1","Defend_G","Defend_G","Strike_G","Strike_G+1","Strike_G+1","Survivor","Neutralize+1","Finisher+1","Dagger Throw","Backflip","Infinite Blades","Backstab","Leg Sweep","Dagger Spray+1","Burst","Escape Plan","Deadly Poison","Predator","Deflect+1","Poisoned Stab+1","Calculated Gamble","Deflect+1"],"relics":["Ring of the Snake","Bag of Preparation","Golden Idol","Art of War","Smiling Mask","Bronze Scales","Tiny House","Prayer Wheel","Matryoshka","Sundial","Boot","Ornamental Fan"],"potions_floor_usage":[7,11,16,28,28,28],"damage_taken":[{"damage":3,"enemies":"2 Louse","floor":1,"turns":4},{"damage":1,"enemies":"Jaw Worm","floor":3,"turns":3},{"damage":13,"enemies":"3 Sentries","floor":7,"turns":10},{"damage":0,"enemies":"Small Slimes","floor":10,"turns":2},{"damage":16,"enemies":"Lagavulin","floor":11,"turns":6},{"damage":1,"enemies":"Red Slaver","floor":12,"turns":3},{"damage":0,"enemies":"Looter","floor":14,"turns":1},{"damage":6,"enemies":"Hexaghost","floor":16,"turns":9},{"damage":19,"enemies":"2 Thieves","floor":18,"turns":5},{"damage":8,"enemies":"Colosseum Slavers","floor":20,"turns":5},{"damage":14,"enemies":"Colosseum Nobs","floor":20,"turns":5},{"damage":2,"enemies":"Chosen","floor":24,"turns":5},{"damage":27,"enemies":"3 Cultists","floor":27,"turns":6},{"damage":0,"enemies":"Centurion and Healer","floor":28,"turns":3},{"damage":34,"enemies":"Gremlin Leader","floor":30,"turns":6}],"seed_played":"1562244892980586542","potions_obtained":[{"floor":1,"key":"Dexterity Potion"},{"floor":3,"key":"Dexterity Potion"},{"floor":12,"key":"LiquidBronze"},{"floor":17,"key":"SmokeBomb"},{"floor":20,"key":"SteroidPotion"},{"floor":27,"key":"GhostInAJar"}],"is_trial":false,"path_per_floor":["M","?","M","$","?","R","E","?","T","M","E","M","R","M","R","B",null,"M","?","?","?","$","R","M","R","T","M","M","R","E"],"character_chosen":"THE_SILENT","items_purchased":["Sundial","Strength Potion"],"campfire_rested":3,"item_purchase_floors":[22,22],"current_hp_per_floor":[67,53,52,52,52,52,39,39,39,39,23,22,41,41,41,35,63,44,44,22,15,15,36,34,34,34,7,7,28,0],"gold":133,"neow_bonus":"RANDOM_COMMON_RELIC","is_prod":false,"is_daily":false,"chose_seed":false,"campfire_upgraded":3,"win_rate":0,"timestamp":1548025031,"path_taken":["M","?","M","$","?","R","E","?","T","M","E","M","R","M","R","BOSS","M","?","?","?","$","R","M","R","T","?","M","R","E"],"build_version":"2019-01-17v2","purchased_purges":2,"victory":false,"max_hp_per_floor":[70,70,70,70,65,65,65,65,65,65,65,65,65,65,65,65,70,70,70,70,70,70,70,70,70,70,70,70,70,70],"card_choices":[{"not_picked":["Expertise","Slice"],"picked":"Finisher","floor":1},{"not_picked":["Endless Agony","Concentrate"],"picked":"Dagger Throw","floor":3},{"not_picked":["Acrobatics","All Out Attack"],"picked":"Backflip","floor":7},{"not_picked":["Expertise","Concentrate"],"picked":"Infinite Blades","floor":10},{"not_picked":["Accuracy","Bane"],"picked":"Backstab","floor":11},{"not_picked":["Quick Slash","Accuracy"],"picked":"Leg Sweep","floor":12},{"not_picked":["Acrobatics","Underhanded Strike"],"picked":"Dagger Spray","floor":14},{"not_picked":["Doppelganger","Tools of the Trade"],"picked":"Burst","floor":16},{"not_picked":["Slice+1","Distraction"],"picked":"Escape Plan","floor":18},{"not_picked":["Quick Slash","PiercingWail"],"picked":"Deadly Poison","floor":20},{"not_picked":["Flying Knee","Bane"],"picked":"Predator","floor":24},{"not_picked":["Bane+1","Acrobatics+1","Unload"],"picked":"SKIP","floor":24},{"not_picked":["Backflip","Bane"],"picked":"Deflect+1","floor":27},{"not_picked":["Phantasmal Killer","Slice"],"picked":"Poisoned Stab+1","floor":27},{"not_picked":["Slice","Sucker Punch"],"picked":"Calculated Gamble","floor":28},{"not_picked":["Dodge and Roll","Flying Knee"],"picked":"Deflect+1","floor":28}],"player_experience":139068,"relics_obtained":[{"floor":7,"key":"Art of War"},{"floor":9,"key":"Smiling Mask"},{"floor":11,"key":"Bronze Scales"},{"floor":20,"key":"Prayer Wheel"},{"floor":20,"key":"Matryoshka"},{"floor":26,"key":"Boot"},{"floor":26,"key":"Ornamental Fan"}],"event_choices":[{"damage_healed":0,"gold_gain":0,"player_choice":"Entered Light","damage_taken":14,"max_hp_gain":0,"max_hp_loss":0,"event_name":"Shining Light","floor":2,"gold_loss":0,"cards_upgraded":["Defend_G","Strike_G"]},{"damage_healed":0,"gold_gain":0,"player_choice":"Lose Max HP","damage_taken":0,"relics_obtained":["Golden Idol"],"max_hp_gain":0,"max_hp_loss":5,"event_name":"Golden Idol","floor":5,"gold_loss":0},{"damage_healed":0,"gold_gain":0,"player_choice":"Left Gold","damage_taken":0,"max_hp_gain":0,"max_hp_loss":0,"event_name":"World of Goop","floor":8,"gold_loss":35},{"cards_removed":["Strike_G"],"damage_healed":0,"gold_gain":0,"player_choice":"Gave Gold","damage_taken":0,"max_hp_gain":0,"max_hp_loss":0,"event_name":"Beggar","floor":19,"gold_loss":75},{"damage_healed":0,"gold_gain":0,"player_choice":"Fight","damage_taken":0,"max_hp_gain":0,"max_hp_loss":0,"event_name":"Colosseum","floor":20,"gold_loss":0},{"damage_healed":0,"gold_gain":0,"player_choice":"Fought Nobs","damage_taken":0,"max_hp_gain":0,"max_hp_loss":0,"event_name":"Colosseum","floor":20,"gold_loss":0},{"damage_healed":0,"gold_gain":75,"player_choice":"Touch","damage_taken":7,"max_hp_gain":0,"max_hp_loss":0,"event_name":"FaceTrader","floor":21,"gold_loss":0}],"is_beta":false,"boss_relics":[{"not_picked":["HoveringKite","Coffee Dripper"],"picked":"Tiny House"}],"items_purged_floors":[4,22],"is_endless":false,"potions_floor_spawned":[1,3,12,20,20,27],"killed_by":"Gremlin Leader","ascension_level":5}