{"gold_per_floor":[111,36,53,53,53,53,88,108,108,131,156,156,179,222,222,311,311,325,375,375,375,400,400],"floor_reached":23,"playtime":770,"items_purged":[],"score":382,"play_id":"f6018b1e-267e-4fc8-834b-cfc20b15b47a","local_time":"20190619165210","is_ascension_mode":true,"campfire_choices":[{"data":"Neutralize","floor":6,"key":"SMITH"},{"floor":12,"key":"REST"},{"floor":15,"key":"REST"}],"neow_cost":"NONE","seed_source_timestamp":652715215116189,"circlet_count":0,"master_deck":["AscendersBane","Defend_G","Defend_G","Defend_G","Defend_G","Defend_G","Strike_G","Strike_G","Strike_G","Strike_G","Survivor","Neutralize+1","Masterful Stab","Deadly Poison","Masterful Stab","Masterful Stab","Poisoned Stab","After Image","Quick Slash","Corpse Explosion+1","Escape Plan+1","Noxious Fumes"],"relics":["Ring of the Snake","Golden Idol","Shuriken","Toxic Egg 2","Paper Crane","Fusion Hammer"],"potions_floor_usage":[14,20,23],"damage_taken":[{"damage":0,"enemies":"2 Louse","floor":1,"turns":3},{"damage":2,"enemies":"Jaw Worm","floor":3,"turns":4},{"damage":47,"enemies":"3 Sentries","floor":7,"turns":16},{"damage":0,"enemies":"Small Slimes","floor":8,"turns":2},{"damage":5,"enemies":"Red Slaver","floor":10,"turns":2},{"damage":7,"enemies":"Exordium Wildlife","floor":11,"turns":4},{"damage":0,"enemies":"Looter","floor":13,"turns":3},{"damage":18,"enemies":"Lagavulin","floor":14,"turns":5},{"damage":11,"enemies":"Slime Boss","floor":16,"turns":9},{"damage":24,"enemies":"2 Thieves","floor":18,"turns":3},{"damage":7,"enemies":"Colosseum Slavers","floor":20,"turns":2},{"damage":14,"enemies":"3 Byrds","floor":22,"turns":4},{"damage":20,"enemies":"Gremlin Leader","floor":23,"turns":2}],"seed_played":"-5019173652803260949","potions_obtained":[{"floor":7,"key":"SpeedPotion"},{"floor":11,"key":"SteroidPotion"},{"floor":16,"key":"Strength Potion"}],"is_trial":false,"path_per_floor":["M","?","M","?","?","R","E","M","T","M","M","R","M","E","R","B",null,"M","?","?","?","M","E"],"character_chosen":"THE_SILENT","items_purchased":[],"campfire_rested":2,"item_purchase_floors":[],"current_hp_per_floor":[65,65,63,63,63,63,16,16,16,11,4,23,23,5,24,13,52,28,28,21,34,20,0],"gold":400,"neow_bonus":"TEN_PERCENT_HP_BONUS","is_prod":false,"is_daily":false,"chose_seed":false,"campfire_upgraded":1,"win_rate":0,"timestamp":1560977530,"path_taken":["M","?","M","?","?","R","E","M","T","M","?","R","M","E","R","BOSS","M","?","?","?","M","E"],"build_version":"2019-01-23","purchased_purges":0,"victory":false,"max_hp_per_floor":[72,72,72,65,65,65,65,65,65,65,65,65,65,65,65,65,65,65,65,65,65,65,65],"card_choices":[{"not_picked":["Blade Dance","Heel Hook"],"picked":"Masterful Stab","floor":1},{"not_picked":["Acrobatics","Dagger Throw"],"picked":"Deadly Poison","floor":3},{"not_picked":["Sucker Punch","Deflect"],"picked":"Masterful Stab","floor":7},{"not_picked":["Bane","Dagger Throw"],"picked":"Masterful Stab","floor":8},{"not_picked":["Tactician+1","Deflect+1","Slice"],"picked":"SKIP","floor":10},{"not_picked":["Prepared+1","Underhanded Strike"],"picked":"Poisoned Stab","floor":11},{"not_picked":["Sucker Punch","Masterful Stab"],"picked":"After Image","floor":13},{"not_picked":["Bane","Calculated Gamble+1"],"picked":"Quick Slash","floor":14},{"not_picked":["Bullet Time+1","Unload"],"picked":"Corpse Explosion+1","floor":16},{"not_picked":["Outmaneuver+1","Flying Knee"],"picked":"Escape Plan+1","floor":18},{"not_picked":["Eviscerate","Slice"],"picked":"Noxious Fumes","floor":22}],"player_experience":829345,"relics_obtained":[{"floor":7,"key":"Shuriken"},{"floor":9,"key":"Toxic Egg 2"},{"floor":14,"key":"Paper Crane"}],"event_choices":[{"cards_removed":["Strike_G"],"damage_healed":0,"gold_gain":0,"player_choice":"Card Removal","damage_taken":0,"max_hp_gain":0,"max_hp_loss":0,"event_name":"The Cleric","floor":2,"gold_loss":75},{"damage_healed":0,"gold_gain":0,"player_choice":"Lose Max HP","damage_taken":0,"relics_obtained":["Golden Idol"],"max_hp_gain":0,"max_hp_loss":7,"event_name":"Golden Idol","floor":4,"gold_loss":0},{"damage_healed":0,"gold_gain":0,"player_choice":"0 cards matched","damage_taken":0,"max_hp_gain":0,"max_hp_loss":0,"event_name":"Match and Keep!","floor":5,"gold_loss":0,"cards_obtained":[]},{"damage_healed":0,"gold_gain":50,"player_choice":"Stole From Cult","damage_taken":0,"max_hp_gain":0,"max_hp_loss":0,"event_name":"Nest","floor":19,"gold_loss":0},{"damage_healed":0,"gold_gain":0,"player_choice":"Fight","damage_taken":0,"max_hp_gain":0,"max_hp_loss":0,"event_name":"Colosseum","floor":20,"gold_loss":0},{"damage_healed":0,"gold_gain":0,"player_choice":"Fled From Nobs","damage_taken":0,"max_hp_gain":0,"max_hp_loss":0,"event_name":"Colosseum","floor":20,"gold_loss":0},{"damage_healed":13,"gold_gain":0,"player_choice":"Heal","damage_taken":0,"max_hp_gain":0,"max_hp_loss":0,"event_name":"The Library","floor":21,"gold_loss":0}],"is_beta":false,"boss_relics":[{"not_picked":["White Beast Statue","Runic Pyramid"],"picked":"Fusion Hammer"}],"items_purged_floors":[],"is_endless":false,"potions_floor_spawned":[7,11,16,20],"killed_by":"Gremlin Leader","ascension_level":18}