{"gold_per_floor":[115,125,137,137,1,26,26,38,38,63,63,132,150,200,200,297,297,270,21,35,85,103,103,120,120],"floor_reached":25,"playtime":1246,"items_purged":[],"score":344,"play_id":"a992a2e7-6286-4d18-b019-6754659b8491","local_time":"20190326163850","is_ascension_mode":true,"campfire_choices":[{"floor":7,"key":"REST"},{"floor":11,"key":"REST"},{"floor":15,"key":"REST"},{"floor":23,"key":"REST"}],"neow_cost":"NONE","seed_source_timestamp":1121063577448235,"circlet_count":0,"master_deck":["AscendersBane","Defend_G","Defend_G","Defend_G","Defend_G","Defend_G","Strike_G","Strike_G","Strike_G","Strike_G","Survivor","Neutralize","Crippling Poison","Dagger Spray","Riddle With Holes","Caltrops","Backstab","Poisoned Stab","Envenom","Bouncing Flask","Dodge and Roll","Bane","Wraith Form v2","Well Laid Plans+1","Catalyst","Choke","Well Laid Plans"],"relics":["White Beast Statue","SsserpentHead","Kunai","Blue Candle","Shuriken","Philosopher\u0027s Stone","Gremlin Horn"],"potions_floor_usage":[2,3,6,8,10,12,13,18,20,20,22,25,25],"damage_taken":[{"damage":8,"enemies":"Small Slimes","floor":1,"turns":6},{"damage":0,"enemies":"Cultist","floor":2,"turns":5},{"damage":1,"enemies":"Jaw Worm","floor":3,"turns":5},{"damage":24,"enemies":"Gremlin Nob","floor":6,"turns":4},{"damage":5,"enemies":"Lots of Slimes","floor":8,"turns":4},{"damage":32,"enemies":"3 Sentries","floor":10,"turns":8},{"damage":1,"enemies":"Exordium Wildlife","floor":12,"turns":4},{"damage":15,"enemies":"Large Slime","floor":13,"turns":7},{"damage":28,"enemies":"Hexaghost","floor":16,"turns":8},{"damage":4,"enemies":"2 Thieves","floor":18,"turns":5},{"damage":19,"enemies":"Shell Parasite","floor":20,"turns":5},{"damage":30,"enemies":"Centurion and Healer","floor":22,"turns":8},{"damage":9,"enemies":"Snecko","floor":24,"turns":5},{"damage":15,"enemies":"Slavers","floor":25,"turns":1}],"seed_played":"-6406722881507466349","potions_obtained":[{"floor":1,"key":"PowerPotion"},{"floor":2,"key":"AttackPotion"},{"floor":3,"key":"LiquidBronze"},{"floor":6,"key":"AttackPotion"},{"floor":8,"key":"SkillPotion"},{"floor":10,"key":"Block Potion"},{"floor":12,"key":"Weak Potion"},{"floor":13,"key":"Fire Potion"},{"floor":16,"key":"Block Potion"},{"floor":18,"key":"Swift Potion"},{"floor":20,"key":"AttackPotion"},{"floor":22,"key":"Energy Potion"},{"floor":24,"key":"SkillPotion"}],"is_trial":false,"path_per_floor":["M","M","M","?","$","E","R","M","T","E","R","M","M","?","R","B",null,"M","$","M","?","M","R","M","E"],"character_chosen":"THE_SILENT","items_purchased":["Caltrops","Backstab","Gremlin Horn"],"campfire_rested":4,"item_purchase_floors":[5,5,19],"current_hp_per_floor":[55,55,54,54,54,30,51,46,46,14,35,34,19,19,40,12,56,52,52,33,33,3,24,15,0],"gold":120,"neow_bonus":"BOSS_RELIC","is_prod":false,"is_daily":false,"chose_seed":false,"campfire_upgraded":0,"win_rate":0,"timestamp":1553632730,"path_taken":["M","M","M","?","$","E","R","M","T","E","R","?","M","?","R","BOSS","M","$","M","?","M","R","M","E"],"build_version":"2019-01-23","purchased_purges":0,"victory":false,"max_hp_per_floor":[70,70,70,70,70,70,70,70,70,70,70,70,70,70,70,70,70,70,70,70,70,70,70,70,70],"card_choices":[{"not_picked":["Sucker Punch","Well Laid Plans"],"picked":"Crippling Poison","floor":1},{"not_picked":["Blade Dance","Calculated Gamble"],"picked":"Dagger Spray","floor":2},{"not_picked":["Skewer","Setup"],"picked":"Riddle With Holes","floor":3},{"not_picked":["Bane","Slice"],"picked":"Poisoned Stab","floor":6},{"not_picked":["Acrobatics","Bouncing Flask"],"picked":"Envenom","floor":8},{"not_picked":["Tools of the Trade","Heel Hook"],"picked":"Bouncing Flask","floor":10},{"not_picked":["Eviscerate","Flying Knee"],"picked":"Dodge and Roll","floor":12},{"not_picked":["Quick Slash","Slice"],"picked":"Bane","floor":13},{"not_picked":["Storm of Steel","Night Terror"],"picked":"Wraith Form v2","floor":16},{"not_picked":["Outmaneuver","Deflect"],"picked":"Well Laid Plans+1","floor":18},{"not_picked":["Poisoned Stab","Dagger Spray"],"picked":"Catalyst","floor":20},{"not_picked":["Acrobatics","Flying Knee"],"picked":"Well Laid Plans","floor":22},{"not_picked":["Setup","Slice","Calculated Gamble"],"picked":"SKIP","floor":24}],"player_experience":388293,"relics_obtained":[{"floor":6,"key":"Kunai"},{"floor":9,"key":"Blue Candle"},{"floor":10,"key":"Shuriken"}],"event_choices":[{"damage_healed":0,"gold_gain":0,"player_choice":"Trade","damage_taken":0,"relics_obtained":["SsserpentHead"],"max_hp_gain":0,"max_hp_loss":0,"event_name":"FaceTrader","floor":4,"gold_loss":0},{"damage_healed":0,"gold_gain":0,"player_choice":"Searched \u00270\u0027 times","damage_taken":0,"max_hp_gain":0,"max_hp_loss":0,"event_name":"Dead Adventurer","floor":14,"gold_loss":0},{"damage_healed":0,"gold_gain":0,"cards_transformed":["Strike_G"],"player_choice":"Transformed","damage_taken":0,"max_hp_gain":0,"max_hp_loss":0,"event_name":"Transmorgrifier","floor":21,"gold_loss":0,"cards_obtained":["Choke"]}],"is_beta":false,"boss_relics":[{"not_picked":["Velvet Choker","HoveringKite"],"picked":"Philosopher\u0027s Stone"}],"items_purged_floors":[],"is_endless":false,"potions_floor_spawned":[1,2,3,6,8,10,12,13,16,18,20,22,24],"killed_by":"Slavers","ascension_level":12}