{"gold_per_floor":[110,127,127,142,142,142,156,156,156,4,61,73,87,122,122,226,226,236,236,136,147,147,147,174,189,214,224,224,224,241,259,259,358,358,358,375,183,196,196,196,227,239,239,46,46,46,46,46,46,46],"floor_reached":51,"playtime":3874,"items_purged":["Strike_G","Writhe"],"score":836,"play_id":"abae9153-898e-4369-9b33-0650851538f1","local_time":"20190119193404","is_ascension_mode":true,"campfire_choices":[{"data":"Dagger Spray","floor":6,"key":"SMITH"},{"data":"Predator","floor":8,"key":"SMITH"},{"data":"Cloak And Dagger","floor":15,"key":"SMITH"},{"data":"Blade Dance","floor":23,"key":"SMITH"},{"data":"Dagger Spray","floor":29,"key":"SMITH"},{"floor":32,"key":"REST"},{"floor":40,"key":"REST"},{"floor":45,"key":"REST"},{"floor":47,"key":"REST"},{"data":"Leg Sweep","floor":49,"key":"SMITH"}],"neow_cost":"NONE","seed_source_timestamp":918025822834996,"circlet_count":0,"master_deck":["Defend_G","Defend_G","Defend_G","Defend_G","Strike_G","Strike_G","Survivor","Neutralize","Dagger Spray+1","Leg Sweep","PiercingWail","Neutralize+1","Predator+1","Blade Dance+1","Cloak And Dagger+1","Backflip","Infinite Blades","Blade Dance+1","Leg Sweep+1","Corpse Explosion","Outmaneuver+1","Prepared+1","Dagger Spray+1","Distraction+1","Well Laid Plans+1","Caltrops","Backstab+1","Tools of the Trade","Caltrops+1","Deflect+1","PiercingWail+1","Blade Dance+1","Prepared"],"relics":["Ring of the Serpent","Shuriken","Mercury Hourglass","Paper Crane","Empty Cage","Blood Vial","Omamori","Happy Flower","HandDrill","Orichalcum","Centennial Puzzle","ClockworkSouvenir"],"potions_floor_usage":[16,24,24,35,41,41,50,50],"damage_taken":[{"damage":1,"enemies":"Cultist","floor":1,"turns":5},{"damage":0,"enemies":"Small Slimes","floor":2,"turns":5},{"damage":0,"enemies":"2 Louse","floor":4,"turns":2},{"damage":3,"enemies":"Looter","floor":7,"turns":4},{"damage":9,"enemies":"Gremlin Nob","floor":11,"turns":4},{"damage":0,"enemies":"Lots of Slimes","floor":12,"turns":2},{"damage":0,"enemies":"Exordium Thugs","floor":13,"turns":4},{"damage":6,"enemies":"Gremlin Nob","floor":14,"turns":3},{"damage":5,"enemies":"Hexaghost","floor":16,"turns":8},{"damage":0,"enemies":"Spheric Guardian","floor":18,"turns":4},{"damage":0,"enemies":"3 Byrds","floor":21,"turns":3},{"damage":0,"enemies":"Gremlin Leader","floor":24,"turns":4},{"damage":6,"enemies":"Centurion and Healer","floor":25,"turns":4},{"damage":8,"enemies":"Shelled Parasite and Fungi","floor":27,"turns":4},{"damage":0,"enemies":"Sentry and Sphere","floor":30,"turns":3},{"damage":18,"enemies":"Snecko","floor":31,"turns":5},{"damage":37,"enemies":"Champ","floor":33,"turns":13},{"damage":4,"enemies":"3 Darklings","floor":35,"turns":3},{"damage":12,"enemies":"3 Shapes","floor":36,"turns":4},{"damage":16,"enemies":"Writhing Mass","floor":38,"turns":7},{"damage":38,"enemies":"Giant Head","floor":41,"turns":8},{"damage":0,"enemies":"Spire Growth","floor":42,"turns":4},{"damage":73,"enemies":"Donu and Deca","floor":50,"turns":8}],"seed_played":"-3221417711148135842","potions_obtained":[{"floor":1,"key":"Dexterity Potion"},{"floor":11,"key":"SmokeBomb"},{"floor":12,"key":"EntropicBrew"},{"floor":13,"key":"GhostInAJar"},{"floor":18,"key":"Poison Potion"},{"floor":21,"key":"Strength Potion"},{"floor":24,"key":"SteroidPotion"},{"floor":25,"key":"SpeedPotion"},{"floor":36,"key":"SpeedPotion"},{"floor":42,"key":"Swift Potion"}],"is_trial":false,"path_per_floor":["M","M","?","M","?","R","M","R","T","$","?","M","M","E","R","B",null,"M","?","$","M","?","R","E","M","T","M","$","R","M","M","R","B",null,"M","M","$","M","$","R","E","M","T","$","R","?","R","$","R","B",null],"character_chosen":"THE_SILENT","items_purchased":["Cloak And Dagger","Backflip","HandDrill","ClockworkSouvenir"],"campfire_rested":4,"item_purchase_floors":[10,10,37,44],"current_hp_per_floor":[76,76,76,76,76,76,73,73,73,73,64,64,64,58,58,53,77,77,77,77,77,77,77,77,71,71,65,65,65,67,51,74,39,77,73,63,63,49,49,72,36,38,38,38,61,61,77,77,77,4],"gold":46,"neow_bonus":"TEN_PERCENT_HP_BONUS","is_prod":false,"is_daily":false,"chose_seed":false,"campfire_upgraded":6,"win_rate":0,"timestamp":1547944444,"path_taken":["M","?","?","?","?","R","M","R","T","$","?","M","M","E","R","BOSS","M","?","$","M","?","R","E","M","T","?","?","R","M","M","R","BOSS","M","M","?","M","$","R","E","M","T","$","R","?","R","$","R","BOSS"],"build_version":"2019-01-17v2","purchased_purges":2,"victory":true,"max_hp_per_floor":[77,77,77,77,77,77,77,77,77,77,77,77,77,77,77,77,77,77,77,77,77,77,77,77,77,77,77,77,77,77,77,77,77,77,77,77,77,77,77,77,77,77,77,77,77,77,77,77,77,77],"card_choices":[{"not_picked":["Slice","Bane"],"picked":"Dagger Spray","floor":1},{"not_picked":["Flying Knee","Accuracy"],"picked":"Leg Sweep","floor":2},{"not_picked":["Escape Plan","Heel Hook"],"picked":"Predator","floor":4},{"not_picked":["Calculated Gamble","Sucker Punch"],"picked":"Blade Dance","floor":7},{"not_picked":["Dodge and Roll","Sucker Punch"],"picked":"Infinite Blades","floor":11},{"not_picked":["Unload","Cloak And Dagger","Quick Slash"],"picked":"SKIP","floor":12},{"not_picked":["Bane","Acrobatics"],"picked":"Blade Dance","floor":13},{"not_picked":["Bane","Envenom"],"picked":"Leg Sweep","floor":14},{"not_picked":["Die Die Die","Venomology"],"picked":"Corpse Explosion","floor":16},{"not_picked":["Eviscerate","Dagger Spray"],"picked":"Outmaneuver+1","floor":18},{"not_picked":["Acrobatics","Dagger Spray"],"picked":"Prepared+1","floor":21},{"not_picked":["Quick Slash","Skewer"],"picked":"Dagger Spray","floor":24},{"not_picked":["Concentrate","Outmaneuver+1"],"picked":"Distraction+1","floor":25},{"not_picked":["Dagger Spray","Outmaneuver"],"picked":"Well Laid Plans+1","floor":27},{"not_picked":["Quick Slash+1","Backflip"],"picked":"Caltrops","floor":30},{"not_picked":["Sucker Punch","Predator"],"picked":"Backstab+1","floor":31},{"not_picked":["Wraith Form v2","Storm of Steel"],"picked":"Tools of the Trade","floor":33},{"not_picked":["Dagger Throw","Cloak And Dagger"],"picked":"Caltrops+1","floor":36},{"not_picked":["Crippling Poison","Bane+1"],"picked":"Deflect+1","floor":38},{"not_picked":["Dagger Spray+1","Dodge and Roll"],"picked":"PiercingWail+1","floor":41},{"not_picked":["Dodge and Roll","Catalyst+1"],"picked":"Blade Dance+1","floor":42}],"player_experience":113097,"relics_obtained":[{"floor":9,"key":"Shuriken"},{"floor":11,"key":"Mercury Hourglass"},{"floor":14,"key":"Paper Crane"},{"floor":24,"key":"Omamori"},{"floor":26,"key":"Happy Flower"},{"floor":41,"key":"Orichalcum"},{"floor":43,"key":"Centennial Puzzle"}],"event_choices":[{"damage_healed":0,"gold_gain":0,"player_choice":"2 cards matched","damage_taken":0,"max_hp_gain":0,"max_hp_loss":0,"event_name":"Match and Keep!","floor":3,"gold_loss":0,"cards_obtained":["PiercingWail","Neutralize"]},{"damage_healed":0,"gold_gain":0,"player_choice":"Grow","damage_taken":0,"max_hp_gain":0,"max_hp_loss":0,"event_name":"Living Wall","floor":5,"gold_loss":0,"cards_upgraded":["Neutralize"]},{"damage_healed":0,"gold_gain":30,"player_choice":"Searched \u00272\u0027 times","damage_taken":0,"max_hp_gain":0,"max_hp_loss":0,"event_name":"Dead Adventurer","floor":11,"gold_loss":0},{"damage_healed":0,"gold_gain":0,"player_choice":"Opened","damage_taken":0,"relics_obtained":["Blood Vial"],"max_hp_gain":0,"max_hp_loss":0,"event_name":"The Mausoleum","floor":19,"gold_loss":0,"cards_obtained":["Writhe"]},{"damage_healed":0,"gold_gain":0,"player_choice":"Forge","damage_taken":0,"max_hp_gain":0,"max_hp_loss":0,"event_name":"Accursed Blacksmith","floor":22,"gold_loss":0,"cards_upgraded":["Blade Dance"]},{"damage_healed":0,"gold_gain":0,"cards_transformed":["Strike_G"],"player_choice":"Transformed","damage_taken":0,"max_hp_gain":0,"max_hp_loss":0,"event_name":"Transmorgrifier","floor":46,"gold_loss":0,"cards_obtained":["Prepared"]}],"is_beta":false,"boss_relics":[{"not_picked":["Pandora\u0027s Box","Runic Pyramid"],"picked":"Empty Cage"},{"not_picked":["WristBlade","Philosopher\u0027s Stone"],"picked":"Ring of the Serpent"}],"items_purged_floors":[10,20],"is_endless":false,"potions_floor_spawned":[1,11,12,13,18,21,24,25,33,36,42],"ascension_level":4}