{"gold_per_floor":[110,124,139,139,158,158,177,190,190,203,203,216,66,85,85,163,163,175,95,95,111,131,131,131],"floor_reached":24,"playtime":1651,"items_purged":["Strike_G"],"score":388,"play_id":"677a1ac5-d97c-44b0-87a7-c1c82a6a6204","local_time":"20190318005646","is_ascension_mode":true,"campfire_choices":[{"floor":6,"key":"REST"},{"data":"Malaise","floor":11,"key":"SMITH"},{"data":"Footwork","floor":15,"key":"SMITH"},{"data":"Footwork","floor":23,"key":"SMITH"}],"neow_cost":"NONE","seed_source_timestamp":5941050252898,"circlet_count":0,"master_deck":["AscendersBane","Defend_G","Defend_G","Defend_G","Defend_G","Defend_G","Survivor","Neutralize","Finisher","Predator","Footwork+1","Well Laid Plans","Bouncing Flask","Malaise+1","Crippling Poison","Deflect","Footwork+1","Dodge and Roll","Corpse Explosion","Quick Slash+1","Slice+1","Blur+1","Dodge and Roll","Acrobatics","Deflect"],"relics":["Ring of the Snake","Mummified Hand","Astrolabe"],"potions_floor_usage":[10,14,14,19,24],"damage_taken":[{"damage":4,"enemies":"Small Slimes","floor":1,"turns":4},{"damage":5,"enemies":"Cultist","floor":2,"turns":4},{"damage":9,"enemies":"Jaw Worm","floor":3,"turns":5},{"damage":42,"enemies":"Gremlin Gang","floor":5,"turns":8},{"damage":2,"enemies":"2 Fungi Beasts","floor":7,"turns":4},{"damage":3,"enemies":"Looter","floor":8,"turns":4},{"damage":1,"enemies":"Exordium Wildlife","floor":10,"turns":5},{"damage":3,"enemies":"Blue Slaver","floor":12,"turns":7},{"damage":0,"enemies":"Gremlin Gang","floor":14,"turns":5},{"damage":3,"enemies":"The Guardian","floor":16,"turns":14},{"damage":6,"enemies":"Spheric Guardian","floor":18,"turns":4},{"damage":0,"enemies":"2 Thieves","floor":19,"turns":4},{"damage":1,"enemies":"Snake Plant","floor":21,"turns":6},{"damage":4,"enemies":"Shelled Parasite and Fungi","floor":22,"turns":9},{"damage":61,"enemies":"Gremlin Leader","floor":24,"turns":10}],"seed_played":"-6878960488554508107","potions_obtained":[{"floor":3,"key":"FearPotion"},{"floor":7,"key":"Explosive Potion"},{"floor":10,"key":"Fire Potion"},{"floor":16,"key":"SpeedPotion"},{"floor":18,"key":"Strength Potion"}],"is_trial":false,"path_per_floor":["M","M","M","?","M","R","M","M","T","M","R","M","$","M","R","B",null,"M","M","?","M","M","R","E"],"character_chosen":"THE_SILENT","items_purchased":["Footwork"],"campfire_rested":1,"item_purchase_floors":[13],"current_hp_per_floor":[61,56,47,47,5,26,24,21,21,20,20,17,17,17,17,14,58,52,52,52,51,47,47,0],"gold":131,"neow_bonus":"TEN_PERCENT_HP_BONUS","is_prod":false,"is_daily":false,"chose_seed":false,"campfire_upgraded":3,"win_rate":0,"timestamp":1552881406,"path_taken":["M","M","M","?","?","R","M","?","T","M","R","M","$","M","R","BOSS","M","M","?","M","M","R","E"],"build_version":"2019-01-23","purchased_purges":1,"victory":false,"max_hp_per_floor":[72,72,72,72,72,72,72,72,72,72,72,72,72,72,72,72,72,72,72,72,72,72,72,72],"card_choices":[{"not_picked":["Outmaneuver","Reflex"],"picked":"Finisher","floor":1},{"not_picked":["Underhanded Strike","Caltrops"],"picked":"Predator","floor":2},{"not_picked":["Reflex","PiercingWail"],"picked":"Footwork","floor":3},{"not_picked":["Heel Hook","Terror"],"picked":"Bouncing Flask","floor":5},{"not_picked":["Dagger Throw","Prepared","Outmaneuver"],"picked":"SKIP","floor":7},{"not_picked":["Cloak And Dagger","Deadly Poison"],"picked":"Malaise","floor":8},{"not_picked":["All Out Attack","Masterful Stab"],"picked":"Crippling Poison","floor":10},{"not_picked":["PiercingWail","Reflex"],"picked":"Deflect","floor":12},{"not_picked":["Flechettes","Quick Slash"],"picked":"Dodge and Roll","floor":14},{"not_picked":["Burst","Night Terror"],"picked":"Corpse Explosion","floor":16},{"not_picked":["Bane","Cloak And Dagger","Setup"],"picked":"SKIP","floor":18},{"not_picked":["Masterful Stab","Bane"],"picked":"Dodge and Roll","floor":19},{"not_picked":["Slice","Night Terror"],"picked":"Deflect","floor":21},{"not_picked":["Expertise","Setup","Backstab"],"picked":"SKIP","floor":22}],"player_experience":951047,"relics_obtained":[{"floor":9,"key":"Mummified Hand"}],"event_choices":[{"damage_healed":0,"gold_gain":0,"cards_transformed":["Strike_G"],"player_choice":"Transformed","damage_taken":0,"max_hp_gain":0,"max_hp_loss":0,"event_name":"Transmorgrifier","floor":4,"gold_loss":0,"cards_obtained":["Well Laid Plans"]},{"damage_healed":0,"gold_gain":0,"player_choice":"1 cards matched","damage_taken":0,"max_hp_gain":0,"max_hp_loss":0,"event_name":"Match and Keep!","floor":20,"gold_loss":0,"cards_obtained":["Acrobatics"]}],"is_beta":false,"boss_relics":[{"not_picked":["Empty Cage","Fusion Hammer"],"picked":"Astrolabe"}],"items_purged_floors":[13],"is_endless":false,"potions_floor_spawned":[3,7,10,16,18],"killed_by":"Gremlin Leader","ascension_level":20}