{"gold_per_floor":[111,122,140,140,140,140,156,156,179,21,31,49,66,82,82,157,157,167,55,55,75,75,75,90,90,90,105,133,113,113,131,131,202,202,212,212,226,276,176,176],"floor_reached":40,"playtime":2400,"items_purged":["Strike_G","Strike_G"],"score":800,"play_id":"bd845ac3-e272-49d4-b105-96360a41483c","local_time":"20190623110853","is_ascension_mode":true,"campfire_choices":[{"data":"Survivor","floor":6,"key":"SMITH"},{"data":"Poisoned Stab","floor":8,"key":"SMITH"},{"data":"Footwork","floor":15,"key":"SMITH"},{"data":"Crippling Poison","floor":23,"key":"SMITH"},{"data":"Dagger Spray","floor":25,"key":"SMITH"},{"data":"Blur","floor":32,"key":"SMITH"}],"neow_cost":"NONE","seed_source_timestamp":924628063583012,"circlet_count":0,"master_deck":["AscendersBane","Defend_G","Defend_G","Defend_G","Defend_G","Defend_G","Strike_G","Survivor+1","Neutralize+1","Leg Sweep+1","Heel Hook","Poisoned Stab+1","Dagger Spray+1","Heel Hook","Footwork+1","Poisoned Stab","Adrenaline","Crippling Poison+1","Noxious Fumes","Heel Hook","Caltrops+1","Blur+1","After Image","Madness","Madness"],"relics":["Ring of the Snake","Orichalcum","Anchor","Philosopher\u0027s Stone","Juzu Bracelet","Bronze Scales","Eternal Feather"],"potions_floor_usage":[2,16,16,28,31,37,37,40],"damage_taken":[{"damage":3,"enemies":"Cultist","floor":1,"turns":5},{"damage":0,"enemies":"Jaw Worm","floor":2,"turns":4},{"damage":0,"enemies":"Small Slimes","floor":3,"turns":5},{"damage":0,"enemies":"2 Fungi Beasts","floor":7,"turns":4},{"damage":0,"enemies":"Looter","floor":11,"turns":4},{"damage":0,"enemies":"Red Slaver","floor":12,"turns":3},{"damage":2,"enemies":"Gremlin Gang","floor":13,"turns":6},{"damage":0,"enemies":"Blue Slaver","floor":14,"turns":4},{"damage":20,"enemies":"The Guardian","floor":16,"turns":11},{"damage":6,"enemies":"2 Thieves","floor":18,"turns":5},{"damage":1,"enemies":"Shell Parasite","floor":21,"turns":5},{"damage":0,"enemies":"Centurion and Healer","floor":24,"turns":6},{"damage":7,"enemies":"Snecko","floor":27,"turns":5},{"damage":2,"enemies":"Book of Stabbing","floor":28,"turns":5},{"damage":8,"enemies":"Snake Plant","floor":31,"turns":3},{"damage":36,"enemies":"Automaton","floor":33,"turns":12},{"damage":0,"enemies":"Orb Walker","floor":35,"turns":4},{"damage":10,"enemies":"3 Darklings","floor":37,"turns":5},{"damage":45,"enemies":"Reptomancer","floor":40,"turns":2}],"seed_played":"8279056951412725086","potions_obtained":[{"floor":1,"key":"Regen Potion"},{"floor":2,"key":"LiquidBronze"},{"floor":3,"key":"Dexterity Potion"},{"floor":7,"key":"Regen Potion"},{"floor":27,"key":"SpeedPotion"},{"floor":28,"key":"Weak Potion"},{"floor":29,"key":"SpeedPotion"},{"floor":31,"key":"Fire Potion"},{"floor":37,"key":"Swift Potion"}],"is_trial":false,"path_per_floor":["M","M","M","?","?","R","M","R","T","$","M","M","M","M","R","B",null,"M","$","?","M","?","R","M","R","T","M","E","?","?","M","R","B",null,"M","?","M","?","$","E"],"character_chosen":"THE_SILENT","items_purchased":["Anchor","Noxious Fumes"],"campfire_rested":0,"item_purchase_floors":[10,19],"current_hp_per_floor":[56,65,65,65,65,65,65,65,65,65,65,65,63,63,63,58,64,58,58,58,57,57,57,57,57,57,50,48,48,48,40,40,4,51,51,39,29,29,29,0],"gold":176,"neow_bonus":"UPGRADE_CARD","is_prod":false,"is_daily":false,"chose_seed":false,"campfire_upgraded":6,"win_rate":0,"timestamp":1561259333,"path_taken":["M","M","?","?","?","R","M","R","T","$","M","M","M","M","R","BOSS","M","?","?","M","?","R","M","R","T","M","E","?","?","M","R","BOSS","M","?","M","?","$","E"],"build_version":"2019-01-23","purchased_purges":2,"victory":false,"max_hp_per_floor":[66,66,66,66,66,66,66,66,66,66,66,66,66,66,66,66,66,66,66,66,66,66,66,66,66,66,66,66,66,66,66,66,66,66,66,66,66,66,66,66],"card_choices":[{"not_picked":["Deadly Poison","Underhanded Strike"],"picked":"Leg Sweep","floor":1},{"not_picked":["Riddle With Holes","Distraction"],"picked":"Heel Hook","floor":2},{"not_picked":["Outmaneuver","PiercingWail","Bane"],"picked":"SKIP","floor":3},{"not_picked":["Dodge and Roll","Malaise"],"picked":"Poisoned Stab","floor":7},{"not_picked":["Poisoned Stab","Dagger Throw"],"picked":"Dagger Spray","floor":11},{"not_picked":["Skewer","Deadly Poison"],"picked":"Heel Hook","floor":12},{"not_picked":["Predator","Poisoned Stab"],"picked":"Footwork","floor":13},{"not_picked":["Tactician","Deadly Poison"],"picked":"Poisoned Stab","floor":14},{"not_picked":["Bullet Time","Burst"],"picked":"Adrenaline","floor":16},{"not_picked":["Dagger Throw","Dodge and Roll"],"picked":"Crippling Poison","floor":18},{"not_picked":["Bane","PiercingWail+1"],"picked":"Heel Hook","floor":21},{"not_picked":["Deadly Poison","Flying Knee"],"picked":"Caltrops+1","floor":24},{"not_picked":["Concentrate","Calculated Gamble","Underhanded Strike"],"picked":"SKIP","floor":27},{"not_picked":["Flechettes","Accuracy","Storm of Steel"],"picked":"SKIP","floor":28},{"not_picked":["Endless Agony","Dagger Spray"],"picked":"Blur","floor":31},{"not_picked":["Bullet Time","Malaise"],"picked":"After Image","floor":33},{"not_picked":["Deadly Poison","Eviscerate","Outmaneuver"],"picked":"SKIP","floor":35},{"not_picked":["Quick Slash","Blade Dance+1","Accuracy"],"picked":"SKIP","floor":37}],"player_experience":997551,"relics_obtained":[{"floor":9,"key":"Orichalcum"},{"floor":26,"key":"Juzu Bracelet"},{"floor":28,"key":"Bronze Scales"}],"event_choices":[{"cards_removed":["Strike_G"],"damage_healed":0,"gold_gain":0,"player_choice":"Forget","damage_taken":0,"max_hp_gain":0,"max_hp_loss":0,"event_name":"Living Wall","floor":4,"gold_loss":0},{"damage_healed":0,"gold_gain":0,"player_choice":"Forge","damage_taken":0,"max_hp_gain":0,"max_hp_loss":0,"event_name":"Accursed Blacksmith","floor":5,"gold_loss":0,"cards_upgraded":["Leg Sweep"]},{"cards_removed":["Strike_G"],"damage_healed":0,"gold_gain":0,"player_choice":"Offered Basic","damage_taken":0,"max_hp_gain":0,"max_hp_loss":0,"event_name":"Bonfire Elementals","floor":22,"gold_loss":0},{"damage_healed":0,"gold_gain":0,"player_choice":"Bought 1 Potion","damage_taken":0,"max_hp_gain":0,"max_hp_loss":0,"event_name":"The Woman in Blue","floor":29,"gold_loss":0},{"damage_healed":0,"gold_gain":0,"player_choice":"Ignored","damage_taken":0,"max_hp_gain":0,"max_hp_loss":0,"event_name":"Vampires","floor":30,"gold_loss":0},{"damage_healed":0,"gold_gain":0,"player_choice":"Embrace Madness","damage_taken":12,"max_hp_gain":0,"max_hp_loss":0,"event_name":"Winding Halls","floor":36,"gold_loss":0,"cards_obtained":["Madness","Madness"]},{"damage_healed":0,"gold_gain":50,"player_choice":"Pray","damage_taken":0,"max_hp_gain":0,"max_hp_loss":0,"event_name":"Golden Shrine","floor":38,"gold_loss":0}],"is_beta":false,"boss_relics":[{"not_picked":["Runic Dome","Busted Crown"],"picked":"Philosopher\u0027s Stone"},{"not_picked":["WristBlade","Calling Bell"],"picked":"Eternal Feather"}],"items_purged_floors":[19,39],"is_endless":false,"potions_floor_spawned":[1,2,3,7,12,27,28,31,37],"killed_by":"Reptomancer","ascension_level":20}