{"gold_per_floor":[109,109,120,140,140,140,175,175,229,261,19,19,95,121,121,200,200,210,222,222,257,268,268,268,268],"floor_reached":25,"playtime":819,"items_purged":[],"score":485,"play_id":"ae4012e3-f53b-4a30-8ddf-689d70d447aa","local_time":"20190614130519","is_ascension_mode":true,"campfire_choices":[{"data":"Neutralize","floor":6,"key":"SMITH"},{"floor":12,"key":"REST"},{"floor":15,"key":"REST"},{"floor":23,"key":"REST"}],"neow_cost":"NONE","seed_source_timestamp":207056653249979,"circlet_count":0,"master_deck":["AscendersBane","Defend_G","Defend_G","Defend_G","Defend_G","Defend_G","Survivor","Neutralize+1","Dagger Spray","Backstab","Choke","Deadly Poison","Dagger Throw","Apotheosis","PiercingWail","Predator","Die Die Die","Sucker Punch+1","Corpse Explosion+1","Unload+1","Dash","Bite","Bite","Bite","Bite","Bite","PiercingWail+1","Ghostly","Ghostly","Ghostly"],"relics":["Ring of the Snake","CultistMask","FossilizedHelix","Whetstone","Question Card","Smiling Mask","Astrolabe","Red Mask"],"potions_floor_usage":[7,16,19,25,25],"damage_taken":[{"damage":19,"enemies":"Jaw Worm","floor":1,"turns":7},{"damage":0,"enemies":"Cultist","floor":3,"turns":3},{"damage":2,"enemies":"Small Slimes","floor":4,"turns":4},{"damage":10,"enemies":"3 Sentries","floor":7,"turns":4},{"damage":15,"enemies":"Lagavulin","floor":10,"turns":5},{"damage":0,"enemies":"Gremlin Nob","floor":14,"turns":4},{"damage":20,"enemies":"Slime Boss","floor":16,"turns":8},{"damage":23,"enemies":"Shell Parasite","floor":18,"turns":6},{"damage":13,"enemies":"3 Byrds","floor":19,"turns":3},{"damage":9,"enemies":"Masked Bandits","floor":21,"turns":5},{"damage":11,"enemies":"3 Cultists","floor":22,"turns":4},{"damage":43,"enemies":"Book of Stabbing","floor":25,"turns":6}],"seed_played":"7568716785593112812","potions_obtained":[{"floor":1,"key":"SteroidPotion"},{"floor":14,"key":"Strength Potion"},{"floor":18,"key":"Energy Potion"},{"floor":19,"key":"EntropicBrew"}],"is_trial":false,"path_per_floor":["M","?","M","M","T","R","E","?","T","E","$","R","?","E","R","B",null,"M","M","?","?","M","R","?","E"],"character_chosen":"THE_SILENT","items_purchased":["Apotheosis","PiercingWail"],"campfire_rested":3,"item_purchase_floors":[11,11],"current_hp_per_floor":[46,46,46,44,44,44,36,36,36,23,23,44,44,46,67,49,66,45,34,34,34,26,47,36,0],"gold":268,"neow_bonus":"TEN_PERCENT_HP_BONUS","is_prod":false,"is_daily":false,"chose_seed":false,"campfire_upgraded":1,"win_rate":0,"timestamp":1560531919,"path_taken":["M","?","?","M","?","R","E","?","T","E","$","R","?","E","R","BOSS","M","M","?","?","M","R","?","E"],"build_version":"2019-01-23","purchased_purges":0,"victory":false,"max_hp_per_floor":[72,72,72,72,72,72,72,72,72,72,72,72,72,72,72,72,72,72,72,72,72,72,72,36,36],"card_choices":[{"not_picked":["Deflect","PiercingWail"],"picked":"Dagger Spray","floor":1},{"not_picked":["Deflect","Dagger Throw"],"picked":"Backstab","floor":3},{"not_picked":["Prepared","Reflex"],"picked":"Choke","floor":4},{"not_picked":["Night Terror","Backflip"],"picked":"Deadly Poison","floor":7},{"not_picked":["Deflect","Slice"],"picked":"Dagger Throw","floor":10},{"not_picked":["Slice","Skewer","Dodge and Roll"],"picked":"Predator","floor":14},{"not_picked":["Unload","Venomology","Tools of the Trade"],"picked":"Die Die Die","floor":16},{"not_picked":["Bane","Deflect","Backstab","Slice+1"],"picked":"SKIP","floor":18},{"not_picked":["Terror","Skewer","Acrobatics"],"picked":"Dash","floor":19},{"not_picked":["Riddle With Holes","Quick Slash","Cloak And Dagger"],"picked":"PiercingWail+1","floor":21},{"not_picked":["Quick Slash","Dodge and Roll","Finisher","Reflex+1"],"picked":"SKIP","floor":22}],"player_experience":812373,"relics_obtained":[{"floor":5,"key":"Blood Vial"},{"floor":7,"key":"FossilizedHelix"},{"floor":9,"key":"Whetstone"},{"floor":10,"key":"Question Card"},{"floor":14,"key":"Smiling Mask"},{"floor":21,"key":"Red Mask"}],"event_choices":[{"damage_healed":0,"gold_gain":0,"player_choice":"Trade","damage_taken":0,"relics_obtained":["CultistMask"],"max_hp_gain":0,"max_hp_loss":0,"event_name":"FaceTrader","floor":2,"gold_loss":0},{"damage_healed":0,"gold_gain":0,"player_choice":"Ignored","damage_taken":0,"max_hp_gain":0,"max_hp_loss":0,"event_name":"Shining Light","floor":8,"gold_loss":0},{"damage_healed":0,"gold_gain":76,"player_choice":"Gained Gold","damage_taken":0,"max_hp_gain":0,"max_hp_loss":0,"event_name":"Golden Wing","floor":13,"gold_loss":0},{"damage_healed":0,"gold_gain":0,"player_choice":"Became a vampire (Vial)","damage_taken":0,"max_hp_gain":0,"max_hp_loss":0,"event_name":"Vampires","floor":20,"relics_lost":["Blood Vial"],"gold_loss":0,"cards_obtained":["Bite","Bite","Bite","Bite","Bite"]},{"damage_healed":0,"gold_gain":0,"player_choice":"Fought Bandits","damage_taken":0,"max_hp_gain":0,"max_hp_loss":0,"event_name":"Masked Bandits","floor":21,"gold_loss":0},{"damage_healed":0,"gold_gain":0,"player_choice":"Became a Ghost","damage_taken":0,"max_hp_gain":0,"max_hp_loss":36,"event_name":"Ghosts","floor":24,"gold_loss":0,"cards_obtained":["Ghostly","Ghostly","Ghostly"]}],"is_beta":false,"boss_relics":[{"not_picked":["Runic Dome","Coffee Dripper"],"picked":"Astrolabe"}],"items_purged_floors":[],"is_endless":false,"potions_floor_spawned":[1,14,18,19],"killed_by":"Book of Stabbing","ascension_level":18}