{"gold_per_floor":[111,111,125,145,157,157,190,208,208,208],"floor_reached":10,"playtime":428,"items_purged":[],"score":112,"play_id":"15b59dd0-1bde-47f6-971d-409efe043538","local_time":"20190430211046","is_ascension_mode":true,"campfire_choices":[{"data":"Neutralize","floor":6,"key":"SMITH"}],"neow_cost":"NONE","seed_source_timestamp":23422486142154,"circlet_count":0,"master_deck":["AscendersBane","Defend_G","Defend_G","Defend_G","Defend_G","Defend_G","Strike_G","Strike_G","Strike_G","Strike_G","Strike_G","Survivor","Neutralize+1","Poisoned Stab","Terror","Escape Plan","Crippling Poison","Envenom","Quick Slash"],"relics":["Philosopher\u0027s Stone","Ancient Tea Set","Thread and Needle"],"potions_floor_usage":[5,7,10],"damage_taken":[{"damage":1,"enemies":"2 Louse","floor":1,"turns":3},{"damage":1,"enemies":"Cultist","floor":3,"turns":4},{"damage":3,"enemies":"Jaw Worm","floor":4,"turns":3},{"damage":17,"enemies":"Gremlin Gang","floor":5,"turns":6},{"damage":22,"enemies":"Gremlin Nob","floor":7,"turns":5},{"damage":6,"enemies":"Red Slaver","floor":8,"turns":4},{"damage":12,"enemies":"3 Sentries","floor":10,"turns":8}],"seed_played":"8879772268423931470","potions_obtained":[{"floor":4,"key":"SpeedPotion"},{"floor":5,"key":"Ancient Potion"},{"floor":7,"key":"Poison Potion"}],"is_trial":false,"path_per_floor":["M","?","M","M","M","R","E","M","T","E"],"character_chosen":"THE_SILENT","items_purchased":[],"campfire_rested":0,"item_purchase_floors":[],"current_hp_per_floor":[62,55,54,51,34,34,12,6,6,0],"gold":208,"neow_bonus":"BOSS_RELIC","is_prod":false,"is_daily":false,"chose_seed":false,"campfire_upgraded":1,"win_rate":0,"timestamp":1556673046,"path_taken":["M","?","M","M","M","R","E","M","T","E"],"build_version":"2019-01-23","purchased_purges":0,"victory":false,"max_hp_per_floor":[70,70,70,70,70,70,70,70,70,70],"card_choices":[{"not_picked":["Catalyst","Backflip"],"picked":"Poisoned Stab","floor":1},{"not_picked":["Dodge and Roll","Poisoned Stab"],"picked":"Terror","floor":3},{"not_picked":["Heel Hook","Prepared"],"picked":"Escape Plan","floor":4},{"not_picked":["Choke","Slice"],"picked":"Crippling Poison","floor":5},{"not_picked":["Poisoned Stab","Underhanded Strike"],"picked":"Envenom","floor":7},{"not_picked":["Riddle With Holes","Slice"],"picked":"Quick Slash","floor":8}],"player_experience":474756,"relics_obtained":[{"floor":7,"key":"Ancient Tea Set"},{"floor":9,"key":"Thread and Needle"}],"event_choices":[{"damage_healed":0,"gold_gain":0,"player_choice":"Damaged","damage_taken":7,"max_hp_gain":0,"max_hp_loss":0,"event_name":"Wheel of Change","floor":2,"gold_loss":0}],"is_beta":false,"boss_relics":[],"items_purged_floors":[],"is_endless":false,"potions_floor_spawned":[4,5,7],"killed_by":"3 Sentries","ascension_level":12}