{"gold_per_floor":[110,110,110,11,30,61,86,86,86,86,97,97,117,92,92,189,189,205,83,83,83,10,45,45,74,101,101,68,68,368,379,379,479,479,492,492,510,510,210,210,56,66,92,104,104,120,151,151,151,151],"floor_reached":51,"playtime":2540,"items_purged":["Injury","Dodge and Roll"],"score":1110,"play_id":"31be520a-866e-47da-8ca3-05d2e8c009c9","local_time":"20190321220304","is_ascension_mode":true,"campfire_choices":[{"data":"Catalyst","floor":8,"key":"SMITH"},{"data":"Catalyst","floor":10,"key":"SMITH"},{"data":"Deadly Poison","floor":15,"key":"SMITH"},{"floor":24,"key":"REST"},{"data":"Venomology","floor":29,"key":"SMITH"},{"floor":32,"key":"REST"},{"floor":40,"key":"REST"},{"floor":45,"key":"REST"},{"data":"Burst","floor":49,"key":"SMITH"}],"neow_cost":"NONE","seed_source_timestamp":707139702002222,"circlet_count":0,"master_deck":["AscendersBane","Defend_G+1","Defend_G+1","Defend_G+1","Defend_G+1","Defend_G+1","Strike_G+1","Strike_G+1","Strike_G+1","Strike_G+1","Survivor","Neutralize+1","Crippling Poison","Deadly Poison","Catalyst+1","Catalyst+1","Venomology+1","Well Laid Plans","Crippling Poison","Deadly Poison+1","Wraith Form v2","PiercingWail","Escape Plan","Caltrops","Distraction","Prepared","Burst","Deadly Poison","Parasite","PiercingWail+1","Blur","Distraction+1","Burst+1"],"relics":["Ring of the Snake","PreservedInsect","Omamori","Centennial Puzzle","Anchor","Bird Faced Urn","Calling Bell","Pen Nib","Meat on the Bone","Calipers","Matryoshka","Juzu Bracelet","Bag of Preparation","Potion Belt","Old Coin","Black Star","TwistedFunnel","Dream Catcher","Bottled Lightning","Snake Skull","Ninja Scroll","Mummified Hand","Pear"],"potions_floor_usage":[16,23,31,33,33,44,46,47,47,47,50,50],"damage_taken":[{"damage":0,"enemies":"Jaw Worm","floor":1,"turns":7},{"damage":6,"enemies":"2 Louse","floor":5,"turns":2},{"damage":10,"enemies":"Lagavulin","floor":6,"turns":5},{"damage":0,"enemies":"Cultist","floor":11,"turns":2},{"damage":0,"enemies":"Looter","floor":13,"turns":3},{"damage":39,"enemies":"Slime Boss","floor":16,"turns":10},{"damage":11,"enemies":"Spheric Guardian","floor":18,"turns":5},{"damage":40,"enemies":"Book of Stabbing","floor":23,"turns":6},{"damage":11,"enemies":"Gremlin Leader","floor":25,"turns":4},{"damage":4,"enemies":"2 Thieves","floor":28,"turns":5},{"damage":0,"enemies":"Centurion and Healer","floor":31,"turns":4},{"damage":27,"enemies":"Automaton","floor":33,"turns":6},{"damage":32,"enemies":"3 Darklings","floor":35,"turns":6},{"damage":1,"enemies":"Orb Walker","floor":37,"turns":2},{"damage":2,"enemies":"Writhing Mass","floor":42,"turns":4},{"damage":30,"enemies":"Jaw Worm Horde","floor":44,"turns":3},{"damage":1,"enemies":"Sphere and 2 Shapes","floor":46,"turns":4},{"damage":21,"enemies":"Nemesis","floor":47,"turns":3},{"damage":3,"enemies":"Time Eater","floor":50,"turns":4}],"seed_played":"411883048992524428","potions_obtained":[{"floor":11,"key":"Swift Potion"},{"floor":13,"key":"Strength Potion"},{"floor":42,"key":"SkillPotion"},{"floor":47,"key":"FearPotion"}],"is_trial":false,"path_per_floor":["M","?","?","$","M","E","T","R","T","R","M","T","M","$","R","B",null,"M","$","?","?","$","E","R","E","T","?","M","R","?","M","R","B",null,"M","?","M","?","$","R","$","M","T","M","R","M","E","T","R","B",null],"character_chosen":"THE_SILENT","items_purchased":["Deadly Poison","Catalyst","Deadly Poison","PiercingWail","Escape Plan","TwistedFunnel","Dream Catcher"],"campfire_rested":4,"item_purchase_floors":[4,4,14,19,22,39,41],"current_hp_per_floor":[63,63,56,56,50,40,40,40,40,40,40,40,42,42,42,5,54,47,47,47,47,47,23,44,47,47,47,49,49,49,51,70,43,63,37,37,38,38,38,59,59,59,59,45,66,69,49,59,59,58],"gold":151,"neow_bonus":"UPGRADE_CARD","is_prod":false,"is_daily":false,"chose_seed":false,"campfire_upgraded":5,"win_rate":0,"timestamp":1553220184,"path_taken":["M","?","?","$","M","E","?","R","T","R","M","?","M","$","R","BOSS","M","$","?","?","$","E","R","E","T","?","M","R","?","M","R","BOSS","M","?","M","?","$","R","$","M","T","M","R","M","E","?","R","BOSS"],"build_version":"2019-01-23","purchased_purges":2,"victory":true,"max_hp_per_floor":[70,70,70,70,70,70,70,70,70,70,70,70,70,70,70,70,70,70,70,70,70,70,70,70,70,70,70,70,70,70,70,70,70,70,70,70,70,70,70,70,70,70,70,70,70,70,70,80,80,80],"card_choices":[{"not_picked":["Backflip","Cloak And Dagger"],"picked":"Crippling Poison","floor":1},{"not_picked":["Bane","Bouncing Flask"],"picked":"Catalyst","floor":5},{"not_picked":["Slice","Poisoned Stab"],"picked":"Venomology","floor":6},{"not_picked":["Outmaneuver","Acrobatics"],"picked":"Well Laid Plans","floor":11},{"not_picked":["Quick Slash","Tactician"],"picked":"Crippling Poison","floor":13},{"not_picked":["Die Die Die","Envenom"],"picked":"Wraith Form v2","floor":16},{"not_picked":["Concentrate","Bane"],"picked":"Dodge and Roll","floor":18},{"not_picked":["Eviscerate","Deadly Poison","Underhanded Strike"],"picked":"SKIP","floor":23},{"not_picked":["Blade Dance+1","Masterful Stab+1"],"picked":"Caltrops","floor":25},{"not_picked":["Masterful Stab","Deflect+1"],"picked":"Distraction","floor":28},{"not_picked":["Sucker Punch","Caltrops"],"picked":"Prepared","floor":31},{"not_picked":["Bullet Time","Venomology"],"picked":"Burst","floor":33},{"not_picked":["Masterful Stab+1","Infinite Blades+1"],"picked":"Deadly Poison","floor":35},{"not_picked":["Dodge and Roll","Quick Slash+1","Backstab"],"picked":"SKIP","floor":37},{"not_picked":["Quick Slash+1","Expertise"],"picked":"PiercingWail+1","floor":42},{"not_picked":["Slice","Prepared+1"],"picked":"Blur","floor":44},{"not_picked":["Dodge and Roll","Acrobatics+1"],"picked":"Distraction+1","floor":46},{"not_picked":["Crippling Poison","Poisoned Stab+1"],"picked":"Burst","floor":47}],"player_experience":225195,"relics_obtained":[{"floor":6,"key":"Omamori"},{"floor":7,"key":"Centennial Puzzle"},{"floor":9,"key":"Anchor"},{"floor":12,"key":"Bird Faced Urn"},{"floor":17,"key":"Pen Nib"},{"floor":17,"key":"Meat on the Bone"},{"floor":17,"key":"Calipers"},{"floor":23,"key":"Matryoshka"},{"floor":25,"key":"Juzu Bracelet"},{"floor":26,"key":"Bag of Preparation"},{"floor":26,"key":"Potion Belt"},{"floor":43,"key":"Bottled Lightning"},{"floor":43,"key":"Snake Skull"},{"floor":47,"key":"Ninja Scroll"},{"floor":47,"key":"Mummified Hand"},{"floor":48,"key":"Pear"}],"event_choices":[{"damage_healed":0,"gold_gain":0,"player_choice":"Box","damage_taken":0,"relics_obtained":["PreservedInsect"],"max_hp_gain":0,"max_hp_loss":0,"event_name":"Big Fish","floor":2,"gold_loss":0,"cards_obtained":["Regret"]},{"cards_removed":["Regret"],"damage_healed":0,"gold_gain":0,"player_choice":"Card Removal","damage_taken":7,"max_hp_gain":0,"max_hp_loss":0,"event_name":"Golden Wing","floor":3,"gold_loss":0},{"damage_healed":0,"gold_gain":0,"player_choice":"Ignored","damage_taken":0,"max_hp_gain":0,"max_hp_loss":0,"event_name":"Ghosts","floor":20,"gold_loss":0},{"damage_healed":0,"gold_gain":0,"player_choice":"Ignored","damage_taken":0,"max_hp_gain":0,"max_hp_loss":0,"event_name":"Cursed Tome","floor":21,"gold_loss":0},{"damage_healed":0,"gold_gain":0,"player_choice":"Simplicity","damage_taken":0,"max_hp_gain":0,"max_hp_loss":0,"event_name":"Back to Basics","floor":27,"gold_loss":0,"cards_upgraded":["Defend_G","Defend_G","Defend_G","Defend_G","Defend_G","Strike_G","Strike_G","Strike_G","Strike_G","Strike_G"]},{"damage_healed":0,"gold_gain":0,"player_choice":"Opened","damage_taken":0,"relics_obtained":["Old Coin"],"max_hp_gain":0,"max_hp_loss":0,"event_name":"The Mausoleum","floor":30,"gold_loss":0},{"cards_removed":["Strike_G"],"damage_healed":0,"gold_gain":0,"player_choice":"Removed Attack","damage_taken":0,"max_hp_gain":0,"max_hp_loss":0,"event_name":"Falling","floor":36,"gold_loss":0},{"damage_healed":0,"gold_gain":0,"player_choice":"Ignored","damage_taken":0,"max_hp_gain":0,"max_hp_loss":0,"event_name":"Tomb of Lord Red Mask","floor":38,"gold_loss":0}],"is_beta":false,"boss_relics":[{"not_picked":["Tiny House","WristBlade"],"picked":"Calling Bell"},{"not_picked":["Empty Cage","Eternal Feather"],"picked":"Black Star"}],"items_purged_floors":[19,39],"is_endless":false,"potions_floor_spawned":[11,13,18,42,47],"ascension_level":11}