{"gold_per_floor":[115,130,0,20,36,66,15,15,15,32,52,0,25,45,45,124,174,189,203,234,149,162,182,202,275,300,300,300,23,41,56,56,131,131,145,41,41,41,41,72,89,89,114,132,146,146,156,169,169,169,169],"floor_reached":51,"playtime":4493,"items_purged":["Strike_G","Strike_G+1","Strike_G+1"],"score":1340,"play_id":"0051e85f-f3de-4687-9d0f-947dc757f7c1","local_time":"20190306043347","is_ascension_mode":true,"campfire_choices":[{"data":"Dash","floor":8,"key":"SMITH"},{"data":"Noxious Fumes","floor":15,"key":"SMITH"},{"floor":28,"key":"REST"},{"data":"Well Laid Plans","floor":32,"key":"SMITH"},{"floor":42,"key":"REST"},{"floor":46,"key":"REST"},{"floor":49,"key":"REST"}],"neow_cost":"NONE","seed_source_timestamp":34045722845132,"circlet_count":0,"master_deck":["AscendersBane","Defend_G+1","Defend_G+1","Defend_G+1","Defend_G+1","Defend_G+1","Strike_G+1","Survivor","Neutralize","Poisoned Stab","Flying Knee","Well Laid Plans+1","After Image","Dash+1","Catalyst","Caltrops","Noxious Fumes+1","Blur","A Thousand Cuts+1","PiercingWail","Backflip","Adrenaline","A Thousand Cuts","Backflip+1","Heel Hook+1","PiercingWail","Footwork"],"relics":["Ring of the Snake","Smiling Mask","Singing Bowl","Ice Cream","Bird Faced Urn","Whetstone","Tiny House","Red Mask","Oddly Smooth Stone","Molten Egg 2","Art of War","Lee\u0027s Waffle","Velvet Choker","FaceOfCleric","Tingsha","PreservedInsect"],"potions_floor_usage":[6,13,16,18,20,20,24,35,40,44],"damage_taken":[{"damage":3,"enemies":"Cultist","floor":1,"turns":4},{"damage":1,"enemies":"2 Louse","floor":2,"turns":3},{"damage":0,"enemies":"Jaw Worm","floor":4,"turns":3},{"damage":2,"enemies":"Looter","floor":5,"turns":4},{"damage":21,"enemies":"Gremlin Nob","floor":6,"turns":5},{"damage":4,"enemies":"Blue Slaver","floor":10,"turns":4},{"damage":7,"enemies":"Exordium Wildlife","floor":11,"turns":6},{"damage":5,"enemies":"3 Sentries","floor":13,"turns":12},{"damage":5,"enemies":"Exordium Thugs","floor":14,"turns":5},{"damage":34,"enemies":"Slime Boss","floor":16,"turns":11},{"damage":8,"enemies":"Spheric Guardian","floor":18,"turns":7},{"damage":7,"enemies":"3 Byrds","floor":19,"turns":4},{"damage":63,"enemies":"Masked Bandits","floor":20,"turns":4},{"damage":16,"enemies":"Sentry and Sphere","floor":22,"turns":7},{"damage":4,"enemies":"Snake Plant","floor":23,"turns":6},{"damage":18,"enemies":"Snecko","floor":24,"turns":9},{"damage":9,"enemies":"Centurion and Healer","floor":30,"turns":7},{"damage":17,"enemies":"Snake Plant","floor":31,"turns":5},{"damage":16,"enemies":"Automaton","floor":33,"turns":12},{"damage":14,"enemies":"3 Darklings","floor":35,"turns":6},{"damage":88,"enemies":"Giant Head","floor":40,"turns":10},{"damage":0,"enemies":"3 Shapes","floor":41,"turns":5},{"damage":30,"enemies":"Transient","floor":44,"turns":6},{"damage":11,"enemies":"Spire Growth","floor":45,"turns":7},{"damage":33,"enemies":"Sphere and 2 Shapes","floor":47,"turns":6},{"damage":13,"enemies":"4 Shapes","floor":48,"turns":6},{"damage":84,"enemies":"Donu and Deca","floor":50,"turns":14},{"damage":20,"enemies":"Awakened One","floor":51,"turns":3}],"seed_played":"-168176193612539319","potions_obtained":[{"floor":1,"key":"SkillPotion"},{"floor":4,"key":"Weak Potion"},{"floor":6,"key":"Weak Potion"},{"floor":11,"key":"Dexterity Potion"},{"floor":13,"key":"SpeedPotion"},{"floor":17,"key":"SpeedPotion"},{"floor":18,"key":"Block Potion"},{"floor":23,"key":"Block Potion"},{"floor":31,"key":"Block Potion"},{"floor":41,"key":"Weak Potion"},{"floor":47,"key":"SpeedPotion"}],"is_trial":false,"path_per_floor":["M","M","$","M","M","E","?","R","T","M","M","?","E","M","R","B",null,"M","M","?","?","M","M","M","T","T","?","R","$","M","M","R","B",null,"M","$","?","$","?","E","M","R","T","M","M","R","M","M","R","B","B"],"character_chosen":"THE_SILENT","items_purchased":["Well Laid Plans","Lee\u0027s Waffle","PowerPotion"],"campfire_rested":4,"item_purchase_floors":[3,29,36],"current_hp_per_floor":[56,55,55,55,53,34,34,34,34,34,31,31,32,35,35,9,60,64,63,12,12,8,10,2,2,2,2,26,88,89,77,77,71,87,85,85,85,85,85,7,18,46,46,31,35,65,45,49,80,11,0],"gold":169,"neow_bonus":"RANDOM_COMMON_RELIC","is_prod":false,"is_daily":false,"chose_seed":false,"campfire_upgraded":3,"win_rate":0,"timestamp":1551857627,"path_taken":["M","M","?","M","M","E","?","R","T","M","?","?","E","M","R","BOSS","M","M","?","?","M","M","M","?","T","?","R","$","?","M","R","BOSS","M","$","?","?","?","E","M","R","T","M","M","R","?","M","R","BOSS","BOSS"],"build_version":"2019-01-23","purchased_purges":3,"victory":false,"max_hp_per_floor":[66,66,66,66,66,68,68,68,68,68,68,68,68,68,68,68,75,77,77,79,79,81,81,81,81,81,81,81,88,90,92,92,92,92,92,92,92,92,92,95,96,96,96,99,102,102,103,106,106,107,107],"card_choices":[{"not_picked":["Choke","Underhanded Strike"],"picked":"Poisoned Stab","floor":1},{"not_picked":["Expertise","Acrobatics"],"picked":"Flying Knee","floor":2},{"not_picked":["Dagger Throw","Tactician"],"picked":"After Image","floor":4},{"not_picked":["Dagger Spray","Cloak And Dagger"],"picked":"Dash","floor":5},{"not_picked":["Slice","Phantasmal Killer","Bane"],"picked":"Singing Bowl","floor":6},{"not_picked":["Quick Slash","Dagger Throw"],"picked":"Catalyst","floor":10},{"not_picked":["Expertise","Prepared"],"picked":"Caltrops","floor":11},{"not_picked":["Burst","Sucker Punch"],"picked":"Noxious Fumes","floor":13},{"not_picked":["Sucker Punch","Cloak And Dagger"],"picked":"Blur","floor":14},{"not_picked":["Storm of Steel","Grand Finale"],"picked":"A Thousand Cuts","floor":16},{"not_picked":["Dodge and Roll","Blade Dance","Sucker Punch"],"picked":"Singing Bowl","floor":17},{"not_picked":["Infinite Blades","Deadly Poison","Terror"],"picked":"Singing Bowl","floor":18},{"not_picked":["Setup","Prepared"],"picked":"PiercingWail","floor":19},{"not_picked":["Dagger Spray","Dagger Throw","Acrobatics"],"picked":"Singing Bowl","floor":20},{"not_picked":["Dagger Throw","Sucker Punch","Skewer"],"picked":"Singing Bowl","floor":22},{"not_picked":["Dodge and Roll","Flying Knee"],"picked":"Backflip","floor":23},{"not_picked":["PiercingWail","Calculated Gamble"],"picked":"Adrenaline","floor":24},{"not_picked":["Distraction","Underhanded Strike+1","Choke+1"],"picked":"Singing Bowl","floor":30},{"not_picked":["Dagger Throw+1","Acrobatics","Prepared"],"picked":"Singing Bowl","floor":31},{"not_picked":["Bullet Time","Doppelganger"],"picked":"A Thousand Cuts","floor":33},{"not_picked":["Quick Slash+1","Escape Plan+1"],"picked":"Backflip+1","floor":35},{"not_picked":["Dagger Spray+1","Caltrops","Terror"],"picked":"Singing Bowl","floor":40},{"not_picked":["Flying Knee+1","Prepared+1"],"picked":"PiercingWail","floor":41},{"not_picked":["Tactician","Prepared","Dodge and Roll"],"picked":"Singing Bowl","floor":44},{"not_picked":["Acrobatics","Deflect","Sucker Punch+1"],"picked":"Singing Bowl","floor":45},{"not_picked":["Dagger Throw+1","Dodge and Roll"],"picked":"Footwork","floor":47},{"not_picked":["Underhanded Strike+1","Deflect","Eviscerate+1"],"picked":"Singing Bowl","floor":48}],"player_experience":915085,"relics_obtained":[{"floor":6,"key":"Singing Bowl"},{"floor":9,"key":"Bird Faced Urn"},{"floor":13,"key":"Whetstone"},{"floor":20,"key":"Red Mask"},{"floor":25,"key":"Molten Egg 2"},{"floor":26,"key":"Art of War"},{"floor":40,"key":"Tingsha"},{"floor":43,"key":"PreservedInsect"}],"event_choices":[{"damage_healed":0,"gold_gain":0,"player_choice":"Paid Gold","damage_taken":0,"relics_obtained":["Ice Cream"],"max_hp_gain":0,"max_hp_loss":0,"event_name":"WeMeetAgain","floor":7,"gold_loss":51},{"damage_healed":0,"gold_gain":0,"player_choice":"Left Gold","damage_taken":0,"max_hp_gain":0,"max_hp_loss":0,"event_name":"World of Goop","floor":12,"gold_loss":52},{"damage_healed":0,"gold_gain":0,"player_choice":"Fought Bandits","damage_taken":0,"max_hp_gain":0,"max_hp_loss":0,"event_name":"Masked Bandits","floor":20,"gold_loss":0},{"damage_healed":0,"gold_gain":0,"player_choice":"Obtained Relic","damage_taken":0,"relics_obtained":["Oddly Smooth Stone"],"max_hp_gain":0,"max_hp_loss":0,"event_name":"Addict","floor":21,"gold_loss":85},{"damage_healed":0,"gold_gain":0,"player_choice":"Simplicity","damage_taken":0,"max_hp_gain":0,"max_hp_loss":0,"event_name":"Back to Basics","floor":27,"gold_loss":0,"cards_upgraded":["Defend_G","Defend_G","Defend_G","Defend_G","Defend_G","Strike_G","Strike_G"]},{"damage_healed":0,"gold_gain":0,"player_choice":"Trade","damage_taken":0,"relics_obtained":["FaceOfCleric"],"max_hp_gain":0,"max_hp_loss":0,"event_name":"FaceTrader","floor":37,"gold_loss":0},{"damage_healed":0,"gold_gain":0,"cards_transformed":["Strike_G"],"player_choice":"Transformed","damage_taken":0,"max_hp_gain":0,"max_hp_loss":0,"event_name":"Transmorgrifier","floor":39,"gold_loss":0,"cards_obtained":["Heel Hook"]}],"is_beta":false,"boss_relics":[{"not_picked":["HoveringKite","Busted Crown"],"picked":"Tiny House"},{"not_picked":["Pandora\u0027s Box","Empty Cage"],"picked":"Velvet Choker"}],"items_purged_floors":[3,29,36],"is_endless":false,"potions_floor_spawned":[1,4,6,11,13,18,23,31,41,47],"killed_by":"Awakened One","ascension_level":20}