{"gold_per_floor":[116,134,149,169,179,179,212,212,212,58,58,85,85,85,85,159,159,169,169,169,183,95,95],"floor_reached":23,"playtime":808,"items_purged":["Strike_G"],"score":358,"play_id":"23d82ff2-2ea9-45d2-94db-ee304a5aa201","local_time":"20190511115952","is_ascension_mode":true,"campfire_choices":[{"data":"Neutralize","floor":6,"key":"SMITH"},{"data":"Dash","floor":8,"key":"SMITH"},{"floor":11,"key":"REST"},{"floor":15,"key":"REST"}],"neow_cost":"NONE","seed_source_timestamp":842449506556014,"circlet_count":0,"master_deck":["AscendersBane","Defend_G","Defend_G","Defend_G","Defend_G","Defend_G","Strike_G","Strike_G+1","Survivor","Neutralize+1","Dagger Throw","Dagger Spray","Predator+1","Poisoned Stab+1","Dash+1","Die Die Die","Crippling Poison","Decay","Leg Sweep"],"special_seed":0,"relics":["Ring of the Snake","Art of War","Sundial","Ice Cream","Singing Bowl","Empty Cage"],"potions_floor_usage":[7,12,16,23],"damage_taken":[{"damage":0,"enemies":"Cultist","floor":1,"turns":5},{"damage":6,"enemies":"2 Louse","floor":2,"turns":4},{"damage":0,"enemies":"Small Slimes","floor":3,"turns":3},{"damage":5,"enemies":"Looter","floor":4,"turns":4},{"damage":11,"enemies":"3 Louse","floor":5,"turns":4},{"damage":6,"enemies":"Gremlin Nob","floor":7,"turns":3},{"damage":20,"enemies":"3 Sentries","floor":12,"turns":9},{"damage":28,"enemies":"Slime Boss","floor":16,"turns":11},{"damage":0,"enemies":"Chosen","floor":18,"turns":4},{"damage":12,"enemies":"Shell Parasite","floor":21,"turns":7},{"damage":51,"enemies":"Gremlin Leader","floor":23,"turns":5}],"seed_played":"176937868379197617","potions_obtained":[{"floor":1,"key":"SteroidPotion"},{"floor":2,"key":"FearPotion"},{"floor":12,"key":"AttackPotion"},{"floor":20,"key":"LiquidBronze"}],"is_trial":false,"path_per_floor":["M","M","M","M","M","R","E","R","T","$","R","E","?","?","R","B",null,"M","?","?","M","$","E"],"character_chosen":"THE_SILENT","items_purchased":["Regen Potion","Leg Sweep"],"campfire_rested":2,"item_purchase_floors":[10,22],"current_hp_per_floor":[59,53,53,48,37,37,31,31,31,31,50,47,27,27,47,19,56,56,56,56,46,46,0],"gold":95,"neow_bonus":"RANDOM_COMMON_RELIC","is_prod":false,"is_daily":false,"chose_seed":false,"campfire_upgraded":2,"win_rate":0,"timestamp":1557590392,"path_taken":["M","M","M","M","?","R","E","R","T","$","R","E","?","?","R","BOSS","M","?","?","M","$","E"],"build_version":"2019-01-23","purchased_purges":1,"victory":false,"max_hp_per_floor":[66,66,66,66,66,66,66,66,66,66,66,68,68,68,68,68,68,68,68,68,70,70,70],"card_choices":[{"not_picked":["Distraction","Riddle With Holes","Setup"],"picked":"SKIP","floor":1},{"not_picked":["Underhanded Strike","Quick Slash"],"picked":"Dagger Throw","floor":2},{"not_picked":["Deflect","Acrobatics"],"picked":"Dagger Spray","floor":3},{"not_picked":["Bane","Flying Knee"],"picked":"Predator","floor":4},{"not_picked":["Reflex","Heel Hook"],"picked":"Poisoned Stab","floor":5},{"not_picked":["Backflip","Noxious Fumes"],"picked":"Dash","floor":7},{"not_picked":["Bane","Setup","Accuracy"],"picked":"Singing Bowl","floor":12},{"not_picked":["Tools of the Trade","Venomology"],"picked":"Die Die Die","floor":16},{"not_picked":["Underhanded Strike","Dodge and Roll"],"picked":"Crippling Poison","floor":18},{"not_picked":["Expertise","Acrobatics","Underhanded Strike"],"picked":"Singing Bowl","floor":21}],"player_experience":519049,"relics_obtained":[{"floor":7,"key":"Sundial"},{"floor":9,"key":"Ice Cream"},{"floor":12,"key":"Singing Bowl"}],"event_choices":[{"damage_healed":0,"gold_gain":0,"player_choice":"Entered Light","damage_taken":20,"max_hp_gain":0,"max_hp_loss":0,"event_name":"Shining Light","floor":13,"gold_loss":0,"cards_upgraded":["Strike_G","Poisoned Stab"]},{"damage_healed":0,"gold_gain":0,"player_choice":"Grow","damage_taken":0,"max_hp_gain":0,"max_hp_loss":0,"event_name":"Living Wall","floor":14,"gold_loss":0,"cards_upgraded":["Predator"]},{"damage_healed":0,"gold_gain":0,"player_choice":"Smashed Altar","damage_taken":0,"max_hp_gain":0,"max_hp_loss":0,"event_name":"Forgotten Altar","floor":19,"gold_loss":0,"cards_obtained":["Decay"]},{"damage_healed":0,"gold_gain":0,"player_choice":"Got Potions","damage_taken":0,"max_hp_gain":0,"max_hp_loss":0,"event_name":"Lab","floor":20,"gold_loss":0}],"is_beta":false,"boss_relics":[{"not_picked":["Busted Crown","Snecko Eye"],"picked":"Empty Cage"}],"items_purged_floors":[10],"is_endless":false,"potions_floor_spawned":[1,2,12],"killed_by":"Gremlin Leader","ascension_level":16}