{"gold_per_floor":[119,132,152,152,175,215,173,173,228,228,248,96,96,110,110,203,203,228,228,20,43,43,43,58,58],"floor_reached":25,"playtime":6101,"items_purged":["Strike_G"],"score":390,"play_id":"dc5ba406-5709-45d4-8820-802afdfc3de8","local_time":"20190603172527","is_ascension_mode":true,"campfire_choices":[{"floor":8.0,"key":"REST"},{"floor":10.0,"key":"REST"},{"floor":15.0,"key":"REST"},{"floor":23,"key":"REST"}],"neow_cost":"NONE","seed_source_timestamp":1685634885190328,"circlet_count":0,"master_deck":["AscendersBane","Defend_G","Defend_G","Defend_G","Defend_G","Defend_G","Strike_G","Strike_G","Strike_G","Strike_G","Survivor","Neutralize+1","Quick Slash","Leg Sweep+1","PiercingWail","Crippling Poison","Escape Plan","All Out Attack","Infinite Blades","Poisoned Stab","Burst","Backflip","Bouncing Flask"],"special_seed":0,"relics":["Ring of the Snake","Golden Idol","Snake Skull","Tiny Chest","Eternal Feather","Bronze Scales"],"potions_floor_usage":[16,16,25,25],"damage_taken":[{"damage":2.0,"enemies":"Small Slimes","floor":1.0,"turns":6.0},{"damage":2.0,"enemies":"Jaw Worm","floor":2.0,"turns":7.0},{"damage":3.0,"enemies":"Cultist","floor":3.0,"turns":4.0},{"damage":12.0,"enemies":"Large Slime","floor":5.0,"turns":10.0},{"damage":40.0,"enemies":"3 Sentries","floor":6.0,"turns":15.0},{"damage":3.0,"enemies":"Exordium Thugs","floor":7.0,"turns":8.0},{"damage":4.0,"enemies":"Exordium Wildlife","floor":11.0,"turns":4.0},{"damage":5.0,"enemies":"3 Louse","floor":14.0,"turns":3.0},{"damage":2,"enemies":"Slime Boss","floor":16,"turns":9},{"damage":20,"enemies":"Spheric Guardian","floor":18,"turns":11},{"damage":9,"enemies":"Shell Parasite","floor":21,"turns":7},{"damage":42,"enemies":"3 Cultists","floor":24,"turns":7},{"damage":21,"enemies":"Slavers","floor":25,"turns":2}],"seed_played":"-3101367653408182312","potions_obtained":[{"floor":2.0,"key":"Strength Potion"},{"floor":3.0,"key":"Poison Potion"},{"floor":6.0,"key":"Strength Potion"},{"floor":14.0,"key":"GhostInAJar"},{"floor":18,"key":"FearPotion"},{"floor":21,"key":"Poison Potion"}],"is_trial":false,"path_per_floor":["M","M","M","?","M","E","M","R","T","R","M","$","?","M","R","B",null,"M","?","$","M","$","R","M","E"],"character_chosen":"THE_SILENT","items_purchased":["Infinite Blades","Bronze Scales","Bouncing Flask"],"campfire_rested":4,"item_purchase_floors":[12,20,20],"current_hp_per_floor":[63,61,58,58,46,6,3,22,22,41,37,37,37,32,51,49,61,41,41,41,32,32,63,21,0],"gold":58,"neow_bonus":"TEN_PERCENT_HP_BONUS","is_prod":false,"is_daily":false,"chose_seed":false,"campfire_upgraded":0,"win_rate":0,"timestamp":1559597127,"path_taken":["M","M","M","?","M","E","M","R","T","R","M","$","?","?","R","BOSS","M","?","$","M","?","R","M","E"],"build_version":"2019-01-23","purchased_purges":1,"victory":false,"max_hp_per_floor":[72,72,72,65,65,65,65,65,65,65,65,65,65,65,65,65,65,65,65,65,65,65,65,65,65],"card_choices":[{"not_picked":["Distraction","Prepared"],"picked":"Quick Slash","floor":1.0},{"not_picked":["Backflip","Quick Slash"],"picked":"Leg Sweep","floor":2.0},{"not_picked":["Prepared","Acrobatics"],"picked":"PiercingWail","floor":3.0},{"not_picked":["Backflip","Concentrate","Slice"],"picked":"SKIP","floor":5.0},{"not_picked":["Dagger Throw","Terror"],"picked":"Crippling Poison","floor":6.0},{"not_picked":["Quick Slash","Tools of the Trade"],"picked":"Escape Plan","floor":7.0},{"not_picked":["Underhanded Strike","Expertise"],"picked":"All Out Attack","floor":11.0},{"not_picked":["Choke","Tactician"],"picked":"Poisoned Stab","floor":14.0},{"not_picked":["Venomology","Phantasmal Killer"],"picked":"Burst","floor":16},{"not_picked":["Infinite Blades","Deflect"],"picked":"Backflip","floor":18},{"not_picked":["Outmaneuver","Prepared","Sucker Punch"],"picked":"SKIP","floor":21},{"not_picked":["Choke","Prepared+1","Concentrate"],"picked":"SKIP","floor":24}],"player_experience":778287,"relics_obtained":[{"floor":6.0,"key":"Snake Skull"},{"floor":9.0,"key":"Tiny Chest"}],"event_choices":[{"damage_healed":0.0,"max_hp_gain":0.0,"max_hp_loss":7.0,"gold_gain":0.0,"event_name":"Golden Idol","player_choice":"Lose Max HP","floor":4.0,"gold_loss":0.0,"damage_taken":0.0,"relics_obtained":["Golden Idol"]},{"damage_healed":0.0,"max_hp_gain":0.0,"max_hp_loss":0.0,"gold_gain":0.0,"event_name":"Accursed Blacksmith","player_choice":"Forge","floor":13.0,"gold_loss":0.0,"damage_taken":0.0,"cards_upgraded":["Neutralize"]},{"damage_healed":0,"gold_gain":0,"player_choice":"Upgraded","damage_taken":0,"max_hp_gain":0,"max_hp_loss":0,"event_name":"Upgrade Shrine","floor":19,"gold_loss":0,"cards_upgraded":["Leg Sweep"]}],"is_beta":false,"boss_relics":[{"not_picked":["WristBlade","Lizard Tail"],"picked":"Eternal Feather"}],"items_purged_floors":[12],"is_endless":false,"potions_floor_spawned":[2,3,6,14,18,21],"killed_by":"Slavers","ascension_level":18}