{"gold_per_floor":[119,119,119,119,139,139,177,177,177,202,202,217,241,285,285,285],"floor_reached":16,"playtime":887,"items_purged":[],"score":127,"play_id":"a52062d8-c459-4dad-b96f-765e4b4a62fa","local_time":"20181017214919","is_ascension_mode":true,"campfire_choices":[{"data":"Envenom","floor":6,"key":"SMITH"},{"floor":8,"key":"REST"},{"floor":11,"key":"REST"},{"floor":15,"key":"REST"}],"neow_cost":"NONE","seed_source_timestamp":2369987057592,"circlet_count":0,"master_deck":["Defend_G","Defend_G","Defend_G","Defend_G","Defend_G","Strike_G","Strike_G","Strike_G","Strike_G","Strike_G","Survivor","Neutralize","Envenom+1","Backflip","Sucker Punch","Cloak And Dagger","Accuracy","Blade Dance","Dodge and Roll"],"relics":["Ring of the Snake","Golden Idol","Art of War","Paper Crane","Singing Bowl"],"potions_floor_usage":[7,14],"damage_taken":[{"damage":2,"enemies":"Jaw Worm","floor":1,"turns":4},{"damage":0,"enemies":"2 Louse","floor":5,"turns":3},{"damage":49,"enemies":"3 Sentries","floor":7,"turns":9},{"damage":0,"enemies":"Cultist","floor":10,"turns":3},{"damage":7,"enemies":"2 Fungi Beasts","floor":12,"turns":4},{"damage":25,"enemies":"Exordium Thugs","floor":13,"turns":7},{"damage":14,"enemies":"Lagavulin","floor":14,"turns":8},{"damage":30,"enemies":"Slime Boss","floor":16,"turns":10}],"seed_played":"-1395512413037473208","potions_obtained":[{"floor":1,"key":"SkillPotion"},{"floor":10,"key":"Swift Potion"},{"floor":14,"key":"Swift Potion"}],"is_trial":false,"path_per_floor":["M","?","?","?","M","R","E","R","T","M","R","M","M","E","R"],"character_chosen":"THE_SILENT","items_purchased":[],"campfire_rested":3,"item_purchase_floors":[],"current_hp_per_floor":[68,65,65,65,65,65,16,35,35,35,54,47,22,10,30,0],"gold":285,"neow_bonus":"ONE_RANDOM_RARE_CARD","is_prod":false,"is_daily":false,"chose_seed":false,"campfire_upgraded":1,"win_rate":0,"timestamp":1539823759,"path_taken":["M","?","?","?","M","R","E","R","T","?","R","M","M","E","R","BOSS"],"build_version":"2018-10-11","purchased_purges":0,"victory":false,"max_hp_per_floor":[70,65,65,65,65,65,65,65,65,65,65,65,65,67,67,67],"card_choices":[{"not_picked":["Heel Hook","Underhanded Strike"],"picked":"Backflip","floor":1},{"not_picked":["Dagger Throw","Backstab"],"picked":"Sucker Punch","floor":5},{"not_picked":["Escape Plan","Dagger Spray"],"picked":"Cloak And Dagger","floor":7},{"not_picked":["Eviscerate","Prepared"],"picked":"Accuracy","floor":10},{"not_picked":["Adrenaline","Deflect"],"picked":"Blade Dance","floor":12},{"not_picked":["Endless Agony","Quick Slash"],"picked":"Dodge and Roll","floor":13},{"not_picked":["Eviscerate","Backstab","Reflex"],"picked":"Singing Bowl","floor":14}],"player_experience":163274,"relics_obtained":[{"floor":7,"key":"Art of War"},{"floor":9,"key":"Paper Crane"},{"floor":14,"key":"Singing Bowl"}],"event_choices":[{"event_name":"Golden Idol","player_choice":"Lose Max HP","floor":2,"damage_taken":0},{"event_name":"Golden Wing","player_choice":"Ignored","floor":3,"damage_taken":0},{"event_name":"Match and Keep!","player_choice":"0 cards matched","floor":4,"damage_taken":0}],"is_beta":false,"boss_relics":[],"items_purged_floors":[],"is_endless":false,"potions_floor_spawned":[1,10,14],"killed_by":"Slime Boss","ascension_level":3}