{"gold_per_floor":[113,388,402,418,13,13,13,25,25,41,41,41,41,55,55,159,159,177,39,39,13,27,52,52,67,116,41,54,54,54,74,74,74],"floor_reached":33,"playtime":1113,"items_purged":["Regret"],"score":257,"play_id":"fb96c704-933a-4524-bba1-e9df1fdf266d","local_time":"20190123172124","is_ascension_mode":false,"campfire_choices":[{"floor":6,"key":"REST"},{"data":"Armaments","floor":12,"key":"SMITH"},{"data":"Anger","floor":15,"key":"SMITH"},{"floor":24,"key":"REST"},{"floor":32,"key":"REST"}],"neow_cost":"NONE","seed_source_timestamp":1573251861672265,"circlet_count":0,"master_deck":["Strike_R","Strike_R","Strike_R","Strike_R+1","Strike_R","Defend_R","Defend_R","Defend_R","Defend_R","Bash","Anger+1","Metallicize","Armaments+1","Metallicize","Thunderclap+1","Uppercut","Bludgeon","Rage","Shrug It Off","Havoc","Headbutt+1","True Grit+1","Pommel Strike+1","Flex+1","Dark Embrace","Flex+1","Anger","Sword Boomerang"],"relics":["Burning Blood","Bottled Lightning","Red Skull","StoneCalendar","Lizard Tail","Tiny Chest","Prayer Wheel","Whetstone","Enchiridion"],"potions_floor_usage":[16,16,23,25,25,31,33],"damage_taken":[{"damage":0,"enemies":"2 Louse","floor":1,"turns":3},{"damage":3,"enemies":"Cultist","floor":3,"turns":4},{"damage":8,"enemies":"Jaw Worm","floor":4,"turns":4},{"damage":17,"enemies":"Lots of Slimes","floor":8,"turns":6},{"damage":17,"enemies":"Exordium Thugs","floor":10,"turns":7},{"damage":9,"enemies":"Looter","floor":14,"turns":4},{"damage":32,"enemies":"The Guardian","floor":16,"turns":9},{"damage":31,"enemies":"Spheric Guardian","floor":18,"turns":7},{"damage":31,"enemies":"Chosen","floor":22,"turns":7},{"damage":40,"enemies":"Gremlin Leader","floor":23,"turns":7},{"damage":18,"enemies":"Sentry and Sphere","floor":25,"turns":7},{"damage":25,"enemies":"Cultist and Chosen","floor":28,"turns":7},{"damage":4,"enemies":"Snake Plant","floor":31,"turns":4},{"damage":65,"enemies":"Champ","floor":33,"turns":9}],"seed_played":"3376850100107000374","potions_obtained":[{"floor":3,"key":"FearPotion"},{"floor":8,"key":"SpeedPotion"},{"floor":16,"key":"FearPotion"},{"floor":22,"key":"SpeedPotion"},{"floor":23,"key":"EssenceOfSteel"},{"floor":25,"key":"EssenceOfSteel"},{"floor":31,"key":"SpeedPotion"}],"is_trial":false,"path_per_floor":["?","M","?","M","$","?","$","M","?","?","M"],"character_chosen":"IRONCLAD","items_purchased":["Bottled Lightning","Red Skull","Shrug It Off","Tiny Chest","Havoc"],"campfire_rested":3,"item_purchase_floors":[5,5,19,19,21],"current_hp_per_floor":[80,80,80,78,78,80,90,79,79,68,68,68,68,65,65,39,90,65,65,65,65,40,51,78,66,66,66,47,47,31,33,60,0],"gold":74,"neow_bonus":"ONE_RANDOM_RARE_CARD","is_prod":false,"is_daily":false,"chose_seed":false,"campfire_upgraded":2,"win_rate":0,"timestamp":1548282084,"path_taken":["M","?","?","M","$","R","?","M","T","?","$","R","?","M","R","BOSS","M","$","?","?","M","E","R","M","T","$","?","?","?","?","R","BOSS"],"build_version":"2019-01-23","purchased_purges":1,"victory":false,"max_hp_per_floor":[80,80,80,80,80,80,90,90,90,90,90,90,90,90,90,90,90,90,90,90,90,90,90,90,90,90,90,90,90,90,90,90,90],"card_choices":[{"not_picked":["Warcry","True Grit"],"picked":"Anger","floor":1},{"not_picked":["Seeing Red","Body Slam"],"picked":"Metallicize","floor":3},{"not_picked":["Corruption","Sword Boomerang"],"picked":"Armaments","floor":4},{"not_picked":["Fiend Fire","Combust"],"picked":"Metallicize","floor":8},{"not_picked":["Perfected Strike","Shrug It Off"],"picked":"Thunderclap","floor":10},{"not_picked":["Evolve","True Grit"],"picked":"Uppercut","floor":14},{"not_picked":["Juggernaut","Barricade"],"picked":"Bludgeon","floor":16},{"not_picked":["Cleave","Pommel Strike"],"picked":"Rage","floor":18},{"not_picked":["Pommel Strike","Whirlwind"],"picked":"Headbutt+1","floor":22},{"not_picked":["Bloodletting","Evolve"],"picked":"True Grit+1","floor":23},{"not_picked":["Rage+1","Body Slam"],"picked":"Pommel Strike","floor":25},{"not_picked":["Headbutt","Pommel Strike"],"picked":"Flex+1","floor":25},{"not_picked":["Cleave","Heavy Blade"],"picked":"Dark Embrace","floor":28},{"not_picked":["Warcry+1","Dual Wield"],"picked":"Flex+1","floor":28},{"not_picked":["Dual Wield","Flex"],"picked":"Anger","floor":31},{"not_picked":["Sever Soul","Seeing Red"],"picked":"Sword Boomerang","floor":31}],"player_experience":339101,"relics_obtained":[{"floor":9,"key":"StoneCalendar"},{"floor":23,"key":"Prayer Wheel"},{"floor":26,"key":"Whetstone"},{"floor":30,"key":"Enchiridion"}],"event_choices":[{"damage_healed":0,"gold_gain":275,"player_choice":"Desecrate","damage_taken":0,"max_hp_gain":0,"max_hp_loss":0,"event_name":"Golden Shrine","floor":2,"gold_loss":0,"cards_obtained":["Regret"]},{"cards_removed":["Impervious"],"damage_healed":0,"gold_gain":0,"player_choice":"Offered Rare","damage_taken":0,"max_hp_gain":10,"max_hp_loss":0,"event_name":"Bonfire Elementals","floor":7,"gold_loss":0},{"damage_healed":0,"gold_gain":0,"player_choice":"Upgraded","damage_taken":0,"max_hp_gain":0,"max_hp_loss":0,"event_name":"Upgrade Shrine","floor":20,"gold_loss":0,"cards_upgraded":["Thunderclap"]},{"damage_healed":0,"gold_gain":0,"player_choice":"Ignored","damage_taken":0,"max_hp_gain":0,"max_hp_loss":0,"event_name":"Ghosts","floor":29,"gold_loss":0},{"damage_healed":0,"gold_gain":0,"player_choice":"Obtained Book","damage_taken":16,"max_hp_gain":0,"max_hp_loss":0,"event_name":"Cursed Tome","floor":30,"gold_loss":0}],"is_beta":false,"boss_relics":[{"not_picked":["Runic Pyramid","Fusion Hammer"],"picked":"Lizard Tail"}],"items_purged_floors":[27],"is_endless":false,"potions_floor_spawned":[3,8,16,22,23,25,31],"killed_by":"Champ","ascension_level":0}