{"path_per_floor":["M","?","M","M","M","R","M","M","T","M","M","M","?","M","R","B",null,"M","?","?","M","M"],"character_chosen":"THE_SILENT","items_purchased":[],"gold_per_floor":[110,110,130,146,164,164,179,195,195,214,230,242,308,319,319,424,424,436,386,386,400,417],"floor_reached":23,"campfire_rested":2,"playtime":1750,"current_hp_per_floor":[63,63,45,44,14,35,30,22,22,2,8,8,8,4,25,3,70,40,40,63,50,30],"items_purged":[],"gold":417,"score":191,"play_id":"8feab0bb-c2b7-44a3-8dcb-198e939bb85b","is_prod":false,"is_daily":false,"is_ascension_mode":false,"campfire_upgraded":0,"path_taken":["M","?","?","M","M","R","M","M","T","M","M","?","?","?","R","BOSS","M","?","?","M","M","M"],"build_version":"2018-02-08-PROD1","purchased_purges":0,"victory":false,"master_deck":["Defend_G","Defend_G","Defend_G","Defend_G","Defend_G","Strike_G","Strike_G","Strike_G","Strike_G","Strike_G","Survivor","Neutralize","Phantasmal Killer+1","Prepared","Backstab","Quick Slash","Outmaneuver","Choke","Adrenaline","Leg Sweep","Infinite Blades","Well Laid Plans","Deadly Poison","Tools of the Trade","Backflip+1","Flying Knee+1","Dagger Spray"],"max_hp_per_floor":[70,70,70,70,70,70,70,70,70,70,70,70,70,70,70,70,70,70,70,70,70,70],"relics":["Ring of the Snake","Calipers","The Specimen"],"card_choices":[{"not_picked":["Tactician","Backflip"],"picked":"Prepared"},{"not_picked":["Prepared","Sucker Punch"],"picked":"Backstab"},{"not_picked":["Acrobatics","Slice"],"picked":"Quick Slash"},{"not_picked":["Crippling Poison","Reflex"],"picked":"Outmaneuver"},{"not_picked":["Underhanded Strike","Flechettes"],"picked":"Choke"},{"not_picked":["Expertise","Choke"],"picked":"Adrenaline"},{"not_picked":["Sucker Punch","Cloak And Dagger"],"picked":"Leg Sweep"},{"not_picked":["Heel Hook","Poisoned Stab"],"picked":"Infinite Blades"},{"not_picked":["Underhanded Strike","Slice"],"picked":"Well Laid Plans"},{"not_picked":["Underhanded Strike","Expertise"],"picked":"Deadly Poison"},{"not_picked":["A Thousand Cuts","Glass Knife"],"picked":"Tools of the Trade"},{"not_picked":["Masterful Stab","All Out Attack"],"picked":"Backflip"},{"not_picked":["Endless Agony","Backflip"],"picked":"Flying Knee"},{"not_picked":["Slice","Heel Hook"],"picked":"Dagger Spray"}],"player_experience":41149,"potions_floor_usage":[5,11,16,16,21],"damage_taken":[{"damage":7,"enemies":"2 Louse","floor":1,"turns":4},{"damage":18,"enemies":"Blue Slaver","floor":3,"turns":7},{"damage":1,"enemies":"Jaw Worm","floor":4,"turns":3},{"damage":30,"enemies":"Gremlin Gang","floor":5,"turns":8},{"damage":5,"enemies":"Lots of Slimes","floor":7,"turns":4},{"damage":8,"enemies":"Exordium Wildlife","floor":8,"turns":5},{"damage":20,"enemies":"Exordium Thugs","floor":10,"turns":5},{"damage":9,"enemies":"Lots of Slimes","floor":11,"turns":8},{"damage":0,"enemies":"Looter","floor":12,"turns":3},{"damage":4,"enemies":"Exordium Wildlife","floor":14,"turns":3},{"damage":22,"enemies":"Slime Boss","floor":16,"turns":16},{"damage":30,"enemies":"Spheric Guardian","floor":18,"turns":9},{"damage":13,"enemies":"Chosen","floor":21,"turns":6},{"damage":20,"enemies":"Snake Plant","floor":22,"turns":7},{"damage":30,"enemies":"Centurion and Healer","floor":23,"turns":8}],"event_choices":[{"event_name":"Upgrade Shrine","player_choice":"Upgraded","floor":2,"damage_taken":0},{"event_name":"Golden Wing","player_choice":"Gained Gold","floor":13,"damage_taken":0},{"event_name":"The Joust","player_choice":"Bet on Murderer","floor":19,"damage_taken":0},{"event_name":"The Library","player_choice":"Heal","floor":20,"damage_taken":0}],"boss_relics":[{"not_picked":["Ectoplasm","Snecko Eye"],"picked":"The Specimen"}],"potions_floor_spawned":[4,7,11,12,18],"seed_played":"7572084713735684306","killed_by":"Centurion and Healer","ascension_level":0,"is_trial":false}