{"gold_per_floor":[118,118,133,153,169,169,8,31,31,31,54,85,85,104,104,200,200,215,53,69,69],"floor_reached":21,"playtime":692,"items_purged":["Strike_R"],"score":329,"play_id":"f1db184e-bad2-4aed-8203-7143e0b917a1","local_time":"20181221022129","is_ascension_mode":true,"campfire_choices":[{"data":"Pommel Strike","floor":6,"key":"SMITH"},{"data":"Bash","floor":10,"key":"SMITH"},{"data":"Inflame","floor":13,"key":"SMITH"},{"data":"Heavy Blade","floor":15,"key":"SMITH"}],"neow_cost":"NONE","seed_source_timestamp":32812401205524,"circlet_count":0,"master_deck":["AscendersBane","Strike_R","Strike_R","Strike_R","Strike_R","Defend_R","Defend_R","Defend_R","Defend_R","Bash+1","Pommel Strike+1","Cleave","Anger","Headbutt","Inflame+1","Dropkick","Heavy Blade+1","Entrench+1","Sword Boomerang","Demon Form","Battle Trance+1","Power Through+1"],"relics":["Sozu","Golden Idol","Toxic Egg 2","Shuriken","Eternal Feather","PreservedInsect"],"potions_floor_usage":[],"damage_taken":[{"damage":2,"enemies":"Jaw Worm","floor":1,"turns":3},{"damage":1,"enemies":"Cultist","floor":3,"turns":3},{"damage":0,"enemies":"Small Slimes","floor":4,"turns":3},{"damage":8,"enemies":"Red Slaver","floor":5,"turns":3},{"damage":3,"enemies":"Blue Slaver","floor":8,"turns":3},{"damage":0,"enemies":"Exordium Thugs","floor":11,"turns":2},{"damage":10,"enemies":"3 Sentries","floor":12,"turns":5},{"damage":6,"enemies":"Looter","floor":14,"turns":2},{"damage":28,"enemies":"The Guardian","floor":16,"turns":8},{"damage":26,"enemies":"2 Thieves","floor":18,"turns":4},{"damage":21,"enemies":"Shell Parasite","floor":20,"turns":3},{"damage":7,"enemies":"Centurion and Healer","floor":21,"turns":4}],"seed_played":"-4807908629239761816","potions_obtained":[],"is_trial":false,"path_per_floor":["M","?","M","M","M","R","$","M","T","R","M","E","R","M","R","B",null,"M","$","M","M"],"character_chosen":"IRONCLAD","items_purchased":["Inflame","PreservedInsect"],"campfire_rested":0,"item_purchase_floors":[7,19],"current_hp_per_floor":[66,66,65,65,57,57,57,54,54,54,54,44,44,38,38,10,54,28,28,7,0],"gold":69,"neow_bonus":"BOSS_RELIC","is_prod":false,"is_daily":false,"chose_seed":false,"campfire_upgraded":4,"win_rate":0,"timestamp":1545369689,"path_taken":["M","?","M","M","M","R","?","M","T","R","M","E","R","M","R","BOSS","M","$","M","M"],"build_version":"2018-12-20","purchased_purges":1,"victory":false,"max_hp_per_floor":[75,68,68,68,68,68,68,68,68,68,68,68,68,68,68,68,68,68,68,68,68],"card_choices":[{"not_picked":["Sever Soul","Heavy Blade"],"picked":"Pommel Strike","floor":1},{"not_picked":["Hemokinesis","Pommel Strike"],"picked":"Cleave","floor":3},{"not_picked":["True Grit","Power Through"],"picked":"Anger","floor":4},{"not_picked":["Sever Soul","Searing Blow"],"picked":"Headbutt","floor":5},{"not_picked":["Flex","Reckless Charge"],"picked":"Dropkick","floor":8},{"not_picked":["Twin Strike","Flex+1"],"picked":"Heavy Blade","floor":11},{"not_picked":["Uppercut","Bludgeon"],"picked":"Entrench+1","floor":12},{"not_picked":["Clothesline","Heavy Blade"],"picked":"Sword Boomerang","floor":14},{"not_picked":["Dark Embrace","Offering+1"],"picked":"Demon Form","floor":16},{"not_picked":["Rampage","Flex+1"],"picked":"Battle Trance+1","floor":18},{"not_picked":["Body Slam","Uppercut"],"picked":"Power Through+1","floor":20}],"player_experience":574882,"relics_obtained":[{"floor":9,"key":"Toxic Egg 2"},{"floor":12,"key":"Shuriken"}],"event_choices":[{"damage_healed":0,"gold_gain":0,"player_choice":"Lose Max HP","damage_taken":0,"relics_obtained":["Golden Idol"],"max_hp_gain":0,"max_hp_loss":7,"event_name":"Golden Idol","floor":2,"gold_loss":0}],"is_beta":false,"boss_relics":[{"not_picked":["Black Star","Runic Dome"],"picked":"Eternal Feather"}],"items_purged_floors":[7],"is_endless":false,"potions_floor_spawned":[4,8,12,16,18],"killed_by":"Centurion and Healer","ascension_level":16}