{"gold_per_floor":[110,110,122,47,65,65,91,111,162,162,177,26,26,40,40,116,116,130,45,45,45,45,78,78,98,154,10,10,10,10,20,20,91,91,111,111,11,23,23,23,73,73,124,124,154,105,124,140,140,140],"floor_reached":51,"playtime":3018,"items_purged":["Pain","Decay"],"score":1147,"play_id":"5e2f3cae-6a76-4721-b011-165ad2f5d078","local_time":"20181212041645","is_ascension_mode":true,"campfire_choices":[{"data":"Fiend Fire","floor":6,"key":"SMITH"},{"data":"Rage","floor":13,"key":"SMITH"},{"data":"Pommel Strike","floor":15,"key":"SMITH"},{"floor":24,"key":"REST"},{"data":"Evolve","floor":28,"key":"SMITH"},{"data":"Limit Break","floor":30,"key":"SMITH"},{"floor":32,"key":"REST"},{"data":"True Grit","floor":40,"key":"SMITH"},{"data":"Power Through","floor":42,"key":"SMITH"},{"data":"Spot Weakness","floor":44,"key":"SMITH"},{"floor":49,"key":"REST"}],"neow_cost":"NONE","seed_source_timestamp":25719016043488,"circlet_count":0,"master_deck":["AscendersBane","Strike_R","Strike_R","Strike_R","Strike_R","Defend_R","Defend_R","Defend_R","Bash","Fiend Fire+1","Thunderclap","Battle Trance","Wild Strike","Reaper","Rage+1","Spot Weakness+1","Evolve+1","Pommel Strike+1","Limit Break+1","True Grit+1","Power Through+1","Shame","Inflame","Immolate","True Grit+1","Clothesline+1","Decay","Shrug It Off","Shrug It Off","Pummel"],"relics":["Burning Blood","Blue Candle","Art of War","Cursed Key","Centennial Puzzle","Enchiridion","Matryoshka","Kunai","Bag of Preparation","Tiny Chest","Lizard Tail","Dream Catcher","Bird Faced Urn","Regal Pillow","Juzu Bracelet"],"potions_floor_usage":[8,11,16,23,33,38,50,50,50,50],"damage_taken":[{"damage":4,"enemies":"Small Slimes","floor":1,"turns":3},{"damage":7,"enemies":"Jaw Worm","floor":3,"turns":2},{"damage":0,"enemies":"2 Louse","floor":5,"turns":3},{"damage":40,"enemies":"3 Sentries","floor":7,"turns":7},{"damage":23,"enemies":"Exordium Thugs","floor":8,"turns":3},{"damage":5,"enemies":"2 Fungi Beasts","floor":11,"turns":4},{"damage":13,"enemies":"3 Louse","floor":14,"turns":3},{"damage":40,"enemies":"The Guardian","floor":16,"turns":11},{"damage":0,"enemies":"Spheric Guardian","floor":18,"turns":1},{"damage":70,"enemies":"Slavers","floor":23,"turns":6},{"damage":1,"enemies":"Shell Parasite","floor":25,"turns":1},{"damage":0,"enemies":"Snake Plant","floor":31,"turns":1},{"damage":22,"enemies":"Automaton","floor":33,"turns":8},{"damage":26,"enemies":"Orb Walker","floor":35,"turns":4},{"damage":21,"enemies":"3 Darklings","floor":38,"turns":5},{"damage":48,"enemies":"Nemesis","floor":45,"turns":7},{"damage":2,"enemies":"4 Shapes","floor":47,"turns":3},{"damage":0,"enemies":"Sphere and 2 Shapes","floor":48,"turns":3},{"damage":111,"enemies":"Donu and Deca","floor":50,"turns":10}],"seed_played":"2794574657774488581","potions_obtained":[{"floor":1,"key":"GamblersBrew"},{"floor":3,"key":"Strength Potion"},{"floor":10,"key":"Block Potion"},{"floor":16,"key":"Explosive Potion"},{"floor":18,"key":"FairyPotion"},{"floor":23,"key":"Dexterity Potion"},{"floor":33,"key":"Strength Potion"},{"floor":38,"key":"LiquidBronze"},{"floor":45,"key":"EntropicBrew"}],"is_trial":false,"path_per_floor":["M","?","M","?","M","R","E","M","T","?","M","$","R","M","R","B",null,"M","?","?","?","T","E","R","M","T","$","R","$","R","M","R","B",null,"M","T","$","M","?","R","?","R","T","R","E","$","M","M","R","B",null],"character_chosen":"IRONCLAD","items_purchased":["Spot Weakness","Evolve","Inflame","Shrug It Off"],"campfire_rested":3,"item_purchase_floors":[12,12,27,46],"current_hp_per_floor":[70,70,69,69,75,75,41,36,36,36,47,47,47,44,44,23,62,68,68,47,47,47,13,35,40,40,40,40,40,40,46,68,52,69,49,49,49,73,73,73,66,66,66,66,30,30,38,48,75,74],"gold":140,"neow_bonus":"ONE_RANDOM_RARE_CARD","is_prod":false,"is_daily":false,"chose_seed":false,"campfire_upgraded":8,"win_rate":0,"timestamp":1544599005,"path_taken":["M","?","M","?","M","R","E","M","T","?","M","$","R","?","R","BOSS","M","?","?","?","?","E","R","?","T","$","R","?","R","M","R","BOSS","M","?","$","M","?","R","?","R","T","R","E","$","M","M","R","BOSS"],"build_version":"2018-12-06","purchased_purges":2,"victory":true,"max_hp_per_floor":[75,75,75,75,75,75,75,75,75,75,75,75,75,75,75,75,75,75,75,75,75,75,75,75,75,75,75,75,75,75,75,75,75,75,75,75,75,75,75,75,75,75,75,75,75,75,75,75,75,75],"card_choices":[{"not_picked":["Infernal Blade","Heavy Blade"],"picked":"Thunderclap","floor":1},{"not_picked":["Infernal Blade","Ghostly Armor"],"picked":"Battle Trance","floor":3},{"not_picked":["Combust","Warcry"],"picked":"Wild Strike","floor":5},{"not_picked":["Blood for Blood","Warcry"],"picked":"Reaper","floor":7},{"not_picked":["Sword Boomerang","Heavy Blade","Wild Strike"],"picked":"SKIP","floor":8},{"not_picked":["Clash","Pommel Strike"],"picked":"Rage","floor":11},{"not_picked":["Twin Strike","Rage"],"picked":"Pommel Strike","floor":14},{"not_picked":["Feed","Impervious"],"picked":"Limit Break","floor":16},{"not_picked":["Pummel","Havoc"],"picked":"True Grit+1","floor":18},{"not_picked":["Pommel Strike","Sword Boomerang"],"picked":"Power Through","floor":23},{"not_picked":["Rupture","Bludgeon","Spot Weakness"],"picked":"SKIP","floor":25},{"not_picked":["Wild Strike","Thunderclap+1","Body Slam"],"picked":"SKIP","floor":31},{"not_picked":["Limit Break","Brutality"],"picked":"Immolate","floor":33},{"not_picked":["Pommel Strike","Armaments"],"picked":"True Grit","floor":35},{"not_picked":["Clash","Seeing Red"],"picked":"Clothesline+1","floor":38},{"not_picked":["Intimidate","Havoc","Sever Soul"],"picked":"SKIP","floor":45},{"not_picked":["Body Slam","Rage"],"picked":"Shrug It Off","floor":47},{"not_picked":["Wild Strike+1","Anger"],"picked":"Pummel","floor":48}],"player_experience":519967,"relics_obtained":[{"floor":7,"key":"Blue Candle"},{"floor":9,"key":"Art of War"},{"floor":20,"key":"Enchiridion"},{"floor":22,"key":"Matryoshka"},{"floor":23,"key":"Kunai"},{"floor":26,"key":"Bag of Preparation"},{"floor":26,"key":"Tiny Chest"},{"floor":36,"key":"Dream Catcher"},{"floor":36,"key":"Bird Faced Urn"},{"floor":43,"key":"Regal Pillow"},{"floor":45,"key":"Juzu Bracelet"}],"event_choices":[{"damage_healed":0,"gold_gain":0,"player_choice":"Ignored","damage_taken":0,"max_hp_gain":0,"max_hp_loss":0,"event_name":"Liars Game","floor":2,"gold_loss":0},{"cards_removed":["Strike_R"],"damage_healed":0,"gold_gain":0,"player_choice":"Card Removal","damage_taken":0,"max_hp_gain":0,"max_hp_loss":0,"event_name":"The Cleric","floor":4,"gold_loss":75},{"damage_healed":0,"gold_gain":0,"player_choice":"Got Potions","damage_taken":0,"max_hp_gain":0,"max_hp_loss":0,"event_name":"Lab","floor":10,"gold_loss":0},{"damage_healed":0,"gold_gain":0,"player_choice":"Obtained Relic","damage_taken":0,"relics_obtained":["Centennial Puzzle"],"max_hp_gain":0,"max_hp_loss":0,"event_name":"Addict","floor":19,"gold_loss":85},{"damage_healed":0,"gold_gain":0,"player_choice":"Obtained Book","damage_taken":21,"max_hp_gain":0,"max_hp_loss":0,"event_name":"Cursed Tome","floor":20,"gold_loss":0},{"damage_healed":0,"gold_gain":0,"player_choice":"Ignored","damage_taken":0,"max_hp_gain":0,"max_hp_loss":0,"event_name":"Ghosts","floor":21,"gold_loss":0},{"cards_removed":["Defend_R"],"damage_healed":0,"gold_gain":0,"player_choice":"Removed Skill","damage_taken":0,"max_hp_gain":0,"max_hp_loss":0,"event_name":"Falling","floor":39,"gold_loss":0},{"damage_healed":0,"gold_gain":50,"player_choice":"Touch","damage_taken":7,"max_hp_gain":0,"max_hp_loss":0,"event_name":"FaceTrader","floor":41,"gold_loss":0}],"is_beta":false,"boss_relics":[{"not_picked":["Tiny House","Velvet Choker"],"picked":"Cursed Key"},{"not_picked":["Black Blood","Fusion Hammer"],"picked":"Lizard Tail"}],"items_purged_floors":[27,37],"is_endless":false,"potions_floor_spawned":[1,3,16,18,23,33,38,45],"ascension_level":15}