{"gold_per_floor":[114,114,129,144,94,94,124,124,174,174,45,60,90,90,90,190,190,205,405,122,137,152,152,167,167,167,182,182,16,16,16,16,116,116,131,131,146,146,146,146,246,261,261,261,291,306,0,15,15,15],"floor_reached":51,"playtime":4905,"items_purged":["Strike_G"],"score":673,"play_id":"f6abc167-9e31-4686-9531-55a5ab10d7b2","local_time":"20181213233621","daily_mods":["Specialized","Blue Cards","Binary"],"is_ascension_mode":false,"campfire_choices":[{"data":"FTL","floor":6,"key":"SMITH"},{"data":"Predator","floor":10,"key":"SMITH"},{"data":"Infinite Blades","floor":15,"key":"SMITH"},{"floor":23,"key":"REST"},{"data":"Apotheosis","floor":25,"key":"SMITH"},{"floor":32,"key":"REST"},{"floor":40,"key":"REST"},{"floor":44,"key":"REST"},{"floor":49,"key":"REST"}],"neow_cost":"","seed_source_timestamp":1399710406823,"circlet_count":0,"master_deck":["Survivor","Neutralize","FTL+1","FTL","FTL","FTL","FTL","Backstab","Dagger Throw","Predator+1","PiercingWail","Stack","Quick Slash","Infinite Blades+1","Reboot","Machine Learning","Dash","Machine Learning","Undo","Slice","Creative AI","Flying Knee+1","Flash of Steel","Apotheosis+1","Noxious Fumes","Backflip","Acrobatics","Caltrops","Trip","Bane+1","Panacea","Blade Dance+1","Envenom"],"special_seed":17879,"relics":["Ring of the Snake","Ornamental Fan","Juzu Bracelet","Oddly Smooth Stone","Pandora\u0027s Box","Bottled Lightning","Smiling Mask","HoveringKite","Molten Egg 2","Calipers","Red Mask"],"potions_floor_usage":[33,50,50],"damage_taken":[{"damage":0,"enemies":"Jaw Worm","floor":1,"turns":3},{"damage":0,"enemies":"2 Louse","floor":3,"turns":1},{"damage":0,"enemies":"Small Slimes","floor":4,"turns":2},{"damage":7,"enemies":"Lagavulin Event","floor":7,"turns":5},{"damage":0,"enemies":"Exordium Wildlife","floor":12,"turns":2},{"damage":5,"enemies":"Lagavulin","floor":13,"turns":4},{"damage":6,"enemies":"Slime Boss","floor":16,"turns":7},{"damage":0,"enemies":"Shell Parasite","floor":18,"turns":4},{"damage":0,"enemies":"Spheric Guardian","floor":21,"turns":3},{"damage":21,"enemies":"Snake Plant","floor":22,"turns":5},{"damage":0,"enemies":"Snecko","floor":24,"turns":5},{"damage":0,"enemies":"Centurion and Healer","floor":27,"turns":4},{"damage":32,"enemies":"Collector","floor":33,"turns":8},{"damage":32,"enemies":"3 Shapes","floor":35,"turns":4},{"damage":7,"enemies":"3 Darklings","floor":37,"turns":5},{"damage":11,"enemies":"Transient","floor":42,"turns":5},{"damage":15,"enemies":"Giant Head","floor":45,"turns":7},{"damage":16,"enemies":"Maw","floor":46,"turns":7},{"damage":22,"enemies":"4 Shapes","floor":48,"turns":5},{"damage":23,"enemies":"Awakened One","floor":50,"turns":12}],"seed_played":"7066479884304422075","potions_obtained":[{"floor":3,"key":"Dexterity Potion"},{"floor":7,"key":"FearPotion"},{"floor":12,"key":"Energy Potion"},{"floor":33,"key":"GamblersBrew"}],"is_trial":false,"path_per_floor":["M","?","M","M","?","R","?","?","T","R","$","M","E","?","R","B",null,"M","?","$","M","M","R","M","R","T","M","?","$","?","?","R","B",null,"M","?","M","?","?","R","?","M","T","R","E","M","?","M","R","B",null],"character_chosen":"THE_SILENT","items_purchased":["Stack","Flash of Steel","Apotheosis","Caltrops","Trip"],"campfire_rested":5,"item_purchase_floors":[11,20,20,29,29],"current_hp_per_floor":[70,70,70,70,70,70,63,56,56,56,56,56,51,51,51,45,70,70,70,70,70,49,70,70,70,70,70,70,70,70,57,75,43,75,43,43,36,36,36,58,58,47,47,69,54,38,38,16,38,15],"gold":15,"neow_bonus":"","is_prod":false,"is_daily":true,"chose_seed":false,"campfire_upgraded":4,"win_rate":0.0,"timestamp":1544772981,"path_taken":["M","?","M","M","?","R","?","?","T","R","$","M","E","?","R","BOSS","M","?","?","M","M","R","M","R","T","M","?","$","?","?","R","BOSS","M","?","M","?","?","R","?","M","T","R","E","M","?","M","R","BOSS"],"build_version":"2018-12-13","purchased_purges":1,"victory":true,"max_hp_per_floor":[70,70,70,70,70,70,70,70,70,70,70,70,70,70,70,70,70,70,70,70,70,70,70,70,70,70,70,70,70,70,75,75,75,75,75,75,75,75,75,75,75,75,75,75,75,75,75,75,75,75],"card_choices":[{"not_picked":["Coolheaded"],"picked":"Backstab","floor":1},{"not_picked":["Steam Power"],"picked":"Dagger Throw","floor":3},{"not_picked":["Prepared"],"picked":"Predator","floor":4},{"not_picked":["Force Field"],"picked":"PiercingWail","floor":7},{"not_picked":["Storm"],"picked":"Quick Slash","floor":12},{"not_picked":["Leap"],"picked":"Infinite Blades","floor":13},{"not_picked":["Electrodynamics"],"picked":"Reboot","floor":16},{"not_picked":["Sweeping Beam+1"],"picked":"Flying Knee+1","floor":18},{"not_picked":["Cold Snap"],"picked":"Noxious Fumes","floor":21},{"not_picked":["Hologram","Rip and Tear"],"picked":"SKIP","floor":22},{"not_picked":["Quick Slash"],"picked":"Backflip","floor":24},{"not_picked":["Glacier+1"],"picked":"Acrobatics","floor":27},{"not_picked":["Compile Driver","Barrage"],"picked":"SKIP","floor":35},{"not_picked":["Setup"],"picked":"Bane+1","floor":37},{"not_picked":["Swift Strike"],"picked":"Panacea","floor":38},{"not_picked":["Dash+1"],"picked":"Blade Dance+1","floor":42},{"not_picked":["Backflip+1"],"picked":"Envenom","floor":45},{"not_picked":["Undo","Dagger Throw+1"],"picked":"SKIP","floor":46},{"not_picked":["Quick Slash+1","Rip and Tear+1"],"picked":"SKIP","floor":48}],"player_experience":30351,"relics_obtained":[{"floor":7,"key":"Ornamental Fan"},{"floor":9,"key":"Juzu Bracelet"},{"floor":13,"key":"Oddly Smooth Stone"},{"floor":26,"key":"Bottled Lightning"},{"floor":43,"key":"Molten Egg 2"},{"floor":45,"key":"Calipers"}],"event_choices":[{"damage_healed":0,"gold_gain":0,"player_choice":"Ignored","damage_taken":0,"max_hp_gain":0,"max_hp_loss":0,"event_name":"Liars Game","floor":2,"gold_loss":0},{"cards_removed":["Strike_G"],"damage_healed":0,"gold_gain":0,"player_choice":"Card Removal","damage_taken":0,"max_hp_gain":0,"max_hp_loss":0,"event_name":"The Cleric","floor":5,"gold_loss":50},{"damage_healed":0,"gold_gain":0,"player_choice":"Searched \u00271\u0027 times","damage_taken":0,"max_hp_gain":0,"max_hp_loss":0,"event_name":"Dead Adventurer","floor":7,"gold_loss":0},{"cards_removed":["Defend_G"],"damage_healed":0,"gold_gain":0,"player_choice":"Card Removal","damage_taken":7,"max_hp_gain":0,"max_hp_loss":0,"event_name":"Golden Wing","floor":8,"gold_loss":0},{"cards_removed":["Defend_G"],"damage_healed":0,"gold_gain":0,"player_choice":"Forget","damage_taken":0,"max_hp_gain":0,"max_hp_loss":0,"event_name":"Living Wall","floor":14,"gold_loss":0},{"damage_healed":0,"gold_gain":200,"player_choice":"Gold","damage_taken":0,"max_hp_gain":0,"max_hp_loss":0,"event_name":"Wheel of Change","floor":19,"gold_loss":0},{"damage_healed":0,"gold_gain":0,"player_choice":"Ignored","damage_taken":0,"max_hp_gain":0,"max_hp_loss":0,"event_name":"Cursed Tome","floor":28,"gold_loss":0},{"damage_healed":0,"gold_gain":0,"player_choice":"Opened","damage_taken":0,"relics_obtained":["Smiling Mask"],"max_hp_gain":0,"max_hp_loss":0,"event_name":"The Mausoleum","floor":30,"gold_loss":0,"cards_obtained":["Writhe"]},{"damage_healed":0,"gold_gain":0,"player_choice":"Shed Blood","damage_taken":18,"max_hp_gain":5,"max_hp_loss":0,"event_name":"Forgotten Altar","floor":31,"gold_loss":0},{"cards_removed":["Writhe"],"damage_healed":0,"gold_gain":0,"player_choice":"Card Removal","damage_taken":0,"max_hp_gain":0,"max_hp_loss":0,"event_name":"Wheel of Change","floor":36,"gold_loss":0},{"damage_healed":0,"gold_gain":0,"player_choice":"Memory 1","damage_taken":0,"max_hp_gain":0,"max_hp_loss":0,"event_name":"SensoryStone","floor":38,"gold_loss":0},{"damage_healed":0,"gold_gain":0,"player_choice":"Ignored","damage_taken":0,"max_hp_gain":0,"max_hp_loss":0,"event_name":"Mysterious Sphere","floor":39,"gold_loss":0},{"damage_healed":0,"gold_gain":100,"player_choice":"Pray","damage_taken":0,"max_hp_gain":0,"max_hp_loss":0,"event_name":"Golden Shrine","floor":41,"gold_loss":0},{"damage_healed":0,"gold_gain":0,"player_choice":"Paid","damage_taken":0,"relics_obtained":["Red Mask"],"max_hp_gain":0,"max_hp_loss":0,"event_name":"Tomb of Lord Red Mask","floor":47,"gold_loss":306}],"is_beta":false,"boss_relics":[{"not_picked":["Cursed Key","Lizard Tail"],"picked":"Pandora\u0027s Box"},{"not_picked":["Coffee Dripper","Astrolabe"],"picked":"HoveringKite"}],"items_purged_floors":[11],"is_endless":false,"potions_floor_spawned":[3,7,12,16,21,27,33,35,46],"ascension_level":0}