{"gold_per_floor":[119,139,153,153,153,179,179,199,199,214,225,238,254,354,354,354],"floor_reached":16,"playtime":1089,"items_purged":[],"score":106,"play_id":"5c5b1fef-4b34-4fe0-862a-aa9ff6472d03","local_time":"20190115143650","is_ascension_mode":false,"campfire_choices":[{"floor":7,"key":"REST"},{"floor":15,"key":"REST"}],"neow_cost":"NONE","seed_source_timestamp":557387696868679,"circlet_count":0,"master_deck":["Defend_G","Defend_G","Defend_G","Defend_G","Defend_G","Strike_G","Strike_G","Strike_G","Strike_G","Strike_G","Survivor","Neutralize","Wraith Form v2","Slice","Noxious Fumes","Bane","Tactician","PiercingWail","Infinite Blades","Dagger Spray","Blade Dance","Dagger Throw","Predator","Flying Knee"],"relics":["Ring of the Snake","Blood Vial","Oddly Smooth Stone"],"potions_floor_usage":[10,10,16],"damage_taken":[{"damage":2,"enemies":"2 Louse","floor":1,"turns":3},{"damage":1,"enemies":"Cultist","floor":2,"turns":4},{"damage":2,"enemies":"Jaw Worm","floor":3,"turns":5},{"damage":35,"enemies":"3 Sentries","floor":6,"turns":8},{"damage":13,"enemies":"2 Fungi Beasts","floor":8,"turns":4},{"damage":23,"enemies":"Gremlin Gang","floor":10,"turns":4},{"damage":3,"enemies":"Blue Slaver","floor":11,"turns":5},{"damage":8,"enemies":"Large Slime","floor":12,"turns":6},{"damage":0,"enemies":"Looter","floor":13,"turns":4},{"damage":40,"enemies":"Hexaghost","floor":16,"turns":9}],"seed_played":"749516166397988703","potions_obtained":[{"floor":2,"key":"LiquidBronze"},{"floor":6,"key":"SpeedPotion"},{"floor":11,"key":"Energy Potion"},{"floor":13,"key":"Poison Potion"}],"is_trial":false,"path_per_floor":["M","M","M","?","$","E","R","M","T","M","M","M","M","?","R","B"],"character_chosen":"THE_SILENT","items_purchased":[],"campfire_rested":2,"item_purchase_floors":[],"current_hp_per_floor":[68,67,65,65,65,30,51,40,40,19,18,12,14,14,35,0],"gold":354,"neow_bonus":"ONE_RANDOM_RARE_CARD","is_prod":false,"is_daily":false,"chose_seed":false,"campfire_upgraded":0,"win_rate":0.0,"timestamp":1547581010,"path_taken":["M","M","M","?","$","E","R","M","T","M","M","M","?","?","R","BOSS"],"build_version":"2019-01-10","purchased_purges":0,"victory":false,"max_hp_per_floor":[70,70,70,70,70,70,70,70,70,70,70,70,70,70,70,70],"card_choices":[{"not_picked":["Prepared","Reflex"],"picked":"Slice","floor":1},{"not_picked":["Blade Dance","Phantasmal Killer"],"picked":"Noxious Fumes","floor":2},{"not_picked":["Blur","Dodge and Roll"],"picked":"Bane","floor":3},{"not_picked":["Bullet Time","Quick Slash"],"picked":"Infinite Blades","floor":6},{"not_picked":["Masterful Stab","Blur"],"picked":"Dagger Spray","floor":8},{"not_picked":["All Out Attack","Underhanded Strike"],"picked":"Blade Dance","floor":10},{"not_picked":["Quick Slash","Malaise"],"picked":"Dagger Throw","floor":11},{"not_picked":["Distraction","Dodge and Roll"],"picked":"Predator","floor":12},{"not_picked":["Outmaneuver","Calculated Gamble"],"picked":"Flying Knee","floor":13}],"player_experience":13890,"relics_obtained":[{"floor":6,"key":"Blood Vial"},{"floor":9,"key":"Oddly Smooth Stone"}],"event_choices":[{"damage_healed":0,"gold_gain":0,"player_choice":"2 cards matched","damage_taken":0,"max_hp_gain":0,"max_hp_loss":0,"event_name":"Match and Keep!","floor":4,"gold_loss":0,"cards_obtained":["Tactician","PiercingWail"]},{"damage_healed":0,"gold_gain":100,"player_choice":"Pray","damage_taken":0,"max_hp_gain":0,"max_hp_loss":0,"event_name":"Golden Shrine","floor":14,"gold_loss":0}],"is_beta":false,"boss_relics":[],"items_purged_floors":[],"is_endless":false,"potions_floor_spawned":[2,6,11,13],"killed_by":"Hexaghost","ascension_level":0}