{"gold_per_floor":[119,119,194,209,261,286,286,286,360,394,394,394,90,105,119,119,119],"floor_reached":17,"playtime":517,"items_purged":["Regret"],"score":124,"play_id":"8470bef2-6786-4303-8fd9-9266b037a27e","local_time":"20190117221651","is_ascension_mode":true,"campfire_choices":[{"floor":7,"key":"REST"},{"floor":16,"key":"REST"}],"neow_cost":"NONE","seed_source_timestamp":1073177865544991,"circlet_count":0,"master_deck":["Strike_B","Strike_B","Strike_B","Strike_B","Defend_B","Defend_B","Defend_B+1","Defend_B","Zap","Dualcast","ReplayTheSpireMod:Calculation Training","Rip and Tear","Streamline","Coolheaded","All For One","ReplayTheSpireMod:Omega Cannon","ReplayTheSpireMod:Repulse"],"relics":["Cracked Core","Centennial Puzzle","Ancient Tea Set","Turnip","Ornamental Fan","Pet Ghost","Replay:Accelerometer","Blood Vial"],"potions_floor_usage":[17],"damage_taken":[{"damage":8,"enemies":"Jaw Worm","floor":1,"turns":4},{"damage":1,"enemies":"2 Louse","floor":4,"turns":4},{"damage":25,"enemies":"Gremlin Nob","floor":6,"turns":4},{"damage":26,"enemies":"3 Sentries","floor":10,"turns":8},{"damage":0,"enemies":"Small Slimes","floor":14,"turns":2},{"damage":1,"enemies":"2 Fungi Beasts","floor":15,"turns":2},{"damage":64,"enemies":"The Guardian","floor":17,"turns":5}],"seed_played":"-7359732605970176474","potions_obtained":[{"floor":6,"key":"Adrenaline Potion"},{"floor":10,"key":"Milkshake"},{"floor":15,"key":"Doom Potion"}],"is_trial":false,"path_per_floor":["M","?","?","M","T","E","R","?","T","E","PTL","T","$","M","M","R","B"],"character_chosen":"DEFECT","items_purchased":["Blood Vial","All For One"],"campfire_rested":2,"item_purchase_floors":[13,13],"current_hp_per_floor":[74,74,63,62,62,37,61,61,61,35,35,35,35,37,38,62,0],"gold":119,"neow_bonus":"TEN_PERCENT_HP_BONUS","is_prod":false,"is_daily":false,"chose_seed":false,"campfire_upgraded":0,"win_rate":0,"timestamp":1547781411,"path_taken":["M","?","?","M","?","E","R","?","T","E","PTL","?","$","M","M","R","BOSS"],"build_version":"2019-01-17","purchased_purges":1,"victory":false,"max_hp_per_floor":[82,82,82,82,82,82,82,82,82,82,82,82,82,82,82,82,82],"card_choices":[{"not_picked":["Go for the Eyes","Cold Snap"],"picked":"ReplayTheSpireMod:Calculation Training","floor":1},{"not_picked":["Consume","Barrage"],"picked":"Rip and Tear","floor":4},{"not_picked":["BasicCrystalCard","Compile Driver"],"picked":"Streamline","floor":6},{"not_picked":["Tempest","Storm"],"picked":"Coolheaded","floor":10},{"not_picked":["Conserve Battery","Doom and Gloom"],"picked":"ReplayTheSpireMod:Omega Cannon","floor":14},{"not_picked":["BasicCrystalCard","Hologram"],"picked":"ReplayTheSpireMod:Repulse","floor":15}],"player_experience":346853,"relics_obtained":[{"floor":5,"key":"Centennial Puzzle"},{"floor":6,"key":"Ancient Tea Set"},{"floor":9,"key":"Ornamental Fan"},{"floor":10,"key":"Pet Ghost"},{"floor":12,"key":"Replay:Accelerometer"}],"event_choices":[{"damage_healed":0,"gold_gain":75,"player_choice":"Gather Gold","damage_taken":11,"max_hp_gain":0,"max_hp_loss":0,"event_name":"World of Goop","floor":3,"gold_loss":0},{"damage_healed":0,"gold_gain":0,"player_choice":"Box","damage_taken":0,"relics_obtained":["Turnip"],"max_hp_gain":0,"max_hp_loss":0,"event_name":"Big Fish","floor":8,"gold_loss":0,"cards_obtained":["Regret"]}],"is_beta":false,"boss_relics":[],"items_purged_floors":[13],"is_endless":false,"potions_floor_spawned":[6,10,15],"killed_by":"The Guardian","ascension_level":2}