{"gold_per_floor":[117,133,208,223,235,261,261,261,338,348,313,72,72,86,86,163,213,228,228,242,242,111,111,26,26,110,110,130,161,18,18,18,93,93,108,120,120,140,140],"floor_reached":39,"playtime":1838,"items_purged":["Strike_R"],"score":763,"play_id":"40febb4d-c11e-4c87-a314-071105c88e0b","local_time":"20181212224232","is_ascension_mode":true,"campfire_choices":[{"data":"Pommel Strike","floor":7,"key":"SMITH"},{"data":"Limit Break","floor":13,"key":"SMITH"},{"data":"Inflame","floor":15,"key":"SMITH"},{"data":"Armaments","floor":23,"key":"SMITH"},{"data":"Immolate","floor":25,"key":"SMITH"},{"floor":27,"key":"REST"},{"floor":32,"key":"REST"}],"neow_cost":"NONE","seed_source_timestamp":26614765528568,"circlet_count":0,"master_deck":["AscendersBane","Strike_R","Strike_R","Strike_R","Defend_R","Defend_R","Defend_R","Defend_R","Bash","Reckless Charge","Pommel Strike+1","Pommel Strike+1","Clothesline","Shrug It Off","Inflame+1","Limit Break+1","Whirlwind","Immolate+1","Headbutt","Iron Wave","Armaments+1","Shrug It Off","Disarm","Double Tap","Spot Weakness+1","Limit Break"],"relics":["Burning Blood","Pocketwatch","Shuriken","Tiny House","Nilry\u0027s Codex","Oddly Smooth Stone","Tiny Chest","Blood Vial","Sozu"],"potions_floor_usage":[6,18,29,29,33],"damage_taken":[{"damage":1,"enemies":"Cultist","floor":1,"turns":3},{"damage":5,"enemies":"Small Slimes","floor":2,"turns":3},{"damage":4,"enemies":"Jaw Worm","floor":4,"turns":4},{"damage":22,"enemies":"Large Slime","floor":5,"turns":7},{"damage":27,"enemies":"3 Sentries","floor":6,"turns":7},{"damage":12,"enemies":"Exordium Wildlife","floor":10,"turns":3},{"damage":10,"enemies":"3 Louse","floor":14,"turns":3},{"damage":11,"enemies":"The Guardian","floor":16,"turns":8},{"damage":7,"enemies":"3 Byrds","floor":18,"turns":4},{"damage":28,"enemies":"2 Thieves","floor":20,"turns":3},{"damage":0,"enemies":"3 Cultists","floor":28,"turns":2},{"damage":42,"enemies":"Slavers","floor":29,"turns":6},{"damage":30,"enemies":"Champ","floor":33,"turns":11},{"damage":7,"enemies":"3 Shapes","floor":35,"turns":3},{"damage":19,"enemies":"Orb Walker","floor":36,"turns":5},{"damage":47,"enemies":"Jaw Worm Horde","floor":38,"turns":4},{"damage":27,"enemies":"Writhing Mass","floor":39,"turns":5}],"seed_played":"-2577599096449953118","potions_obtained":[{"floor":5,"key":"AttackPotion"},{"floor":6,"key":"Fire Potion"},{"floor":10,"key":"Weak Potion"},{"floor":28,"key":"BloodPotion"},{"floor":29,"key":"FearPotion"}],"is_trial":false,"path_per_floor":["M","M","?","M","M","E","R","?","T","M","?","$","R","M","R","B",null,"M","?","M","?","$","R","?","R","T","R","M","E","$","?","R","B",null,"M","M","?","M","M"],"character_chosen":"IRONCLAD","items_purchased":["Limit Break","Whirlwind","Shrug It Off","Disarm","Dexterity Potion"],"campfire_rested":2,"item_purchase_floors":[12,12,22,30,30],"current_hp_per_floor":[73,74,63,65,49,28,28,53,53,47,65,65,65,61,61,56,75,74,53,31,31,31,31,31,31,31,55,61,33,33,33,57,35,69,70,59,59,20,0],"gold":140,"neow_bonus":"TRANSFORM_CARD","is_prod":false,"is_daily":false,"chose_seed":false,"campfire_upgraded":5,"win_rate":0,"timestamp":1544665352,"path_taken":["M","M","?","M","M","E","R","?","T","M","?","?","R","M","R","BOSS","M","?","M","?","$","R","?","R","T","R","M","E","$","?","R","BOSS","M","M","?","M","M"],"build_version":"2018-12-06","purchased_purges":1,"victory":false,"max_hp_per_floor":[75,75,75,75,75,75,75,75,75,75,75,75,75,75,75,75,80,80,80,80,80,80,80,80,80,80,80,80,80,80,80,80,80,80,80,80,80,80,80],"card_choices":[{"not_picked":["Shrug It Off","True Grit"],"picked":"Pommel Strike","floor":1},{"not_picked":["Sword Boomerang","Intimidate"],"picked":"Pommel Strike","floor":2},{"not_picked":["Clash","Thunderclap"],"picked":"Clothesline","floor":4},{"not_picked":["Flex","Dual Wield"],"picked":"Shrug It Off","floor":5},{"not_picked":["Pommel Strike","Sentinel","Thunderclap"],"picked":"SKIP","floor":6},{"not_picked":["Hemokinesis","Iron Wave"],"picked":"Inflame","floor":10},{"not_picked":["Combust","Blood for Blood","Havoc"],"picked":"SKIP","floor":14},{"not_picked":["Barricade","Double Tap"],"picked":"Immolate","floor":16},{"not_picked":["Anger","Perfected Strike"],"picked":"Headbutt","floor":17},{"not_picked":["Twin Strike","Havoc"],"picked":"Iron Wave","floor":18},{"not_picked":["Twin Strike","Entrench"],"picked":"Armaments","floor":20},{"not_picked":["Armaments","Entrench","Twin Strike"],"picked":"SKIP","floor":28},{"not_picked":["Entrench","Clash","Thunderclap"],"picked":"SKIP","floor":29},{"not_picked":["Bludgeon","Offering"],"picked":"Double Tap","floor":33},{"not_picked":["Iron Wave","Cleave","Thunderclap"],"picked":"SKIP","floor":35},{"not_picked":["Pommel Strike","Thunderclap+1"],"picked":"Spot Weakness+1","floor":36},{"not_picked":["Bloodletting+1","Cleave","Thunderclap"],"picked":"SKIP","floor":38}],"player_experience":539870,"relics_obtained":[{"floor":6,"key":"Pocketwatch"},{"floor":9,"key":"Shuriken"},{"floor":19,"key":"Nilry\u0027s Codex"},{"floor":26,"key":"Tiny Chest"},{"floor":29,"key":"Blood Vial"}],"event_choices":[{"damage_healed":0,"gold_gain":75,"player_choice":"Gather Gold","damage_taken":11,"max_hp_gain":0,"max_hp_loss":0,"event_name":"World of Goop","floor":3,"gold_loss":0},{"damage_healed":25,"gold_gain":0,"player_choice":"Banana","damage_taken":0,"max_hp_gain":0,"max_hp_loss":0,"event_name":"Big Fish","floor":8,"gold_loss":0},{"damage_healed":18,"gold_gain":0,"player_choice":"Healed","damage_taken":0,"max_hp_gain":0,"max_hp_loss":0,"event_name":"The Cleric","floor":11,"gold_loss":35},{"damage_healed":0,"gold_gain":0,"player_choice":"Obtained Book","damage_taken":21,"max_hp_gain":0,"max_hp_loss":0,"event_name":"Cursed Tome","floor":19,"gold_loss":0},{"damage_healed":0,"gold_gain":0,"player_choice":"Ignored","damage_taken":0,"max_hp_gain":0,"max_hp_loss":0,"event_name":"Vampires","floor":21,"gold_loss":0},{"damage_healed":0,"gold_gain":0,"player_choice":"Obtained Relic","damage_taken":0,"relics_obtained":["Oddly Smooth Stone"],"max_hp_gain":0,"max_hp_loss":0,"event_name":"Addict","floor":24,"gold_loss":85},{"damage_healed":0,"gold_gain":0,"player_choice":"Ignored","damage_taken":0,"max_hp_gain":0,"max_hp_loss":0,"event_name":"Ghosts","floor":31,"gold_loss":0},{"damage_healed":0,"gold_gain":0,"player_choice":"1 cards matched","damage_taken":0,"max_hp_gain":0,"max_hp_loss":0,"event_name":"Match and Keep!","floor":37,"gold_loss":0,"cards_obtained":["Limit Break"]}],"is_beta":false,"boss_relics":[{"not_picked":["Fusion Hammer","Pandora\u0027s Box"],"picked":"Tiny House"},{"not_picked":["Lizard Tail","Empty Cage"],"picked":"Sozu"}],"items_purged_floors":[22],"is_endless":false,"potions_floor_spawned":[5,6,10,28,29,35,36,38],"killed_by":"Writhing Mass","ascension_level":16}