{"gold_per_floor":[16,16,30,30,44,44,84,84,138,138,177,177,196,229,229,358,358,376,291,291,0,15,15,115,115,169,185,203,224,224,243,243,339,339,359,359,369,422,522,522,538,538,538,570,570,123,123,156,156,156,156,156,9,42,42],"floor_reached":55,"playtime":5594,"items_purged":[],"score":1077,"play_id":"f2543fe1-f72f-4fb1-9d8a-93567154146a","local_time":"20190609005058","is_ascension_mode":true,"campfire_choices":[{"data":"Bash","floor":6,"key":"SMITH"},{"floor":8,"key":"REST"},{"floor":10,"key":"REST"},{"floor":15,"key":"REST"},{"data":"Dual Wield","floor":23,"key":"SMITH"},{"floor":25,"key":"RECALL"},{"data":"Shockwave","floor":32,"key":"SMITH"},{"floor":40,"key":"REST"},{"data":"1","floor":42,"key":"LIFT"},{"data":"Limit Break","floor":45,"key":"SMITH"},{"data":"2","floor":47,"key":"LIFT"},{"floor":49,"key":"REST"},{"data":"3","floor":52,"key":"LIFT"}],"neow_cost":"NO_GOLD","seed_source_timestamp":0,"circlet_count":0,"master_deck":["Strike_R","Strike_R","Strike_R","Strike_R","Strike_R","Defend_R","Defend_R","Defend_R","Defend_R","Bash+1","Clothesline+1","Feed","Shrug It Off","Inflame","Dual Wield+1","Reaper","Iron Wave","Dropkick","Shockwave+1","Hemokinesis+1","Offering","True Grit","Normality","Limit Break+1","Flex+1","Rage","Pommel Strike","Battle Trance","Carnage+1"],"special_seed":0,"relics":["Burning Blood","Torii","Bloody Idol","Centennial Puzzle","Regal Pillow","Mango","Blue Candle","Snecko Eye","Dodecahedron","MutagenicStrength","Lantern","Mark of Pain","Du-Vu Doll","Girya","Ornamental Fan","Paper Frog","Lee\u0027s Waffle","Bag of Preparation","Bag of Marbles"],"potions_floor_usage":[14,16,33,33,33,41,44,48,54,54,55],"damage_taken":[{"damage":2,"enemies":"2 Louse","floor":1,"turns":3},{"damage":8,"enemies":"Jaw Worm","floor":3,"turns":3},{"damage":0,"enemies":"Small Slimes","floor":5,"turns":3},{"damage":52,"enemies":"Lagavulin","floor":7,"turns":9},{"damage":28,"enemies":"3 Sentries","floor":11,"turns":15},{"damage":11,"enemies":"Exordium Wildlife","floor":13,"turns":5},{"damage":20,"enemies":"Gremlin Nob","floor":14,"turns":4},{"damage":34,"enemies":"The Guardian","floor":16,"turns":14},{"damage":13,"enemies":"2 Thieves","floor":18,"turns":4},{"damage":0,"enemies":"Chosen","floor":22,"turns":3},{"damage":29,"enemies":"Snecko","floor":27,"turns":7},{"damage":18,"enemies":"Sentry and Sphere","floor":28,"turns":4},{"damage":23,"enemies":"Centurion and Healer","floor":29,"turns":6},{"damage":3,"enemies":"3 Cultists","floor":31,"turns":5},{"damage":100,"enemies":"Collector","floor":33,"turns":7},{"damage":12,"enemies":"3 Shapes","floor":35,"turns":3},{"damage":7,"enemies":"Orb Walker","floor":37,"turns":2},{"damage":48,"enemies":"2 Orb Walkers","floor":38,"turns":5},{"damage":11,"enemies":"Mind Bloom Boss Battle","floor":39,"turns":6},{"damage":22,"enemies":"Writhing Mass","floor":41,"turns":3},{"damage":93,"enemies":"Giant Head","floor":44,"turns":8},{"damage":53,"enemies":"Reptomancer","floor":48,"turns":6},{"damage":108,"enemies":"Time Eater","floor":50,"turns":7},{"damage":12,"enemies":"Shield and Spear","floor":54,"turns":3},{"damage":102,"enemies":"The Heart","floor":55,"turns":6}],"seed_played":"2914660300753868976","potions_obtained":[{"floor":7,"key":"PowerPotion"},{"floor":14,"key":"Explosive Potion"},{"floor":16,"key":"Explosive Potion"},{"floor":27,"key":"Ancient Potion"},{"floor":29,"key":"AttackPotion"},{"floor":35,"key":"Energy Potion"},{"floor":38,"key":"SteroidPotion"},{"floor":41,"key":"Explosive Potion"}],"is_trial":false,"path_per_floor":["M","?","M","?","M","R","E","R","T","R","E","?","M","E","R","B",null,"M","?","?","?","M","R","?","R","T","M","M","M","?","M","R","B",null,"M","?","M","?","?","R","M","R","T","E","R","$","R","E","R","B",null,"R","$","E","B"],"character_chosen":"IRONCLAD","items_purchased":["Paper Frog","Lee\u0027s Waffle","SteroidPotion","Swift Potion","SkillPotion"],"campfire_rested":5,"item_purchase_floors":[46,46,53,53,53],"current_hp_per_floor":[76,76,74,54,63,63,17,41,41,80,75,75,73,59,103,75,96,99,99,99,99,108,108,108,108,108,96,91,74,74,115,115,40,99,98,98,102,65,65,115,104,104,104,57,57,125,125,86,128,26,103,103,103,102,0],"gold":42,"neow_bonus":"ONE_RARE_RELIC","is_prod":false,"is_daily":false,"chose_seed":false,"campfire_upgraded":4,"win_rate":0,"timestamp":1560066658,"path_taken":["M","?","M","?","M","R","E","R","T","R","E","?","M","E","R","BOSS","M","?","?","?","M","R","?","R","T","M","M","?","?","M","R","BOSS","M","?","?","?","?","R","?","R","T","E","R","$","R","E","R","BOSS","R","$","E","BOSS"],"build_version":"2019-01-23","purchased_purges":0,"victory":false,"max_hp_per_floor":[80,80,80,80,83,83,83,83,83,83,100,100,103,103,103,103,103,106,106,106,106,109,109,109,109,109,112,115,115,115,118,118,118,118,118,118,118,118,118,118,118,118,118,118,118,125,125,128,128,128,128,128,128,128,128],"card_choices":[{"not_picked":["Armaments","Twin Strike"],"picked":"Clothesline","floor":1},{"not_picked":["Havoc","Rupture"],"picked":"Feed","floor":3},{"not_picked":["Heavy Blade","Second Wind"],"picked":"Shrug It Off","floor":5},{"not_picked":["Disarm","Clothesline"],"picked":"Inflame","floor":7},{"not_picked":["Fire Breathing","Anger","Havoc"],"picked":"SKIP","floor":11},{"not_picked":["Anger","Clothesline","Headbutt"],"picked":"SKIP","floor":13},{"not_picked":["Thunderclap","Wild Strike"],"picked":"Dual Wield","floor":14},{"not_picked":["Fiend Fire","Immolate"],"picked":"Reaper","floor":16},{"not_picked":["Heavy Blade","Whirlwind","Body Slam"],"picked":"SKIP","floor":18},{"not_picked":["Feel No Pain","Ghostly Armor"],"picked":"Iron Wave","floor":22},{"not_picked":["Armaments","Clothesline","Body Slam"],"picked":"SKIP","floor":27},{"not_picked":["Armaments","Clothesline","Body Slam"],"picked":"SKIP","floor":27},{"not_picked":["Rupture+1","Blood for Blood"],"picked":"Dropkick","floor":28},{"not_picked":["Heavy Blade","Bloodletting"],"picked":"Shockwave","floor":29},{"not_picked":["Clash","Searing Blow"],"picked":"Hemokinesis+1","floor":31},{"not_picked":["Fiend Fire","Bludgeon"],"picked":"Offering","floor":33},{"not_picked":["Anger","Armaments+1"],"picked":"True Grit","floor":35},{"not_picked":["Cleave","Sword Boomerang","Clash"],"picked":"SKIP","floor":37},{"not_picked":["Heavy Blade","Armaments+1"],"picked":"Limit Break","floor":38},{"not_picked":["Sever Soul+1","Metallicize"],"picked":"Flex+1","floor":39},{"not_picked":["Combust+1","Intimidate"],"picked":"Rage","floor":41},{"not_picked":["Shrug It Off","Flex+1"],"picked":"Pommel Strike","floor":44},{"not_picked":["Whirlwind+1","Wild Strike"],"picked":"Battle Trance","floor":48},{"not_picked":["Metallicize","Uppercut"],"picked":"Carnage+1","floor":54}],"player_experience":171081,"relics_obtained":[{"floor":7,"key":"Centennial Puzzle"},{"floor":9,"key":"Regal Pillow"},{"floor":11,"key":"Mango"},{"floor":14,"key":"Blue Candle"},{"floor":26,"key":"Lantern"},{"floor":38,"key":"Du-Vu Doll"},{"floor":39,"key":"Girya"},{"floor":44,"key":"Ornamental Fan"},{"floor":48,"key":"Bag of Preparation"},{"floor":54,"key":"Bag of Marbles"}],"event_choices":[{"damage_healed":0,"gold_gain":0,"player_choice":"Leave","damage_taken":0,"max_hp_gain":0,"max_hp_loss":0,"event_name":"The Cleric","floor":2,"gold_loss":0},{"damage_healed":0,"gold_gain":0,"player_choice":"Take Damage","damage_taken":20,"relics_obtained":["Golden Idol"],"max_hp_gain":0,"max_hp_loss":0,"event_name":"Golden Idol","floor":4,"gold_loss":0},{"damage_healed":0,"gold_gain":0,"player_choice":"Grow","damage_taken":0,"max_hp_gain":0,"max_hp_loss":0,"event_name":"Living Wall","floor":12,"gold_loss":0,"cards_upgraded":["Clothesline"]},{"damage_healed":0,"gold_gain":0,"player_choice":"Obtained Relic","damage_taken":0,"relics_obtained":["Dodecahedron"],"max_hp_gain":0,"max_hp_loss":0,"event_name":"Addict","floor":19,"gold_loss":85},{"damage_healed":0,"gold_gain":0,"player_choice":"Inject Mutagens","damage_taken":0,"relics_obtained":["MutagenicStrength"],"max_hp_gain":0,"max_hp_loss":0,"event_name":"Drug Dealer","floor":20,"gold_loss":0},{"damage_healed":0,"gold_gain":0,"player_choice":"Paid Fearfully","damage_taken":0,"max_hp_gain":0,"max_hp_loss":0,"event_name":"Masked Bandits","floor":21,"gold_loss":291},{"damage_healed":0,"gold_gain":100,"player_choice":"Pray","damage_taken":0,"max_hp_gain":0,"max_hp_loss":0,"event_name":"Golden Shrine","floor":24,"gold_loss":0},{"damage_healed":0,"gold_gain":0,"player_choice":"Gave Idol","damage_taken":0,"relics_obtained":["Bloody Idol"],"max_hp_gain":0,"max_hp_loss":0,"event_name":"Forgotten Altar","floor":30,"relics_lost":["Golden Idol"],"gold_loss":0},{"damage_healed":0,"gold_gain":0,"player_choice":"1 cards matched","damage_taken":0,"max_hp_gain":0,"max_hp_loss":0,"event_name":"Match and Keep!","floor":36,"gold_loss":0,"cards_obtained":["Normality"]},{"damage_healed":0,"gold_gain":0,"player_choice":"Fight","damage_taken":0,"max_hp_gain":0,"max_hp_loss":0,"event_name":"Mysterious Sphere","floor":38,"gold_loss":0},{"damage_healed":0,"gold_gain":0,"player_choice":"Fight","damage_taken":0,"max_hp_gain":0,"max_hp_loss":0,"event_name":"MindBloom","floor":39,"gold_loss":0}],"is_beta":false,"boss_relics":[{"not_picked":["Cursed Key","Orrery"],"picked":"Snecko Eye"},{"not_picked":["Runic Pyramid","White Beast Statue"],"picked":"Mark of Pain"}],"items_purged_floors":[],"is_endless":false,"potions_floor_spawned":[7,14,16,27,29,35,38,41],"killed_by":"The Heart","ascension_level":9}