{"gold_per_floor":[118,131,144,219,70,100,100,118,145,145,145,157,157,157,157,276,276,292,313,334,334,41,41,77,2,2,2,25,25,25,49,49,49],"floor_reached":33,"playtime":1690,"items_purged":["Searing Blow","Strike_R"],"score":389,"play_id":"2ed7abfb-51bf-4b8e-888e-742d5433b6e7","local_time":"20181109022536","is_ascension_mode":true,"campfire_choices":[{"data":"Carnage","floor":7,"key":"SMITH"},{"floor":10,"key":"REST"},{"floor":15,"key":"REST"},{"floor":23,"key":"REST"},{"data":"Heavy Blade","floor":27,"key":"SMITH"},{"data":"True Grit","floor":29,"key":"SMITH"},{"floor":32,"key":"REST"}],"neow_cost":"NONE","seed_source_timestamp":18305873656924,"circlet_count":0,"master_deck":["Strike_R","Strike_R","Defend_R+1","Defend_R","Defend_R","Defend_R+1","Bash","Headbutt","True Grit+1","Carnage+1","Thunderclap","Cleave","Havoc","Demon Form+1","Heavy Blade+1","Flame Barrier+1","Sword Boomerang","Doubt","Clothesline+1","Shame"],"relics":["Burning Blood","Boot","Orichalcum","Centennial Puzzle","Frozen Egg 2","Bloody Idol","Cursed Key","Brimstone","Self Forming Clay","Letter Opener","War Paint"],"potions_floor_usage":[12,16,17,18,24,33],"damage_taken":[{"damage":11,"enemies":"Jaw Worm","floor":1,"turns":5},{"damage":8,"enemies":"2 Louse","floor":2,"turns":4},{"damage":0,"enemies":"Small Slimes","floor":3,"turns":3},{"damage":43,"enemies":"3 Sentries","floor":6,"turns":9},{"damage":6,"enemies":"Looter","floor":8,"turns":2},{"damage":6,"enemies":"Exordium Thugs","floor":12,"turns":4},{"damage":21,"enemies":"Slime Boss","floor":16,"turns":9},{"damage":5,"enemies":"3 Byrds","floor":18,"turns":4},{"damage":5,"enemies":"Chosen","floor":19,"turns":3},{"damage":19,"enemies":"Snake Plant","floor":20,"turns":3},{"damage":34,"enemies":"Colosseum Slavers","floor":21,"turns":4},{"damage":19,"enemies":"Slavers","floor":24,"turns":3},{"damage":7,"enemies":"Snecko","floor":28,"turns":4},{"damage":87,"enemies":"Automaton","floor":33,"turns":8}],"seed_played":"-5150232525858936192","potions_obtained":[{"floor":2,"key":"Strength Potion"},{"floor":3,"key":"SpeedPotion"},{"floor":8,"key":"Strength Potion"},{"floor":16,"key":"Fruit Juice"},{"floor":20,"key":"Explosive Potion"},{"floor":28,"key":"Regen Potion"}],"is_trial":false,"path_per_floor":["M","M","M","?","$","E","R","M","T","R","?","M","T","?","R","B",null,"M","M","M","?","$","R","E","?","T","R","M","R","?","T","R","B"],"character_chosen":"IRONCLAD","items_purchased":["Carnage","Brimstone"],"campfire_rested":4,"item_purchase_floors":[5,22],"current_hp_per_floor":[67,65,71,60,60,23,23,23,23,47,35,35,35,35,57,42,71,72,73,60,32,32,55,42,42,42,42,41,41,41,46,69,0],"gold":49,"neow_bonus":"TRANSFORM_CARD","is_prod":false,"is_daily":false,"chose_seed":false,"campfire_upgraded":3,"win_rate":0,"timestamp":1541741136,"path_taken":["M","M","M","?","$","E","R","M","T","R","?","?","?","?","R","BOSS","M","M","M","?","$","R","E","?","T","R","M","R","?","?","R","BOSS"],"build_version":"2018-11-08","purchased_purges":2,"victory":false,"max_hp_per_floor":[80,80,80,80,80,80,80,80,80,80,80,80,80,74,74,74,79,79,79,79,79,79,79,79,79,79,79,79,79,79,79,79,79],"card_choices":[{"not_picked":["Body Slam","Perfected Strike","Bloodletting"],"picked":"SKIP","floor":1},{"not_picked":["Clothesline","Perfected Strike"],"picked":"Headbutt","floor":2},{"not_picked":["Dual Wield","Fire Breathing"],"picked":"True Grit","floor":3},{"not_picked":["Warcry","Disarm"],"picked":"Thunderclap","floor":6},{"not_picked":["Exhume","Fire Breathing"],"picked":"Cleave","floor":8},{"not_picked":["Infernal Blade","Power Through"],"picked":"Havoc","floor":12},{"not_picked":["Exhume","Barricade+1"],"picked":"Demon Form+1","floor":16},{"not_picked":["Warcry+1","Sword Boomerang+1"],"picked":"Heavy Blade","floor":18},{"not_picked":["Whirlwind","Seeing Red"],"picked":"Flame Barrier+1","floor":19},{"not_picked":["Headbutt","Cleave"],"picked":"Sword Boomerang","floor":20},{"not_picked":["Headbutt","Warcry","Berserk+1"],"picked":"SKIP","floor":24},{"not_picked":["Warcry","Armaments"],"picked":"Clothesline+1","floor":28}],"player_experience":322032,"relics_obtained":[{"floor":6,"key":"Boot"},{"floor":9,"key":"Orichalcum"},{"floor":13,"key":"Frozen Egg 2"},{"floor":24,"key":"Self Forming Clay"},{"floor":26,"key":"Letter Opener"},{"floor":31,"key":"War Paint"}],"event_choices":[{"damage_healed":0,"gold_gain":75,"player_choice":"Gather Gold","damage_taken":11,"max_hp_gain":0,"max_hp_loss":0,"event_name":"World of Goop","floor":4,"gold_loss":0},{"damage_healed":0,"gold_gain":0,"player_choice":"Success","damage_taken":12,"relics_obtained":["Centennial Puzzle"],"max_hp_gain":0,"max_hp_loss":0,"event_name":"Scrap Ooze","floor":11,"gold_loss":0},{"damage_healed":0,"gold_gain":0,"player_choice":"Lose Max HP","damage_taken":0,"relics_obtained":["Golden Idol"],"max_hp_gain":0,"max_hp_loss":6,"event_name":"Golden Idol","floor":14,"gold_loss":0},{"damage_healed":0,"gold_gain":0,"player_choice":"Fight","damage_taken":0,"max_hp_gain":0,"max_hp_loss":0,"event_name":"Colosseum","floor":21,"gold_loss":0},{"damage_healed":0,"gold_gain":0,"player_choice":"Fled From Nobs","damage_taken":0,"max_hp_gain":0,"max_hp_loss":0,"event_name":"Colosseum","floor":21,"gold_loss":0},{"cards_removed":["Strike_R"],"damage_healed":0,"gold_gain":0,"player_choice":"Gave Gold","damage_taken":0,"max_hp_gain":0,"max_hp_loss":0,"event_name":"Beggar","floor":25,"gold_loss":75},{"damage_healed":0,"gold_gain":0,"player_choice":"Gave Idol","damage_taken":0,"relics_obtained":["Bloody Idol"],"max_hp_gain":0,"max_hp_loss":0,"event_name":"Forgotten Altar","floor":30,"relics_lost":["Golden Idol"],"gold_loss":0}],"is_beta":false,"boss_relics":[{"not_picked":["Black Star","Pandora\u0027s Box"],"picked":"Cursed Key"}],"items_purged_floors":[5,22],"is_endless":false,"potions_floor_spawned":[2,3,8,16,20,28],"killed_by":"Automaton","ascension_level":7}