{"gold_per_floor":[114,114,114,129,144,144,174,174,199,229,244,274,289,139,139,239,239,254,254,29,29,44,74,74,104,154,184,196,208,235,247],"floor_reached":31,"playtime":1306,"items_purged":[],"score":311,"play_id":"35055d86-68a2-452d-b675-b3d79af9e697","local_time":"20190110205613","daily_mods":["Chimera","ControlledChaos","DeadlyEvents"],"is_ascension_mode":false,"campfire_choices":[{"data":"Defragment","floor":6,"key":"SMITH"},{"floor":8,"key":"REST"},{"floor":15,"key":"REST"},{"floor":24,"key":"REST"}],"neow_cost":"","seed_source_timestamp":0,"circlet_count":0,"master_deck":["Bash","Survivor","Zap","Strike_R","Strike_G","Strike_B","Defend_R","Defend_G","Defend_B","Defragment+1","Gash","Conserve Battery","Capacitor","Barrage","Recycle","Genetic Algorithm","Leap","Electrodynamics","Ball Lightning+1","Stack","Double Energy","Stack+1","Gash","Rip and Tear","Defragment+1"],"special_seed":17907,"relics":["Cracked Core","Frozen Eye","FossilizedHelix","Orichalcum","Gremlin Horn","Omamori","DataDisk","Inserter","Ornamental Fan","ClockworkSouvenir","Frozen Egg 2","Kunai","Dodecahedron","Anchor","MawBank"],"potions_floor_usage":[7,12,16,16,27,31,31],"damage_taken":[{"damage":3,"enemies":"Jaw Worm","floor":1,"turns":4},{"damage":9,"enemies":"Small Slimes","floor":4,"turns":5},{"damage":0,"enemies":"Cultist","floor":5,"turns":4},{"damage":28,"enemies":"Gremlin Nob","floor":7,"turns":4},{"damage":14,"enemies":"Lagavulin","floor":10,"turns":8},{"damage":6,"enemies":"Blue Slaver","floor":11,"turns":4},{"damage":31,"enemies":"Gremlin Nob","floor":12,"turns":6},{"damage":0,"enemies":"Red Slaver","floor":13,"turns":5},{"damage":11,"enemies":"Hexaghost","floor":16,"turns":11},{"damage":12,"enemies":"Spheric Guardian","floor":18,"turns":5},{"damage":8,"enemies":"3 Byrds","floor":22,"turns":2},{"damage":27,"enemies":"Book of Stabbing","floor":23,"turns":6},{"damage":26,"enemies":"Slavers","floor":25,"turns":3},{"damage":9,"enemies":"Gremlin Leader","floor":27,"turns":5},{"damage":2,"enemies":"Shelled Parasite and Fungi","floor":30,"turns":5},{"damage":18,"enemies":"Book of Stabbing","floor":31,"turns":5}],"seed_played":"3536575198636057260","potions_obtained":[{"floor":1,"key":"Poison Potion"},{"floor":3,"key":"Fire Potion"},{"floor":3,"key":"Weak Potion"},{"floor":7,"key":"SteroidPotion"},{"floor":11,"key":"SpeedPotion"},{"floor":16,"key":"SpeedPotion"},{"floor":23,"key":"LiquidBronze"},{"floor":27,"key":"Energy Potion"}],"is_trial":false,"path_per_floor":["M","?","?","M","M","R","E","R","T","E","M","E","M","$","R","B",null,"M","T","$","T","M","E","R","E","T","E","$","?","M","E"],"character_chosen":"DEFECT","items_purchased":["DataDisk","Stack","ClockworkSouvenir"],"campfire_rested":3,"item_purchase_floors":[14,20,20],"current_hp_per_floor":[72,72,72,63,63,63,35,57,57,43,37,6,6,6,28,17,75,63,63,63,63,55,28,50,24,24,15,15,15,13,0],"gold":247,"neow_bonus":"","is_prod":false,"is_daily":true,"chose_seed":false,"campfire_upgraded":1,"win_rate":0,"timestamp":1547171773,"path_taken":["M","?","?","M","M","R","E","R","T","?","M","E","?","$","R","BOSS","M","?","$","?","?","E","R","?","T","E","?","?","?","?"],"build_version":"2019-01-10","purchased_purges":0,"victory":false,"max_hp_per_floor":[75,75,75,75,75,75,75,75,75,75,75,75,75,75,75,75,75,75,75,75,75,75,75,75,75,75,75,75,75,75,75],"card_choices":[{"not_picked":["Reprogram","Leap"],"picked":"Defragment","floor":1},{"not_picked":["Streamline","Aggregate"],"picked":"Gash","floor":4},{"not_picked":["Turbo","Leap"],"picked":"Conserve Battery","floor":5},{"not_picked":["Melter","Doom and Gloom"],"picked":"Capacitor","floor":7},{"not_picked":["Sweeping Beam","Stack"],"picked":"Barrage","floor":10},{"not_picked":["Scrape","Barrage"],"picked":"Recycle","floor":11},{"not_picked":["Capacitor","Compile Driver"],"picked":"Genetic Algorithm","floor":12},{"not_picked":["Compile Driver","Multi-Cast"],"picked":"Leap","floor":13},{"not_picked":["Meteor Strike","Reboot"],"picked":"Electrodynamics","floor":16},{"not_picked":["Melter","Hologram"],"picked":"Ball Lightning+1","floor":18},{"not_picked":["Heatsinks+1","Aggregate"],"picked":"Double Energy","floor":22},{"not_picked":["Glacier+1","Compile Driver"],"picked":"Stack+1","floor":23},{"not_picked":["Cold Snap+1","Glacier+1"],"picked":"Gash","floor":25},{"not_picked":["Cold Snap","Fusion"],"picked":"Rip and Tear","floor":27},{"not_picked":["Glacier","Chaos"],"picked":"Defragment+1","floor":30}],"player_experience":286097,"relics_obtained":[{"floor":7,"key":"FossilizedHelix"},{"floor":9,"key":"Orichalcum"},{"floor":10,"key":"Gremlin Horn"},{"floor":12,"key":"Omamori"},{"floor":19,"key":"Ornamental Fan"},{"floor":21,"key":"Frozen Egg 2"},{"floor":23,"key":"Kunai"},{"floor":25,"key":"Dodecahedron"},{"floor":26,"key":"Anchor"},{"floor":27,"key":"MawBank"}],"event_choices":[{"damage_healed":0,"gold_gain":0,"player_choice":"Ignored","damage_taken":0,"max_hp_gain":0,"max_hp_loss":0,"event_name":"Golden Wing","floor":2,"gold_loss":0},{"damage_healed":0,"gold_gain":0,"player_choice":"Got Potions","damage_taken":0,"max_hp_gain":0,"max_hp_loss":0,"event_name":"Lab","floor":3,"gold_loss":0},{"damage_healed":0,"gold_gain":0,"player_choice":"Ignored","damage_taken":0,"max_hp_gain":0,"max_hp_loss":0,"event_name":"Beggar","floor":29,"gold_loss":0}],"is_beta":false,"boss_relics":[{"not_picked":["Empty Cage","FrozenCore"],"picked":"Inserter"}],"items_purged_floors":[],"is_endless":false,"potions_floor_spawned":[1,7,11,16,23,27],"killed_by":"Book of Stabbing","ascension_level":0}