{"path_per_floor":["M","?","T","?","?","R","$","M","T","M","E","M","M","M","R","B",null,"M","$","?","M","$","R","M","?","T"],"character_chosen":"THE_SILENT","items_purchased":["Art of War"],"gold_per_floor":[112,112,112,112,112,112,112,124,124,137,164,183,201,212,212,317,317,329,180,180,199,199,199,217,132,208],"floor_reached":27,"campfire_rested":2,"playtime":1253,"current_hp_per_floor":[70,70,77,87,87,87,87,87,87,82,43,37,34,34,60,32,87,40,40,40,21,21,47,19,19,19],"items_purged":[],"gold":208,"score":238,"play_id":"6faa3817-1a60-4daa-8e3b-d55120151c6a","is_prod":false,"is_daily":false,"is_ascension_mode":false,"campfire_upgraded":1,"path_taken":["M","?","?","?","?","R","?","M","T","M","E","M","M","M","R","BOSS","M","$","?","?","?","R","M","?","T","M"],"build_version":"2018-02-12-PROD1","purchased_purges":0,"victory":false,"master_deck":["Defend_G","Defend_G","Defend_G","Defend_G","Defend_G","Strike_G","Strike_G","Strike_G","Strike_G","Strike_G","Survivor","Neutralize","Outmaneuver+1","Terror","Infinite Blades","Dagger Spray","Well Laid Plans","Flying Knee","Cloak And Dagger","Tools of the Trade","Leg Sweep","Bane+1","Dagger Throw"],"max_hp_per_floor":[70,70,77,87,87,87,87,87,87,87,87,87,87,87,87,87,87,87,87,87,87,87,87,87,87,87],"relics":["Ring of the Snake","Strawberry","Peace Pipe","Orichalcum","White Beast Statue","Art of War","Girya","Toolbox"],"card_choices":[{"not_picked":["Catalyst","Sucker Punch"],"picked":"Outmaneuver"},{"not_picked":["Heel Hook","Acrobatics"],"picked":"Terror"},{"not_picked":["Flying Knee","Slice"],"picked":"Infinite Blades"},{"not_picked":["Acrobatics","Backflip"],"picked":"Dagger Spray"},{"not_picked":["Sucker Punch","Quick Slash"],"picked":"Well Laid Plans"},{"not_picked":["Infinite Blades","Underhanded Strike"],"picked":"Flying Knee"},{"not_picked":["Wraith Form","PiercingWail"],"picked":"Cloak And Dagger"},{"not_picked":["Tactician","Glass Knife"],"picked":"Tools of the Trade"},{"not_picked":["Finisher","Quick Slash"],"picked":"Leg Sweep"},{"not_picked":["Slice","Acrobatics"],"picked":"Bane"},{"not_picked":["Choke","Expertise"],"picked":"Dagger Throw"}],"player_experience":50068,"potions_floor_usage":[11,16,16,21,21,24,27],"damage_taken":[{"damage":0,"enemies":"Small Slimes","floor":1,"turns":4},{"damage":0,"enemies":"2 Louse","floor":8,"turns":3},{"damage":5,"enemies":"Cultist","floor":10,"turns":5},{"damage":39,"enemies":"Gremlin Nob","floor":11,"turns":5},{"damage":6,"enemies":"3 Louse","floor":12,"turns":4},{"damage":3,"enemies":"Red Slaver","floor":13,"turns":4},{"damage":0,"enemies":"Lots of Slimes","floor":14,"turns":2},{"damage":28,"enemies":"The Guardian","floor":16,"turns":19},{"damage":47,"enemies":"Chosen","floor":18,"turns":8},{"damage":34,"enemies":"Spheric Guardian","floor":21,"turns":10},{"damage":28,"enemies":"Snake Plant","floor":24,"turns":9},{"damage":52,"enemies":"Cultist and Chosen","floor":27,"turns":4}],"event_choices":[{"event_name":"The Cleric","player_choice":"Leave","floor":2,"damage_taken":0},{"event_name":"Bonfire Elementals","player_choice":"RARE","floor":4,"damage_taken":0},{"event_name":"Golden Wing","player_choice":"Ignored","floor":5,"damage_taken":0},{"event_name":"Vampires","player_choice":"Ignored","floor":20,"damage_taken":0},{"event_name":"Addict","player_choice":"Obtained Relic","floor":25,"damage_taken":0}],"boss_relics":[{"not_picked":["Pandora\u0027s Box","Calling Bell"],"picked":"White Beast Statue"}],"potions_floor_spawned":[1,8,11,14,18,21,24],"seed_played":"347370815860478559","killed_by":"Cultist and Chosen","ascension_level":0,"is_trial":false}