{"path_per_floor":["M","M","?","?","M","E","R","M","T","?","?","$","M","T","R","B",null,"M","?","M","M","?","E","?","?","T","?","?","M","R","$","R"],"character_chosen":"THE_SILENT","items_purchased":["Happy Flower","Quick Slash","Noxious Fumes"],"gold_per_floor":[110,129,79,79,93,128,128,144,144,218,218,45,69,69,69,199,199,199,199,169,169,169,169,169,169,169,84,84,84,84,4,4],"floor_reached":33,"campfire_rested":4,"playtime":1853,"current_hp_per_floor":[69,68,68,68,68,45,66,64,78,78,75,75,69,69,84,71,84,84,84,74,50,50,24,24,8,8,8,8,18,43,43,68],"items_purged":[],"gold":4,"score":263,"play_id":"b4a3d682-fecf-492f-8fe4-65add5065de4","is_prod":false,"is_daily":false,"is_ascension_mode":false,"campfire_upgraded":0,"path_taken":["M","M","?","?","?","E","R","M","T","?","?","$","M","?","R","BOSS","M","?","M","M","?","E","?","?","T","?","?","M","R","$","R","BOSS"],"build_version":"2018-02-08-PROD1","purchased_purges":0,"victory":false,"master_deck":["Defend_G+1","Defend_G+1","Defend_G+1","Defend_G+1","Defend_G+1","Strike_G+1","Strike_G+1","Strike_G+1","Strike_G+1","Strike_G+1","Survivor","Neutralize","Dodge and Roll","Distraction","Injury","Predator","Quick Slash","Flying Knee","Infinite Blades","Quick Slash","Backstab","Finisher","Adrenaline","Outmaneuver+1","Backstab","Dagger Spray+1","Deflect","Necronomicurse","Die Die Die","Flying Knee+1","Noxious Fumes","Flying Knee+1"],"max_hp_per_floor":[70,70,70,70,70,70,70,70,84,84,84,84,84,84,84,84,84,84,84,84,84,84,84,84,84,84,84,84,84,84,84,84],"relics":["Ring of the Snake","Dream Catcher","Bloody Idol","Juzu Bracelet","Mango","Girya","Happy Flower","Matryoshka","Ectoplasm","Bag of Preparation","Necronomicon","Anchor","Vajra","Meat on the Bone"],"card_choices":[{"not_picked":["Quick Slash","Backflip"],"picked":"Dodge and Roll"},{"not_picked":["Flechettes","Deflect"],"picked":"Distraction"},{"not_picked":["Burst","Deadly Poison"],"picked":"Predator"},{"not_picked":["Deadly Poison","PiercingWail"],"picked":"Quick Slash"},{"not_picked":["Eviscerate","Terror"],"picked":"Flying Knee"},{"not_picked":["Eviscerate","Caltrops"],"picked":"Infinite Blades"},{"not_picked":["Flying Knee","Crippling Poison"],"picked":"Backstab"},{"not_picked":["Escape Plan","Sucker Punch"],"picked":"Finisher"},{"not_picked":["Phantasmal Killer","Tools of the Trade"],"picked":"Adrenaline"},{"not_picked":["Calculated Gamble","PiercingWail"],"picked":"Outmaneuver"},{"not_picked":["Masterful Stab","Quick Slash"],"picked":"Backstab"},{"not_picked":["Sucker Punch","Flying Knee"],"picked":"Dagger Spray"},{"not_picked":["Endless Agony","Flying Knee"],"picked":"Deflect"},{"not_picked":["PiercingWail","Flechettes"],"picked":"Die Die Die"},{"not_picked":["Poisoned Stab","PiercingWail"],"picked":"Flying Knee"},{"not_picked":["Well Laid Plans","Backflip"],"picked":"Flying Knee"}],"player_experience":6461,"potions_floor_usage":[16,16,21,23,23,23],"damage_taken":[{"damage":1,"enemies":"Cultist","floor":1,"turns":4},{"damage":1,"enemies":"Jaw Worm","floor":2,"turns":6},{"damage":0,"enemies":"2 Louse","floor":5,"turns":4},{"damage":23,"enemies":"3 Sentries","floor":6,"turns":15},{"damage":2,"enemies":"Large Slime","floor":8,"turns":6},{"damage":6,"enemies":"Exordium Thugs","floor":13,"turns":6},{"damage":13,"enemies":"Slime Boss","floor":16,"turns":6},{"damage":0,"enemies":"3 Byrds","floor":18,"turns":5},{"damage":10,"enemies":"2 Thieves","floor":20,"turns":4},{"damage":24,"enemies":"Snake Plant","floor":21,"turns":4},{"damage":53,"enemies":"Gremlin Leader","floor":23,"turns":10},{"damage":2,"enemies":"Snecko","floor":29,"turns":3},{"damage":71,"enemies":"Champ","floor":33,"turns":9}],"event_choices":[{"event_name":"World of Goop","player_choice":"Left","floor":3,"damage_taken":0},{"event_name":"Golden Idol","player_choice":"Take Wound","floor":4,"damage_taken":0},{"event_name":"Golden Wing","player_choice":"Gained Gold","floor":10,"damage_taken":0},{"event_name":"Scrap Ooze","player_choice":"success","floor":11,"damage_taken":3},{"event_name":"Forgotten Altar","player_choice":"Gave Idol","floor":19,"damage_taken":0},{"event_name":"The Lab","player_choice":"Got Potions","floor":22,"damage_taken":0},{"event_name":"Back to Basics","player_choice":"Simplicity","floor":24,"damage_taken":0},{"event_name":"Cursed Tome","player_choice":"Obtained Book","floor":25,"damage_taken":0},{"event_name":"Addict","player_choice":"Obtained Relic","floor":27,"damage_taken":0},{"event_name":"Drug Dealer","player_choice":"Ignored","floor":28,"damage_taken":0}],"boss_relics":[{"not_picked":["White Beast Statue","Snecko Eye"],"picked":"Ectoplasm"}],"potions_floor_spawned":[8,13,16,18,21],"seed_played":"6947145557906384405","killed_by":"Champ","ascension_level":0,"is_trial":false}