{"gold_per_floor":[113,123,143,155,1,1,26,26,78,112,131,165,165,177,177,276,276,292,392,408,358,358,358],"floor_reached":23,"playtime":902,"items_purged":["Writhe"],"score":264,"play_id":"c55a573f-8830-4b2b-a5ea-ee304a5627ac","local_time":"20190321030915","is_ascension_mode":true,"campfire_choices":[{"data":"Pommel Strike","floor":6,"key":"SMITH"},{"floor":8,"key":"REST"},{"data":"Inflame","floor":15,"key":"SMITH"}],"neow_cost":"CURSE","seed_source_timestamp":640837198273044,"circlet_count":0,"master_deck":["Strike_R","Strike_R","Strike_R","Strike_R","Strike_R","Defend_R","Defend_R+1","Defend_R","Defend_R+1","Bash","Juggernaut","Pommel Strike+1","Rampage","Uppercut","Dropkick","Bludgeon+1","Inflame+1","Perfected Strike+1","Metallicize","Limit Break","Burning Pact+1"],"relics":["Burning Blood","Bag of Marbles","Molten Egg 2","War Paint","Strawberry","Smiling Mask"],"potions_floor_usage":[16,16],"damage_taken":[{"damage":6,"enemies":"Cultist","floor":1,"turns":4},{"damage":9,"enemies":"2 Louse","floor":2,"turns":3},{"damage":7,"enemies":"Jaw Worm","floor":3,"turns":3},{"damage":19,"enemies":"Exordium Thugs","floor":4,"turns":4},{"damage":35,"enemies":"Lagavulin","floor":7,"turns":4},{"damage":12,"enemies":"Gremlin Nob","floor":10,"turns":3},{"damage":8,"enemies":"Large Slime","floor":11,"turns":6},{"damage":20,"enemies":"Lagavulin","floor":12,"turns":5},{"damage":4,"enemies":"3 Louse","floor":14,"turns":3},{"damage":27,"enemies":"The Guardian","floor":16,"turns":11},{"damage":19,"enemies":"Spheric Guardian","floor":18,"turns":4},{"damage":28,"enemies":"Shell Parasite","floor":20,"turns":3},{"damage":34,"enemies":"Slavers","floor":23,"turns":2}],"seed_played":"-4933741627124777030","potions_obtained":[{"floor":1,"key":"Ancient Potion"},{"floor":4,"key":"Weak Potion"},{"floor":7,"key":"AttackPotion"},{"floor":11,"key":"PowerPotion"},{"floor":13,"key":"Strength Potion"},{"floor":18,"key":"Ancient Potion"}],"is_trial":false,"path_per_floor":["M","M","M","M","$","R","E","R","T","E","M","E","?","M","R","B",null,"M","?","M","$","?","E"],"character_chosen":"IRONCLAD","items_purchased":["Bag of Marbles"],"campfire_rested":1,"item_purchase_floors":[5],"current_hp_per_floor":[80,77,76,63,63,63,34,58,58,59,57,43,43,45,45,24,71,58,58,36,36,36,2],"gold":358,"neow_bonus":"THREE_RARE_CARDS","is_prod":false,"is_daily":false,"chose_seed":false,"campfire_upgraded":2,"win_rate":0,"timestamp":1553152155,"path_taken":["M","M","?","M","$","R","E","R","T","E","M","E","?","?","R","BOSS","M","?","?","$","?","E"],"build_version":"2019-01-23","purchased_purges":1,"victory":false,"max_hp_per_floor":[80,80,80,80,80,80,80,80,80,87,87,87,87,87,87,87,87,87,87,87,87,87,87],"card_choices":[{"not_picked":["Berserk","Fiend Fire"],"picked":"Juggernaut","floor":0},{"not_picked":["Sword Boomerang","Shrug It Off"],"picked":"Pommel Strike","floor":1},{"not_picked":["Reckless Charge","Iron Wave"],"picked":"Rampage","floor":2},{"not_picked":["Armaments","Perfected Strike"],"picked":"Uppercut","floor":3},{"not_picked":["Cleave","Juggernaut"],"picked":"Dropkick","floor":4},{"not_picked":["Cleave","Iron Wave"],"picked":"Bludgeon","floor":7},{"not_picked":["Dropkick+1","Searing Blow+1"],"picked":"Inflame","floor":10},{"not_picked":["Headbutt+1","Anger+1"],"picked":"Perfected Strike+1","floor":11},{"not_picked":["Shrug It Off","Perfected Strike+1"],"picked":"Metallicize","floor":12},{"not_picked":["Wild Strike+1","Power Through","Hemokinesis+1"],"picked":"SKIP","floor":14},{"not_picked":["Bludgeon+1","Offering"],"picked":"Limit Break","floor":16},{"not_picked":["Warcry","Power Through"],"picked":"Burning Pact+1","floor":18},{"not_picked":["Warcry","Anger+1","Shockwave"],"picked":"SKIP","floor":20}],"player_experience":207795,"relics_obtained":[{"floor":7,"key":"Molten Egg 2"},{"floor":9,"key":"War Paint"},{"floor":10,"key":"Strawberry"},{"floor":12,"key":"Smiling Mask"}],"event_choices":[{"damage_healed":0,"gold_gain":0,"player_choice":"Got Potions","damage_taken":0,"max_hp_gain":0,"max_hp_loss":0,"event_name":"Lab","floor":13,"gold_loss":0},{"damage_healed":0,"gold_gain":100,"player_choice":"Pray","damage_taken":0,"max_hp_gain":0,"max_hp_loss":0,"event_name":"Golden Shrine","floor":19,"gold_loss":0},{"damage_healed":0,"gold_gain":0,"player_choice":"Ignored","damage_taken":0,"max_hp_gain":0,"max_hp_loss":0,"event_name":"Beggar","floor":22,"gold_loss":0}],"is_beta":false,"boss_relics":[{"not_picked":["Runic Pyramid","Pandora\u0027s Box","Empty Cage"]}],"items_purged_floors":[21],"is_endless":false,"potions_floor_spawned":[1,4,7,11,14,18],"killed_by":"Slavers","ascension_level":5}