{"gold_per_floor":[111,123,133,133,153,153,179,179,179,179,189,218,232,243,243,317,317,336,353,4,19,31,31],"floor_reached":23,"playtime":816,"items_purged":["Strike_R"],"score":414,"play_id":"6940564f-e613-459e-a287-dc4c00c53a80","local_time":"20190125023857","is_ascension_mode":true,"campfire_choices":[{"data":"Evolve","floor":6,"key":"SMITH"},{"data":"Bash","floor":8,"key":"SMITH"},{"floor":10,"key":"REST"},{"data":"Sword Boomerang","floor":15,"key":"SMITH"}],"neow_cost":"NONE","seed_source_timestamp":29648928210248,"circlet_count":0,"master_deck":["AscendersBane","Strike_R","Strike_R","Strike_R","Strike_R","Defend_R","Defend_R","Defend_R","Defend_R","Bash+1","Fiend Fire+1","Cleave","Anger","Evolve+1","Wild Strike","Limit Break","Spot Weakness","Flame Barrier","Sword Boomerang+1","Reaper","Shrug It Off","Shrug It Off","Inflame"],"relics":["Burning Blood","Oddly Smooth Stone","Happy Flower","Bottled Lightning","Cursed Key","PreservedInsect"],"potions_floor_usage":[1,16,19,20,23,23],"damage_taken":[{"damage":15,"enemies":"Small Slimes","floor":1,"turns":4},{"damage":7,"enemies":"Jaw Worm","floor":2,"turns":2},{"damage":3,"enemies":"2 Louse","floor":3,"turns":2},{"damage":6,"enemies":"Exordium Wildlife","floor":5,"turns":3},{"damage":32,"enemies":"Gremlin Nob","floor":7,"turns":4},{"damage":13,"enemies":"Blue Slaver","floor":11,"turns":3},{"damage":22,"enemies":"Lagavulin","floor":12,"turns":6},{"damage":0,"enemies":"Large Slime","floor":13,"turns":4},{"damage":7,"enemies":"Exordium Wildlife","floor":14,"turns":3},{"damage":12,"enemies":"Slime Boss","floor":16,"turns":6},{"damage":27,"enemies":"2 Thieves","floor":18,"turns":3},{"damage":28,"enemies":"Spheric Guardian","floor":19,"turns":6},{"damage":12,"enemies":"Cultist and Chosen","floor":21,"turns":5},{"damage":29,"enemies":"Snake Plant","floor":22,"turns":4},{"damage":28,"enemies":"Slavers","floor":23,"turns":1}],"seed_played":"4372520967704160432","potions_obtained":[{"floor":1,"key":"Fruit Juice"},{"floor":3,"key":"GamblersBrew"},{"floor":11,"key":"Swift Potion"},{"floor":12,"key":"Energy Potion"},{"floor":14,"key":"Explosive Potion"},{"floor":18,"key":"Block Potion"},{"floor":22,"key":"Poison Potion"}],"is_trial":false,"path_per_floor":["M","M","M","?","M","R","E","R","T","R","M","E","M","M","R","B",null,"M","M","$","M","M","E"],"character_chosen":"IRONCLAD","items_purchased":["PreservedInsect","Fruit Juice"],"campfire_rested":1,"item_purchase_floors":[20,20],"current_hp_per_floor":[64,63,66,66,66,66,40,40,40,64,57,41,47,46,46,40,70,63,41,46,47,24,0],"gold":31,"neow_bonus":"ONE_RANDOM_RARE_CARD","is_prod":false,"is_daily":false,"chose_seed":false,"campfire_upgraded":3,"win_rate":0,"timestamp":1548394737,"path_taken":["M","M","M","?","M","R","E","R","T","R","M","E","M","M","R","BOSS","M","M","$","M","M","E"],"build_version":"2019-01-23","purchased_purges":1,"victory":false,"max_hp_per_floor":[80,80,80,80,80,80,80,80,80,80,80,80,80,80,80,80,80,80,80,85,85,85,85],"card_choices":[{"not_picked":["Disarm","Armaments"],"picked":"Cleave","floor":1},{"not_picked":["Power Through","Twin Strike"],"picked":"Anger","floor":2},{"not_picked":["Second Wind","Metallicize"],"picked":"Evolve","floor":3},{"not_picked":["Carnage","Sentinel"],"picked":"Wild Strike","floor":5},{"not_picked":["Sentinel","Entrench"],"picked":"Limit Break","floor":7},{"not_picked":["Disarm","Power Through"],"picked":"Spot Weakness","floor":11},{"not_picked":["Shockwave","Clothesline"],"picked":"Flame Barrier","floor":12},{"not_picked":["Anger","Pommel Strike"],"picked":"Sword Boomerang","floor":13},{"not_picked":["Infernal Blade","Sentinel","Entrench"],"picked":"SKIP","floor":14},{"not_picked":["Brutality","Fiend Fire"],"picked":"Reaper","floor":16},{"not_picked":["Ghostly Armor","True Grit"],"picked":"Shrug It Off","floor":18},{"not_picked":["Warcry","Havoc"],"picked":"Shrug It Off","floor":19},{"not_picked":["Body Slam","Uppercut"],"picked":"Inflame","floor":21},{"not_picked":["Searing Blow","Flex","Seeing Red"],"picked":"SKIP","floor":22}],"player_experience":775521,"relics_obtained":[{"floor":7,"key":"Oddly Smooth Stone"},{"floor":9,"key":"Happy Flower"},{"floor":12,"key":"Bottled Lightning"}],"event_choices":[{"damage_healed":0,"gold_gain":0,"player_choice":"Grow","damage_taken":0,"max_hp_gain":0,"max_hp_loss":0,"event_name":"Living Wall","floor":4,"gold_loss":0,"cards_upgraded":["Fiend Fire"]}],"is_beta":false,"boss_relics":[{"not_picked":["Sozu","Lizard Tail"],"picked":"Cursed Key"}],"items_purged_floors":[20],"is_endless":false,"potions_floor_spawned":[1,3,11,12,14,18,22],"killed_by":"Slavers","ascension_level":20}