{"gold_per_floor":[211,211,261,279,298,298,32,123,149,149,183,196,223,233,233,233],"floor_reached":16,"playtime":2559,"items_purged":[],"score":198,"play_id":"645b3a67-7c16-43ae-8783-b9408bd452bf","local_time":"20190616111759","is_ascension_mode":true,"campfire_choices":[{"data":"Dash","floor":6,"key":"SMITH"},{"data":"Crippling Poison","floor":10,"key":"SMITH"},{"data":"Backflip","floor":15,"key":"SMITH"}],"neow_cost":"NONE","seed_source_timestamp":320217371634815,"circlet_count":0,"master_deck":["AscendersBane","Defend_G","Defend_G","Defend_G","Defend_G","Strike_G","Strike_G","Strike_G","Strike_G","Strike_G","Survivor","Neutralize","Leg Sweep","Dodge and Roll","Dash+1","Crippling Poison+1","Backflip+1","Well Laid Plans","PiercingWail","Backflip"],"relics":["Ring of the Snake","TwistedFunnel","Tiny Chest","Potion Belt","Oddly Smooth Stone","Matryoshka"],"potions_floor_usage":[8,8,12,13],"damage_taken":[{"damage":0,"enemies":"Small Slimes","floor":1,"turns":4},{"damage":1,"enemies":"Jaw Worm","floor":4,"turns":6},{"damage":0,"enemies":"Cultist","floor":5,"turns":4},{"damage":6,"enemies":"Lagavulin Event","floor":8,"turns":7},{"damage":7,"enemies":"3 Sentries","floor":11,"turns":6},{"damage":0,"enemies":"Exordium Thugs","floor":12,"turns":5},{"damage":1,"enemies":"Lagavulin","floor":13,"turns":7},{"damage":0,"enemies":"Exordium Wildlife","floor":14,"turns":2},{"damage":37,"enemies":"Slime Boss","floor":16,"turns":14}],"seed_played":"2470232634993461708","potions_obtained":[{"floor":1,"key":"Block Potion"},{"floor":4,"key":"Poison Potion"},{"floor":8,"key":"GhostInAJar"},{"floor":12,"key":"SteroidPotion"},{"floor":13,"key":"SneckoOil"}],"is_trial":false,"path_per_floor":["M","?","?","M","M","R","$","?","T","R","E","M","E","M","R","B"],"character_chosen":"THE_SILENT","items_purchased":["Crippling Poison","TwistedFunnel"],"campfire_rested":0,"item_purchase_floors":[7,7],"current_hp_per_floor":[59,52,52,51,51,51,51,45,45,45,38,38,37,37,37,0],"gold":233,"neow_bonus":"HUNDRED_GOLD","is_prod":false,"is_daily":false,"chose_seed":false,"campfire_upgraded":3,"win_rate":0,"timestamp":1560655079,"path_taken":["M","?","?","M","?","R","$","?","T","R","E","M","E","M","R","BOSS"],"build_version":"2019-01-23","purchased_purges":0,"victory":false,"max_hp_per_floor":[66,66,66,66,66,66,66,66,66,66,66,66,66,66,66,66],"card_choices":[{"not_picked":["Distraction","All Out Attack"],"picked":"Leg Sweep","floor":1},{"not_picked":["Blade Dance","PiercingWail"],"picked":"Dodge and Roll","floor":4},{"not_picked":["Catalyst","Masterful Stab"],"picked":"Dash","floor":5},{"not_picked":["Quick Slash","Deadly Poison"],"picked":"Backflip","floor":8},{"not_picked":["Finisher","Distraction"],"picked":"Well Laid Plans","floor":11},{"not_picked":["Poisoned Stab","Expertise"],"picked":"PiercingWail","floor":12},{"not_picked":["Acrobatics","Sucker Punch","Wraith Form v2"],"picked":"SKIP","floor":13},{"not_picked":["All Out Attack","Eviscerate"],"picked":"Backflip","floor":14}],"player_experience":872585,"relics_obtained":[{"floor":8,"key":"Tiny Chest"},{"floor":9,"key":"Potion Belt"},{"floor":11,"key":"Oddly Smooth Stone"},{"floor":13,"key":"Matryoshka"}],"event_choices":[{"cards_removed":["Defend_G"],"damage_healed":0,"gold_gain":0,"player_choice":"Card Removal","damage_taken":7,"max_hp_gain":0,"max_hp_loss":0,"event_name":"Golden Wing","floor":2,"gold_loss":0},{"damage_healed":0,"gold_gain":50,"player_choice":"Pray","damage_taken":0,"max_hp_gain":0,"max_hp_loss":0,"event_name":"Golden Shrine","floor":3,"gold_loss":0},{"damage_healed":0,"gold_gain":0,"player_choice":"Searched \u00272\u0027 times","damage_taken":0,"max_hp_gain":0,"max_hp_loss":0,"event_name":"Dead Adventurer","floor":8,"gold_loss":0}],"is_beta":false,"boss_relics":[],"items_purged_floors":[],"is_endless":false,"potions_floor_spawned":[1,4,8,12,13],"killed_by":"Slime Boss","ascension_level":16}