{"gold_per_floor":[219,219,219,6,25,25,51,51,78,78,97,197,232,256,268,351,363,363,363,323,323,323,323,323,323,323,323,323,323,248,198,198,198,198,198,198,198,198,198,198,198,198,198,178,178,82,82,82,82,82],"floor_reached":50,"playtime":4072,"items_purged":["Strike_G"],"score":902,"play_id":"c8c99548-8434-4a3c-a115-220253d7d949","local_time":"20190619121545","is_ascension_mode":true,"campfire_choices":[{"data":"Blade Dance","floor":6,"key":"SMITH"},{"data":"Dodge and Roll","floor":8,"key":"SMITH"},{"data":"Dagger Spray","floor":10,"key":"SMITH"},{"floor":15,"key":"REST"},{"data":"Blade Dance","floor":23,"key":"SMITH"},{"floor":27,"key":"REST"},{"data":"After Image","floor":29,"key":"SMITH"},{"data":"Backflip","floor":32,"key":"SMITH"},{"data":"Blade Dance","floor":40,"key":"SMITH"},{"floor":49,"key":"REST"}],"neow_cost":"NONE","seed_source_timestamp":581371628326762,"circlet_count":0,"master_deck":["AscendersBane","Defend_G","Defend_G","Defend_G","Defend_G+1","Defend_G+1","Strike_G","Strike_G+1","Survivor","Neutralize+1","Dagger Spray+1","Escape Plan","Blade Dance+1","Dodge and Roll+1","Blade Dance+1","Caltrops","Slice","Glass Knife","Backstab","After Image+1","Backflip+1","Backflip+1","Blade Dance+1"],"relics":["Ring of the Snake","Shuriken","Whetstone","Smiling Mask","Omamori","MawBank","Ectoplasm","Ancient Tea Set","Red Mask","Vajra","Busted Crown","The Courier"],"potions_floor_usage":[7,7,25,33,37,45,50,50],"damage_taken":[{"damage":7,"enemies":"Small Slimes","floor":1,"turns":4},{"damage":0,"enemies":"Jaw Worm","floor":5,"turns":4},{"damage":11,"enemies":"3 Sentries","floor":7,"turns":5},{"damage":0,"enemies":"Cultist","floor":11,"turns":2},{"damage":15,"enemies":"Gremlin Nob","floor":13,"turns":4},{"damage":0,"enemies":"Blue Slaver","floor":14,"turns":3},{"damage":22,"enemies":"Slime Boss","floor":16,"turns":10},{"damage":4,"enemies":"3 Byrds","floor":18,"turns":3},{"damage":3,"enemies":"2 Thieves","floor":20,"turns":3},{"damage":0,"enemies":"3 Cultists","floor":21,"turns":4},{"damage":0,"enemies":"Centurion and Healer","floor":22,"turns":5},{"damage":24,"enemies":"Gremlin Leader","floor":24,"turns":6},{"damage":0,"enemies":"Masked Bandits","floor":25,"turns":4},{"damage":2,"enemies":"Sentry and Sphere","floor":28,"turns":5},{"damage":17,"enemies":"Automaton","floor":33,"turns":9},{"damage":0,"enemies":"3 Shapes","floor":35,"turns":4},{"damage":13,"enemies":"3 Darklings","floor":36,"turns":5},{"damage":23,"enemies":"Writhing Mass","floor":37,"turns":6},{"damage":3,"enemies":"Spire Growth","floor":38,"turns":4},{"damage":1,"enemies":"4 Shapes","floor":42,"turns":13},{"damage":2,"enemies":"Jaw Worm Horde","floor":45,"turns":4},{"damage":17,"enemies":"Writhing Mass","floor":47,"turns":5},{"damage":9,"enemies":"Sphere and 2 Shapes","floor":48,"turns":6},{"damage":20,"enemies":"Time Eater","floor":50,"turns":4}],"seed_played":"3961616856129680956","potions_obtained":[{"floor":1,"key":"Energy Potion"},{"floor":5,"key":"GamblersBrew"},{"floor":20,"key":"Dexterity Potion"},{"floor":21,"key":"Swift Potion"},{"floor":36,"key":"Regen Potion"},{"floor":37,"key":"Block Potion"},{"floor":42,"key":"AttackPotion"},{"floor":44,"key":"PowerPotion"}],"is_trial":false,"path_per_floor":["M","?","T","$","M","R","E","R","T","R","M","?","E","M","R","B",null,"M","?","M","M","M","R","E","?","T","R","M","R","?","?","R","B",null,"M","M","M","M","?","R","?","M","T","?","M","$","M","M","R","B"],"character_chosen":"THE_SILENT","items_purchased":["Whetstone","Escape Plan","Fire Potion"],"campfire_rested":3,"item_purchase_floors":[4,4,46],"current_hp_per_floor":[52,32,32,32,32,32,21,21,21,21,21,21,6,6,25,3,50,46,46,43,43,43,43,19,19,19,38,36,36,36,36,36,19,54,54,41,33,30,30,30,30,29,29,29,27,27,10,1,20,0],"gold":82,"neow_bonus":"HUNDRED_GOLD","is_prod":false,"is_daily":false,"chose_seed":false,"campfire_upgraded":7,"win_rate":0,"timestamp":1560917745,"path_taken":["M","?","?","$","?","R","E","R","T","R","M","?","E","M","R","BOSS","M","?","?","?","M","R","E","?","T","R","M","R","?","?","R","BOSS","M","?","M","M","?","R","?","M","T","?","?","$","M","M","R","BOSS"],"build_version":"2019-01-23","purchased_purges":1,"victory":false,"max_hp_per_floor":[66,66,66,66,66,66,66,66,66,66,66,66,66,66,66,66,66,66,66,66,66,66,66,66,66,66,66,66,66,66,66,66,66,66,66,66,66,66,66,66,66,66,66,66,66,66,66,66,66,66],"card_choices":[{"not_picked":["Flying Knee","Sucker Punch"],"picked":"Dagger Spray","floor":1},{"not_picked":["Dodge and Roll","Distraction"],"picked":"Blade Dance","floor":5},{"not_picked":["Riddle With Holes","Deflect"],"picked":"Dodge and Roll","floor":7},{"not_picked":["Quick Slash","A Thousand Cuts"],"picked":"Blade Dance","floor":11},{"not_picked":["Choke","Tools of the Trade"],"picked":"Caltrops","floor":13},{"not_picked":["PiercingWail","Deflect"],"picked":"Slice","floor":14},{"not_picked":["Burst","Bullet Time"],"picked":"Glass Knife","floor":16},{"not_picked":["Quick Slash","Poisoned Stab"],"picked":"Backstab","floor":18},{"not_picked":["Dagger Spray","Outmaneuver"],"picked":"Backflip+1","floor":20},{"not_picked":["Underhanded Strike","Deflect","Masterful Stab"],"picked":"SKIP","floor":21},{"not_picked":["Dodge and Roll","Dagger Throw","PiercingWail"],"picked":"SKIP","floor":22},{"not_picked":["Eviscerate","Quick Slash"],"picked":"Backflip","floor":24},{"not_picked":["A Thousand Cuts","Tactician","Masterful Stab"],"picked":"SKIP","floor":28},{"not_picked":[],"picked":"Blade Dance","floor":35},{"not_picked":["Heel Hook"],"picked":"SKIP","floor":36},{"not_picked":["PiercingWail"],"picked":"SKIP","floor":37},{"not_picked":["Deflect"],"picked":"SKIP","floor":38},{"not_picked":["Deflect"],"picked":"SKIP","floor":42},{"not_picked":["Predator"],"picked":"SKIP","floor":45},{"not_picked":["Acrobatics"],"picked":"SKIP","floor":47},{"not_picked":["Prepared"],"picked":"SKIP","floor":48}],"player_experience":915849,"relics_obtained":[{"floor":3,"key":"Shuriken"},{"floor":7,"key":"Smiling Mask"},{"floor":9,"key":"Omamori"},{"floor":13,"key":"MawBank"},{"floor":24,"key":"Ancient Tea Set"},{"floor":25,"key":"Red Mask"},{"floor":26,"key":"Vajra"},{"floor":43,"key":"The Courier"}],"event_choices":[{"damage_healed":0,"gold_gain":0,"player_choice":"Entered Light","damage_taken":20,"max_hp_gain":0,"max_hp_loss":0,"event_name":"Shining Light","floor":2,"gold_loss":0,"cards_upgraded":["Defend_G","Defend_G"]},{"damage_healed":0,"gold_gain":100,"player_choice":"Gold","damage_taken":0,"max_hp_gain":0,"max_hp_loss":0,"event_name":"Wheel of Change","floor":12,"gold_loss":0},{"damage_healed":0,"gold_gain":0,"cards_transformed":["Strike_G"],"player_choice":"Transformed","damage_taken":0,"max_hp_gain":0,"max_hp_loss":0,"event_name":"Transmorgrifier","floor":19,"gold_loss":0,"cards_obtained":["After Image"]},{"damage_healed":0,"gold_gain":0,"player_choice":"Fought Bandits","damage_taken":0,"max_hp_gain":0,"max_hp_loss":0,"event_name":"Masked Bandits","floor":25,"gold_loss":0},{"cards_removed":["Strike_G"],"damage_healed":0,"gold_gain":0,"player_choice":"Gave Gold","damage_taken":0,"max_hp_gain":0,"max_hp_loss":0,"event_name":"Beggar","floor":30,"gold_loss":75},{"damage_healed":0,"gold_gain":0,"player_choice":"Bet on Owner","damage_taken":0,"max_hp_gain":0,"max_hp_loss":0,"event_name":"The Joust","floor":31,"gold_loss":50},{"damage_healed":0,"gold_gain":0,"player_choice":"Ignored","damage_taken":0,"max_hp_gain":0,"max_hp_loss":0,"event_name":"Mysterious Sphere","floor":39,"gold_loss":0},{"damage_healed":0,"gold_gain":0,"player_choice":"Memory 1","damage_taken":0,"max_hp_gain":0,"max_hp_loss":0,"event_name":"SensoryStone","floor":41,"gold_loss":0},{"damage_healed":0,"gold_gain":0,"player_choice":"Bought 1 Potion","damage_taken":0,"max_hp_gain":0,"max_hp_loss":0,"event_name":"The Woman in Blue","floor":44,"gold_loss":0}],"is_beta":false,"boss_relics":[{"not_picked":["Astrolabe","Coffee Dripper"],"picked":"Ectoplasm"},{"not_picked":["Snecko Eye","Orrery"],"picked":"Busted Crown"}],"items_purged_floors":[46],"is_endless":false,"potions_floor_spawned":[1,5,20,21,36,37,42,48],"killed_by":"Time Eater","ascension_level":17}