{"gold_per_floor":[17,0,0,16,16,46,46,81,81,106,281,1,1,11,11,110,110,123,104,123,123,123,123],"floor_reached":23,"playtime":1219,"items_purged":["Doubt"],"score":325,"play_id":"3ddb19fa-f297-44ec-b186-b491a46f9dc7","local_time":"20190321113934","is_ascension_mode":true,"campfire_choices":[{"floor":7,"key":"REST"},{"floor":15,"key":"REST"}],"neow_cost":"NO_GOLD","seed_source_timestamp":671138732493366,"circlet_count":0,"master_deck":["Defend_G","Defend_G+1","Defend_G","Defend_G","Defend_G","Strike_G","Strike_G","Strike_G","Strike_G","Strike_G","Survivor","Neutralize+1","Die Die Die","Cloak And Dagger+1","Deadly Poison","Bullet Time","Catalyst","Acrobatics","After Image","Escape Plan","Dash+1","Blur","Footwork","Necronomicurse"],"relics":["Ring of the Snake","Pantograph","Pen Nib","Darkstone Periapt","Strawberry","Oddly Smooth Stone","Eternal Feather","Necronomicon"],"potions_floor_usage":[8,16,23],"damage_taken":[{"damage":0,"enemies":"2 Louse","floor":1,"turns":2},{"damage":0,"enemies":"Small Slimes","floor":4,"turns":3},{"damage":13,"enemies":"3 Sentries","floor":6,"turns":9},{"damage":14,"enemies":"Gremlin Nob","floor":8,"turns":5},{"damage":33,"enemies":"Lagavulin","floor":10,"turns":6},{"damage":0,"enemies":"Jaw Worm","floor":14,"turns":2},{"damage":35,"enemies":"Hexaghost","floor":16,"turns":12},{"damage":7,"enemies":"3 Byrds","floor":18,"turns":8},{"damage":7,"enemies":"2 Thieves","floor":19,"turns":4},{"damage":3,"enemies":"Snecko","floor":20,"turns":7},{"damage":44,"enemies":"Gremlin Leader","floor":23,"turns":6}],"seed_played":"7681932589423040617","potions_obtained":[{"floor":4,"key":"FairyPotion"},{"floor":6,"key":"SkillPotion"},{"floor":8,"key":"FearPotion"},{"floor":16,"key":"Fire Potion"},{"floor":18,"key":"PowerPotion"}],"is_trial":false,"path_per_floor":["M","?","?","M","?","E","R","E","T","E","?","$","?","M","R","B",null,"M","M","M","?","?","E"],"character_chosen":"THE_SILENT","items_purchased":["Oddly Smooth Stone","Acrobatics"],"campfire_rested":2,"item_purchase_floors":[12,12],"current_hp_per_floor":[63,63,68,68,53,40,62,48,48,22,28,28,28,28,54,44,77,70,63,60,60,50,6],"gold":123,"neow_bonus":"THREE_RARE_CARDS","is_prod":false,"is_daily":false,"chose_seed":false,"campfire_upgraded":0,"win_rate":0,"timestamp":1553182774,"path_taken":["M","?","?","M","?","E","R","E","T","E","?","$","?","M","R","BOSS","M","M","M","?","?","E"],"build_version":"2019-01-23","purchased_purges":1,"victory":false,"max_hp_per_floor":[70,70,75,75,75,75,75,75,75,82,88,88,88,88,88,88,88,88,88,88,88,94,94],"card_choices":[{"not_picked":["Corpse Explosion","Adrenaline"],"picked":"Die Die Die","floor":0},{"not_picked":["Dagger Throw","Dodge and Roll"],"picked":"Cloak And Dagger","floor":1},{"not_picked":["Reflex","Accuracy"],"picked":"Deadly Poison","floor":4},{"not_picked":["Crippling Poison","Acrobatics"],"picked":"Bullet Time","floor":6},{"not_picked":["Prepared","Cloak And Dagger"],"picked":"Catalyst","floor":8},{"not_picked":["Poisoned Stab","All Out Attack","Phantasmal Killer"],"picked":"SKIP","floor":10},{"not_picked":["Outmaneuver","Sucker Punch","Slice"],"picked":"SKIP","floor":14},{"not_picked":["Envenom","Unload"],"picked":"After Image","floor":16},{"not_picked":["Underhanded Strike","Flying Knee"],"picked":"Escape Plan","floor":18},{"not_picked":["Flechettes","Acrobatics"],"picked":"Dash+1","floor":19},{"not_picked":["Deflect","Flying Knee+1"],"picked":"Blur","floor":20}],"player_experience":210600,"relics_obtained":[{"floor":6,"key":"Pantograph"},{"floor":8,"key":"Pen Nib"},{"floor":9,"key":"Darkstone Periapt"},{"floor":10,"key":"Strawberry"},{"floor":22,"key":"Necronomicon"}],"event_choices":[{"damage_healed":0,"gold_gain":0,"player_choice":"Left Gold","damage_taken":0,"max_hp_gain":0,"max_hp_loss":0,"event_name":"World of Goop","floor":2,"gold_loss":17},{"damage_healed":0,"gold_gain":0,"player_choice":"Donut","damage_taken":0,"max_hp_gain":5,"max_hp_loss":0,"event_name":"Big Fish","floor":3,"gold_loss":0},{"damage_healed":0,"gold_gain":0,"player_choice":"Entered Light","damage_taken":15,"max_hp_gain":0,"max_hp_loss":0,"event_name":"Shining Light","floor":5,"gold_loss":0,"cards_upgraded":["Cloak And Dagger","Defend_G"]},{"damage_healed":0,"gold_gain":175,"player_choice":"AGREE","damage_taken":0,"max_hp_gain":0,"max_hp_loss":0,"event_name":"Liars Game","floor":11,"gold_loss":0,"cards_obtained":["Doubt"]},{"damage_healed":0,"gold_gain":0,"player_choice":"Grow","damage_taken":0,"max_hp_gain":0,"max_hp_loss":0,"event_name":"Living Wall","floor":13,"gold_loss":0,"cards_upgraded":["Neutralize"]},{"damage_healed":0,"gold_gain":0,"player_choice":"Read","damage_taken":0,"max_hp_gain":0,"max_hp_loss":0,"event_name":"The Library","floor":21,"gold_loss":0,"cards_obtained":["Footwork"]},{"damage_healed":0,"gold_gain":0,"player_choice":"Obtained Book","damage_taken":16,"max_hp_gain":0,"max_hp_loss":0,"event_name":"Cursed Tome","floor":22,"gold_loss":0}],"is_beta":false,"boss_relics":[{"not_picked":["Coffee Dripper","White Beast Statue"],"picked":"Eternal Feather"}],"items_purged_floors":[12],"is_endless":false,"potions_floor_spawned":[4,6,8,16,18],"killed_by":"Gremlin Leader","ascension_level":9}