{"gold_per_floor":[114,134,147,164,8,8,8,78,78,109,145,161,176,190,190,190],"floor_reached":16,"playtime":1546,"items_purged":[],"score":104,"play_id":"c68d73a4-05aa-43dc-bf47-322069da455f","local_time":"20190118212024","is_ascension_mode":false,"campfire_choices":[{"floor":6,"key":"REST"},{"floor":15,"key":"REST"}],"neow_cost":"PERCENT_DAMAGE","seed_source_timestamp":840348174603346,"circlet_count":0,"master_deck":["Defend_G","Defend_G","Defend_G","Defend_G","Defend_G","Strike_G","Strike_G","Strike_G","Strike_G","Strike_G","Survivor","Neutralize","Footwork","Blade Dance","Infinite Blades","Backflip","Dagger Throw","Distraction","Blur","Dagger Spray","Acrobatics","Caltrops"],"relics":["Ring of the Snake","Peace Pipe","Omamori","Golden Idol","Calipers","Pear","Potion Belt","Odd Mushroom"],"potions_floor_usage":[8,10,11,16],"damage_taken":[{"damage":2,"enemies":"Small Slimes","floor":1,"turns":5},{"damage":0,"enemies":"2 Louse","floor":2,"turns":4},{"damage":1,"enemies":"Jaw Worm","floor":3,"turns":4},{"damage":11,"enemies":"Exordium Wildlife","floor":4,"turns":9},{"damage":26,"enemies":"3 Sentries","floor":8,"turns":9},{"damage":11,"enemies":"Lagavulin","floor":10,"turns":8},{"damage":0,"enemies":"The Mushroom Lair","floor":11,"turns":3},{"damage":6,"enemies":"Large Slime","floor":12,"turns":5},{"damage":0,"enemies":"2 Fungi Beasts","floor":13,"turns":4},{"damage":2,"enemies":"3 Louse","floor":14,"turns":5},{"damage":44,"enemies":"The Guardian","floor":16,"turns":9}],"seed_played":"-2676981484878787036","potions_obtained":[{"floor":2,"key":"SkillPotion"},{"floor":4,"key":"Strength Potion"},{"floor":8,"key":"Explosive Potion"},{"floor":12,"key":"Dexterity Potion"}],"is_trial":false,"path_per_floor":["M","M","M","M","$","R","?","?","T","E","?","M","M","M","R","B"],"character_chosen":"THE_SILENT","items_purchased":["Omamori"],"campfire_rested":2,"item_purchase_floors":[5],"current_hp_per_floor":[47,47,46,35,35,56,56,30,40,29,29,23,23,21,45,1],"gold":190,"neow_bonus":"ONE_RARE_RELIC","is_prod":false,"is_daily":false,"chose_seed":false,"campfire_upgraded":0,"win_rate":0,"timestamp":1547864424,"path_taken":["M","M","M","M","$","R","?","?","T","E","?","M","M","M","R","BOSS"],"build_version":"2019-01-17v2","purchased_purges":0,"victory":false,"max_hp_per_floor":[70,70,70,70,70,70,70,70,80,80,80,80,80,80,80,80],"card_choices":[{"not_picked":["Underhanded Strike","Bouncing Flask"],"picked":"Footwork","floor":1},{"not_picked":["Flying Knee","Sucker Punch"],"picked":"Blade Dance","floor":2},{"not_picked":["Catalyst","Flying Knee"],"picked":"Infinite Blades","floor":3},{"not_picked":["Bane","Tactician"],"picked":"Backflip","floor":4},{"not_picked":["Quick Slash","Slice"],"picked":"Dagger Throw","floor":8},{"not_picked":["Quick Slash","Dodge and Roll"],"picked":"Distraction","floor":10},{"not_picked":["Backflip","Finisher"],"picked":"Blur","floor":11},{"not_picked":["Burst","Dagger Throw"],"picked":"Dagger Spray","floor":12},{"not_picked":["Crippling Poison","Outmaneuver"],"picked":"Acrobatics","floor":13},{"not_picked":["Calculated Gamble","Bouncing Flask"],"picked":"Caltrops","floor":14}],"player_experience":103370,"relics_obtained":[{"floor":9,"key":"Pear"},{"floor":10,"key":"Potion Belt"},{"floor":11,"key":"Odd Mushroom"}],"event_choices":[{"damage_healed":0,"gold_gain":0,"player_choice":"Take Wound","damage_taken":0,"relics_obtained":["Golden Idol"],"max_hp_gain":0,"max_hp_loss":0,"event_name":"Golden Idol","floor":7,"gold_loss":0,"cards_obtained":["Injury"]},{"damage_healed":0,"gold_gain":0,"player_choice":"Searched \u00273\u0027 times","damage_taken":0,"relics_obtained":["Calipers"],"max_hp_gain":0,"max_hp_loss":0,"event_name":"Dead Adventurer","floor":8,"gold_loss":0},{"damage_healed":0,"gold_gain":0,"player_choice":"Fought Mushrooms","damage_taken":0,"max_hp_gain":0,"max_hp_loss":0,"event_name":"Mushrooms","floor":11,"gold_loss":0}],"is_beta":false,"boss_relics":[],"items_purged_floors":[],"is_endless":false,"potions_floor_spawned":[2,4,8,12],"killed_by":"The Guardian","ascension_level":0}