{"gold_per_floor":[110,129,139,89,64,64,64,83,132,132,144,156,156,156,156,259,259,274,288,288,298,573,573,203,203],"floor_reached":25,"playtime":1655,"items_purged":["Regret"],"score":193,"play_id":"d6bc54bf-b30e-4750-9d20-86b90350e515","local_time":"20181223032553","is_ascension_mode":false,"campfire_choices":[{"data":"Phantasmal Killer","floor":6,"key":"SMITH"},{"data":"Prepared","floor":10,"key":"SMITH"},{"data":"Neutralize","floor":13,"key":"SMITH"},{"data":"Infinite Blades","floor":15,"key":"SMITH"},{"data":"RitualDagger","floor":23,"key":"SMITH"}],"neow_cost":"NONE","seed_source_timestamp":22104911545867,"circlet_count":0,"master_deck":["Defend_G","Defend_G","Defend_G","Defend_G+1","Defend_G","Strike_G","Strike_G","Survivor","Neutralize+1","Phantasmal Killer+1","Endless Agony+1","Infinite Blades+1","Acrobatics","Dodge and Roll","Prepared+1","Blur","Dagger Throw","Iron Wave","Corpse Explosion","PiercingWail","Acrobatics+1","RitualDagger+1","Finisher","Caltrops"],"relics":["Ring of the Snake","Vajra","Black Star","Potion Belt"],"potions_floor_usage":[],"damage_taken":[{"damage":0,"enemies":"Small Slimes","floor":1,"turns":4},{"damage":0,"enemies":"2 Louse","floor":2,"turns":4},{"damage":0,"enemies":"Cultist","floor":3,"turns":4},{"damage":0,"enemies":"Large Slime","floor":8,"turns":8},{"damage":1,"enemies":"Lots of Slimes","floor":11,"turns":6},{"damage":0,"enemies":"Blue Slaver","floor":12,"turns":3},{"damage":14,"enemies":"Slime Boss","floor":16,"turns":14},{"damage":5,"enemies":"3 Byrds","floor":18,"turns":4},{"damage":5,"enemies":"Chosen","floor":19,"turns":5},{"damage":6,"enemies":"Centurion and Healer","floor":21,"turns":6},{"damage":35,"enemies":"Slavers","floor":25,"turns":3}],"seed_played":"-4744884406743160058","potions_obtained":[{"floor":2,"key":"Weak Potion"},{"floor":11,"key":"EntropicBrew"},{"floor":12,"key":"Swift Potion"},{"floor":21,"key":"Dexterity Potion"}],"is_trial":false,"path_per_floor":["M","M","M","?","$","R","?","M","T","R","M","M","R","?","R","B",null,"M","M","?","M","?","R","$","E"],"character_chosen":"THE_SILENT","items_purchased":["Dodge and Roll","Finisher","Potion Belt","Caltrops"],"campfire_rested":0,"item_purchase_floors":[5,24,24,24],"current_hp_per_floor":[70,70,70,70,70,70,56,56,56,56,55,55,55,55,55,41,70,65,60,54,48,48,48,48,13],"gold":203,"neow_bonus":"TRANSFORM_CARD","is_prod":false,"is_daily":false,"chose_seed":false,"campfire_upgraded":5,"win_rate":0,"timestamp":1545546353,"path_taken":["M","M","M","?","$","R","?","M","T","R","M","M","R","?","R","BOSS","M","M","?","M","?","R","$","E"],"build_version":"2018-12-20","purchased_purges":1,"victory":false,"max_hp_per_floor":[70,70,70,70,70,70,70,70,70,70,70,70,70,70,70,70,70,70,70,70,70,70,70,70,70],"card_choices":[{"not_picked":["Bane","Slice"],"picked":"Endless Agony","floor":1},{"not_picked":["Acrobatics","Flechettes"],"picked":"Infinite Blades","floor":2},{"not_picked":["Bane","Outmaneuver"],"picked":"Acrobatics","floor":3},{"not_picked":["Blur","Deflect"],"picked":"Prepared","floor":8},{"not_picked":["Catalyst","Setup"],"picked":"Blur","floor":11},{"not_picked":["Quick Slash","Prepared"],"picked":"Dagger Throw","floor":12},{"not_picked":["Glass Knife","A Thousand Cuts"],"picked":"Corpse Explosion","floor":16},{"not_picked":["Dagger Spray","Dagger Throw+1"],"picked":"PiercingWail","floor":18},{"not_picked":["Backflip","Sucker Punch+1"],"picked":"Acrobatics+1","floor":19},{"not_picked":["Sucker Punch","Dodge and Roll","All Out Attack"],"picked":"SKIP","floor":21}],"player_experience":615335,"relics_obtained":[{"floor":9,"key":"Vajra"}],"event_choices":[{"cards_removed":["Strike_G"],"damage_healed":0,"gold_gain":0,"player_choice":"Card Removal","damage_taken":0,"max_hp_gain":0,"max_hp_loss":0,"event_name":"The Cleric","floor":4,"gold_loss":50},{"damage_healed":0,"gold_gain":0,"player_choice":"Entered Light","damage_taken":14,"max_hp_gain":0,"max_hp_loss":0,"event_name":"Shining Light","floor":7,"gold_loss":0,"cards_upgraded":["Endless Agony","Defend_G"]},{"cards_removed":["Strike_G"],"damage_healed":0,"gold_gain":0,"player_choice":"Took Card","damage_taken":0,"max_hp_gain":0,"max_hp_loss":0,"event_name":"NoteForYourself","floor":14,"gold_loss":0,"cards_obtained":["Iron Wave"]},{"damage_healed":0,"gold_gain":0,"player_choice":"Joined the Cult","damage_taken":6,"max_hp_gain":0,"max_hp_loss":0,"event_name":"Nest","floor":20,"gold_loss":0,"cards_obtained":["RitualDagger"]},{"damage_healed":0,"gold_gain":275,"player_choice":"Desecrate","damage_taken":0,"max_hp_gain":0,"max_hp_loss":0,"event_name":"Golden Shrine","floor":22,"gold_loss":0,"cards_obtained":["Regret"]}],"is_beta":false,"boss_relics":[{"not_picked":["Velvet Choker","Empty Cage"],"picked":"Black Star"}],"items_purged_floors":[24],"is_endless":false,"potions_floor_spawned":[2,11,12,16,19,21],"killed_by":"Slavers","ascension_level":0}