{"gold_per_floor":[115,115,132,132,144,171,171,184,184,359,216,216,216,244,244,343,343,361,32,47,47,47,47,76,76,76,108,125,125],"floor_reached":29,"playtime":1018,"items_purged":["Doubt"],"score":336,"play_id":"5fa45a73-aad6-4ab8-8a0c-0d2e5daad3a1","local_time":"20190321032622","is_ascension_mode":true,"campfire_choices":[{"data":"Feed","floor":7,"key":"SMITH"},{"floor":13,"key":"REST"},{"floor":15,"key":"REST"},{"floor":23,"key":"REST"},{"floor":25,"key":"REST"}],"neow_cost":"NONE","seed_source_timestamp":641748656198332,"circlet_count":0,"master_deck":["Strike_R","Strike_R","Strike_R","Strike_R","Strike_R","Defend_R","Defend_R","Defend_R","Defend_R","Bash","Limit Break+1","Iron Wave","Clothesline","Feed+1","Inflame","Spot Weakness+1","Regret","Demon Form","Demon Form","Flex+1","Inflame","Battle Trance+1","Pommel Strike"],"relics":["Burning Blood","Ornamental Fan","Toxic Egg 2","Gremlin Horn","Charon\u0027s Ashes","Velvet Choker","Mummified Hand","MutagenicStrength","Shuriken","Matryoshka","FossilizedHelix"],"potions_floor_usage":[16,24,28,28,29],"damage_taken":[{"damage":6,"enemies":"Cultist","floor":1,"turns":3},{"damage":3,"enemies":"Jaw Worm","floor":3,"turns":4},{"damage":0,"enemies":"2 Louse","floor":5,"turns":2},{"damage":47,"enemies":"3 Sentries","floor":6,"turns":11},{"damage":24,"enemies":"Exordium Wildlife","floor":8,"turns":5},{"damage":33,"enemies":"Lagavulin","floor":14,"turns":5},{"damage":60,"enemies":"The Guardian","floor":16,"turns":8},{"damage":29,"enemies":"Chosen","floor":18,"turns":5},{"damage":36,"enemies":"Spheric Guardian","floor":20,"turns":5},{"damage":31,"enemies":"Book of Stabbing","floor":24,"turns":4},{"damage":21,"enemies":"Gremlin Leader","floor":27,"turns":4},{"damage":10,"enemies":"Centurion and Healer","floor":28,"turns":4},{"damage":29,"enemies":"Slavers","floor":29,"turns":2}],"seed_played":"6104289079813818539","potions_obtained":[{"floor":8,"key":"LiquidBronze"},{"floor":14,"key":"Regen Potion"},{"floor":16,"key":"Explosive Potion"},{"floor":20,"key":"Energy Potion"},{"floor":24,"key":"Explosive Potion"}],"is_trial":false,"path_per_floor":["M","?","M","?","M","E","R","M","T","?","$","?","R","E","R","B",null,"M","$","M","?","?","R","E","R","T","E","M","E"],"character_chosen":"IRONCLAD","items_purchased":["Spot Weakness+1","Mummified Hand","Inflame"],"campfire_rested":4,"item_purchase_floors":[11,19,19],"current_hp_per_floor":[80,80,80,80,80,39,39,25,25,25,25,25,50,23,48,9,65,42,42,12,12,12,37,16,42,42,27,23,0],"gold":125,"neow_bonus":"ONE_RANDOM_RARE_CARD","is_prod":false,"is_daily":false,"chose_seed":false,"campfire_upgraded":1,"win_rate":0,"timestamp":1553153182,"path_taken":["M","?","M","?","?","E","R","M","T","?","$","?","R","E","R","BOSS","M","$","M","?","?","R","E","R","T","E","M","E"],"build_version":"2019-01-23","purchased_purges":1,"victory":false,"max_hp_per_floor":[80,80,80,80,80,80,80,84,84,84,84,84,84,84,84,84,84,84,84,84,84,84,84,88,88,88,88,88,88],"card_choices":[{"not_picked":["Clash","Intimidate"],"picked":"Iron Wave","floor":1},{"not_picked":["Iron Wave","Thunderclap"],"picked":"Clothesline","floor":3},{"not_picked":["Warcry","Iron Wave","Body Slam"],"picked":"SKIP","floor":5},{"not_picked":["Double Tap","Reckless Charge"],"picked":"Feed","floor":6},{"not_picked":["Iron Wave","Sever Soul"],"picked":"Inflame","floor":8},{"not_picked":["Rage+1","Combust"],"picked":"Demon Form","floor":14},{"not_picked":["Barricade","Juggernaut"],"picked":"Demon Form","floor":16},{"not_picked":["Wild Strike","Intimidate+1"],"picked":"Flex+1","floor":18},{"not_picked":["Blood for Blood","Wild Strike","Bloodletting+1"],"picked":"SKIP","floor":20},{"not_picked":["Sword Boomerang","Iron Wave+1"],"picked":"Battle Trance+1","floor":24},{"not_picked":["Offering+1","Body Slam"],"picked":"Pommel Strike","floor":27},{"not_picked":["Thunderclap+1","Cleave","True Grit+1"],"picked":"SKIP","floor":28}],"player_experience":208697,"relics_obtained":[{"floor":6,"key":"Ornamental Fan"},{"floor":9,"key":"Toxic Egg 2"},{"floor":14,"key":"Charon\u0027s Ashes"},{"floor":24,"key":"Shuriken"},{"floor":26,"key":"Matryoshka"},{"floor":27,"key":"FossilizedHelix"}],"event_choices":[{"damage_healed":0,"gold_gain":0,"player_choice":"Ignored","damage_taken":0,"max_hp_gain":0,"max_hp_loss":0,"event_name":"Golden Wing","floor":2,"gold_loss":0},{"damage_healed":0,"gold_gain":0,"player_choice":"Upgraded","damage_taken":0,"max_hp_gain":0,"max_hp_loss":0,"event_name":"Upgrade Shrine","floor":4,"gold_loss":0,"cards_upgraded":["Limit Break"]},{"damage_healed":0,"gold_gain":175,"player_choice":"AGREE","damage_taken":0,"max_hp_gain":0,"max_hp_loss":0,"event_name":"Liars Game","floor":10,"gold_loss":0,"cards_obtained":["Doubt"]},{"damage_healed":0,"gold_gain":0,"player_choice":"Box","damage_taken":0,"relics_obtained":["Gremlin Horn"],"max_hp_gain":0,"max_hp_loss":0,"event_name":"Big Fish","floor":12,"gold_loss":0,"cards_obtained":["Regret"]},{"damage_healed":0,"gold_gain":0,"player_choice":"Inject Mutagens","damage_taken":0,"relics_obtained":["MutagenicStrength"],"max_hp_gain":0,"max_hp_loss":0,"event_name":"Drug Dealer","floor":21,"gold_loss":0}],"is_beta":false,"boss_relics":[{"not_picked":["White Beast Statue","Runic Pyramid"],"picked":"Velvet Choker"}],"items_purged_floors":[11],"is_endless":false,"potions_floor_spawned":[8,14,16,20,24],"killed_by":"Slavers","ascension_level":5}