{"path_per_floor":["M","?","T","M","M","R","M","?","T","?","M","?","E","M","R","B",null,"M","$","?","M","?","R"],"character_chosen":"THE_SILENT","items_purchased":["Letter Opener","Shovel"],"gold_per_floor":[115,115,139,163,177,177,202,263,315,315,331,406,450,466,466,596,596,615,49,49,62,62,62],"floor_reached":24,"campfire_rested":1,"playtime":887,"current_hp_per_floor":[70,70,70,70,70,70,70,54,54,21,33,33,29,41,62,39,70,64,64,64,45,29,29],"items_purged":[],"gold":62,"score":196,"play_id":"7fd34fb5-5f7d-4a7b-bf02-38f3371001bc","is_prod":false,"is_daily":false,"is_ascension_mode":false,"campfire_upgraded":1,"path_taken":["M","?","?","?","M","R","M","?","T","?","M","?","E","M","R","BOSS","M","$","?","M","?","R","M"],"build_version":"2018-02-08-PROD1","purchased_purges":0,"victory":false,"master_deck":["Defend_G","Defend_G","Defend_G","Defend_G","Defend_G+1","Strike_G","Strike_G","Strike_G","Strike_G","Strike_G","Survivor+1","Neutralize","Outmaneuver","Injury","Flying Knee","All Out Attack+1","Infinite Blades","Deflect","Endless Agony","Dagger Spray","Dagger Throw","Storm of Steel","Flying Knee+1","Deflect"],"max_hp_per_floor":[70,70,70,70,70,70,70,70,70,70,70,70,70,70,70,70,70,70,70,70,70,70,70],"relics":["Ring of the Snake","Pen Nib","Golden Idol","War Paint","Snake Skull","Orichalcum","Meat on the Bone","Gremlin Horn","The Specimen","Letter Opener","Shovel","Nilry\u0027s Codex","Unceasing Top"],"card_choices":[{"not_picked":["Reflex","Bane"],"picked":"Outmaneuver"},{"not_picked":["Dodge and Roll","Flechettes"],"picked":"Flying Knee"},{"not_picked":["Calculated Gamble","Malaise"],"picked":"All Out Attack"},{"not_picked":["Underhanded Strike","Flying Knee"],"picked":"Infinite Blades"},{"not_picked":["PiercingWail","Skewer"],"picked":"Deflect"},{"not_picked":["Bullet Time","Backflip"],"picked":"Endless Agony"},{"not_picked":["Deflect","Sucker Punch"],"picked":"Dagger Spray"},{"not_picked":["Backflip","Slice"],"picked":"Dagger Throw"},{"not_picked":["Night Terror","Bullet Time"],"picked":"Storm of Steel"},{"not_picked":["Deadly Poison","Escape Plan"],"picked":"Flying Knee"},{"not_picked":["Acrobatics","Calculated Gamble"],"picked":"Deflect"}],"player_experience":37906,"potions_floor_usage":[8,8,8,16],"damage_taken":[{"damage":0,"enemies":"Cultist","floor":1,"turns":5},{"damage":0,"enemies":"2 Louse","floor":4,"turns":3},{"damage":0,"enemies":"Blue Slaver","floor":5,"turns":5},{"damage":0,"enemies":"Exordium Wildlife","floor":7,"turns":3},{"damage":16,"enemies":"Lagavulin Event","floor":8,"turns":8},{"damage":0,"enemies":"3 Louse","floor":11,"turns":2},{"damage":16,"enemies":"Gremlin Nob","floor":13,"turns":4},{"damage":0,"enemies":"2 Fungi Beasts","floor":14,"turns":1},{"damage":38,"enemies":"Slime Boss","floor":16,"turns":10},{"damage":6,"enemies":"3 Byrds","floor":18,"turns":3},{"damage":19,"enemies":"Shell Parasite","floor":21,"turns":7},{"damage":35,"enemies":"Chosen and Byrds","floor":24,"turns":4}],"event_choices":[{"event_name":"Golden Idol","player_choice":"Take Wound","floor":2,"damage_taken":0},{"event_name":"Dead Adventurer","player_choice":"Searched \u00272\u0027 times","floor":8,"damage_taken":0},{"event_name":"Scrap Ooze","player_choice":"success","floor":10,"damage_taken":33},{"event_name":"Golden Wing","player_choice":"Gained Gold","floor":12,"damage_taken":0},{"event_name":"Beggar","player_choice":"Ignored","floor":20,"damage_taken":0},{"event_name":"Cursed Tome","player_choice":"Obtained Book","floor":22,"damage_taken":0}],"boss_relics":[{"not_picked":["Eternal Feather","Runic Dome"],"picked":"The Specimen"}],"potions_floor_spawned":[1,5,7,14],"seed_played":"-2361142123531119890","killed_by":"Chosen and Byrds","ascension_level":0,"is_trial":false}