{"gold_per_floor":[110,110,385,396,411,744,761,777,777,793,30,46,46,6,6,101,101,116,127,127,127,144,175,194,194,194,294,294,294,16,29,29,131,131,150,162,162,162,15,15],"floor_reached":40,"playtime":2165,"items_purged":["Regret"],"score":458,"play_id":"3aa74a76-80ab-4069-90e8-2d4c44e4f421","local_time":"20190123164142","is_ascension_mode":false,"campfire_choices":[{"data":"Immolate","floor":15,"key":"SMITH"},{"data":"Armaments","floor":25,"key":"SMITH"},{"data":"Madness","floor":32,"key":"SMITH"}],"neow_cost":"NONE","seed_source_timestamp":1569806593683914,"circlet_count":0,"master_deck":["Strike_R","Strike_R","Strike_R","Strike_R","Strike_R","Defend_R","Defend_R","Defend_R","Defend_R","Bash","Blood for Blood","Twin Strike","Shrug It Off","Pummel","Disarm","Immolate+1","Cleave","Madness+1","Heavy Blade","Seeing Red","Reaper","Pummel+1","Ghostly Armor+1","Infernal Blade+1","Intimidate","Armaments+1","Twin Strike+1","Apotheosis","Fire Breathing+1","Demon Form","Clothesline+1","Anger+1","Madness","Madness","Armaments+1","Mind Blast"],"relics":["Black Blood","Orichalcum","Juzu Bracelet","Thread and Needle","ClockworkSouvenir","Question Card","Bag of Preparation","NlothsMask","MutagenicStrength","Turnip","Calipers","Matryoshka","Nloth\u0027s Gift","Membership Card","Mark of Pain","Chemical X"],"potions_floor_usage":[6,16,16,22,24,27,27,33,33,40],"damage_taken":[{"damage":5,"enemies":"Small Slimes","floor":1,"turns":3},{"damage":3,"enemies":"Jaw Worm","floor":4,"turns":3},{"damage":3,"enemies":"Cultist","floor":5,"turns":3},{"damage":23,"enemies":"Gremlin Nob","floor":6,"turns":4},{"damage":8,"enemies":"Red Slaver","floor":7,"turns":3},{"damage":11,"enemies":"Exordium Wildlife","floor":8,"turns":4},{"damage":11,"enemies":"Large Slime","floor":10,"turns":5},{"damage":1,"enemies":"Red Slaver","floor":12,"turns":3},{"damage":22,"enemies":"Hexaghost","floor":16,"turns":14},{"damage":9,"enemies":"Spheric Guardian","floor":18,"turns":5},{"damage":0,"enemies":"3 Byrds","floor":19,"turns":6},{"damage":0,"enemies":"Cultist and Chosen","floor":22,"turns":4},{"damage":12,"enemies":"Book of Stabbing","floor":23,"turns":4},{"damage":5,"enemies":"Snake Plant","floor":24,"turns":4},{"damage":8,"enemies":"Colosseum Slavers","floor":27,"turns":4},{"damage":6,"enemies":"Colosseum Nobs","floor":27,"turns":3},{"damage":6,"enemies":"Snecko","floor":31,"turns":3},{"damage":63,"enemies":"Champ","floor":33,"turns":12},{"damage":0,"enemies":"Orb Walker","floor":35,"turns":2},{"damage":15,"enemies":"3 Shapes","floor":36,"turns":1},{"damage":93,"enemies":"Giant Head","floor":40,"turns":9}],"seed_played":"2840248745446598072","potions_obtained":[{"floor":4,"key":"SteroidPotion"},{"floor":6,"key":"GamblersBrew"},{"floor":7,"key":"Block Potion"},{"floor":18,"key":"FearPotion"},{"floor":21,"key":"Block Potion"},{"floor":21,"key":"PowerPotion"},{"floor":21,"key":"Explosive Potion"},{"floor":22,"key":"Ancient Potion"},{"floor":27,"key":"LiquidBronze"},{"floor":31,"key":"Ancient Potion"},{"floor":36,"key":"EssenceOfSteel"}],"is_trial":false,"path_per_floor":["?","?","?","$","?","?","?","?","?","?","?"],"character_chosen":"IRONCLAD","items_purchased":["ClockworkSouvenir","Question Card","Bag of Preparation","Madness","Seeing Red","Membership Card","Apotheosis","Mind Blast","Chemical X"],"campfire_rested":0,"item_purchase_floors":[11,11,11,11,14,30,30,39,39],"current_hp_per_floor":[80,62,62,65,68,51,49,44,44,39,39,44,44,44,44,28,80,80,80,80,80,80,80,80,80,80,80,80,80,80,80,80,33,80,80,75,65,65,65,0],"gold":15,"neow_bonus":"RANDOM_COMMON_RELIC","is_prod":false,"is_daily":false,"chose_seed":false,"campfire_upgraded":3,"win_rate":0,"timestamp":1548279702,"path_taken":["M","?","?","M","M","E","M","M","T","M","$","M","?","?","R","BOSS","M","M","?","?","M","E","M","R","T","?","?","?","$","M","R","BOSS","M","M","?","?","$","E"],"build_version":"2019-01-23","purchased_purges":1,"victory":false,"max_hp_per_floor":[80,80,80,80,80,80,80,80,80,80,80,80,80,80,80,80,80,80,80,80,80,80,80,80,80,80,80,80,80,80,80,80,80,80,80,80,80,80,80,80],"card_choices":[{"not_picked":["True Grit","Perfected Strike"],"picked":"Blood for Blood","floor":1},{"not_picked":["Uppercut","Entrench"],"picked":"Twin Strike","floor":4},{"not_picked":["Wild Strike","Second Wind"],"picked":"Shrug It Off","floor":5},{"not_picked":["Blood for Blood","Spot Weakness"],"picked":"Pummel","floor":6},{"not_picked":["Warcry","Heavy Blade"],"picked":"Disarm","floor":7},{"not_picked":["Blood for Blood","Inflame"],"picked":"Immolate","floor":8},{"not_picked":["Twin Strike","Heavy Blade"],"picked":"Cleave","floor":10},{"not_picked":["Clash","True Grit","Shrug It Off"],"picked":"Heavy Blade","floor":12},{"not_picked":["Dark Embrace","Demon Form","Impervious"],"picked":"Reaper","floor":16},{"not_picked":["Clash","Warcry","Battle Trance"],"picked":"Pummel+1","floor":18},{"not_picked":["Rupture","Hemokinesis","Clothesline"],"picked":"Ghostly Armor+1","floor":19},{"not_picked":["Thunderclap","Evolve","Anger"],"picked":"Infernal Blade+1","floor":22},{"not_picked":["Blood for Blood","True Grit","Dropkick"],"picked":"Intimidate","floor":23},{"not_picked":["Dual Wield","Infernal Blade","Flame Barrier"],"picked":"Armaments","floor":24},{"not_picked":["Sentinel","Body Slam","Clothesline"],"picked":"Twin Strike+1","floor":27},{"not_picked":["Disarm","Perfected Strike+1","Iron Wave+1"],"picked":"Fire Breathing+1","floor":31},{"not_picked":["Barricade","Exhume","Brutality"],"picked":"Demon Form","floor":33},{"not_picked":["Dropkick","Pommel Strike","Iron Wave"],"picked":"Clothesline+1","floor":35},{"not_picked":["Whirlwind","Heavy Blade+1","Havoc"],"picked":"Anger+1","floor":36}],"player_experience":335714,"relics_obtained":[{"floor":6,"key":"Old Coin"},{"floor":9,"key":"Thread and Needle"},{"floor":23,"key":"Turnip"},{"floor":27,"key":"Calipers"},{"floor":27,"key":"Matryoshka"}],"event_choices":[{"damage_healed":0,"gold_gain":0,"player_choice":"Success","damage_taken":18,"relics_obtained":["Juzu Bracelet"],"max_hp_gain":0,"max_hp_loss":0,"event_name":"Scrap Ooze","floor":2,"gold_loss":0},{"damage_healed":0,"gold_gain":275,"player_choice":"Desecrate","damage_taken":0,"max_hp_gain":0,"max_hp_loss":0,"event_name":"Golden Shrine","floor":3,"gold_loss":0,"cards_obtained":["Regret"]},{"damage_healed":0,"gold_gain":0,"player_choice":"Trade","damage_taken":0,"relics_obtained":["NlothsMask"],"max_hp_gain":0,"max_hp_loss":0,"event_name":"FaceTrader","floor":13,"gold_loss":0},{"damage_healed":0,"gold_gain":0,"player_choice":"Inject Mutagens","damage_taken":0,"relics_obtained":["MutagenicStrength"],"max_hp_gain":0,"max_hp_loss":0,"event_name":"Drug Dealer","floor":20,"gold_loss":0},{"damage_healed":0,"gold_gain":0,"player_choice":"Got Potions","damage_taken":0,"max_hp_gain":0,"max_hp_loss":0,"event_name":"Lab","floor":21,"gold_loss":0},{"damage_healed":0,"gold_gain":0,"player_choice":"Fight","damage_taken":0,"max_hp_gain":0,"max_hp_loss":0,"event_name":"Colosseum","floor":27,"gold_loss":0},{"damage_healed":0,"gold_gain":0,"player_choice":"Fought Nobs","damage_taken":0,"max_hp_gain":0,"max_hp_loss":0,"event_name":"Colosseum","floor":27,"gold_loss":0},{"damage_healed":0,"gold_gain":0,"player_choice":"Traded Relic","damage_taken":0,"relics_obtained":["Nloth\u0027s Gift"],"max_hp_gain":0,"max_hp_loss":0,"event_name":"N\u0027loth","floor":28,"relics_lost":["Old Coin"],"gold_loss":0},{"damage_healed":0,"gold_gain":0,"player_choice":"Ignored","damage_taken":0,"max_hp_gain":0,"max_hp_loss":0,"event_name":"Purifier","floor":29,"gold_loss":0},{"damage_healed":0,"gold_gain":0,"player_choice":"Embrace Madness","damage_taken":10,"max_hp_gain":0,"max_hp_loss":0,"event_name":"Winding Halls","floor":37,"gold_loss":0,"cards_obtained":["Madness","Madness"]},{"damage_healed":0,"gold_gain":0,"player_choice":"Copied","damage_taken":0,"max_hp_gain":0,"max_hp_loss":0,"event_name":"Duplicator","floor":38,"gold_loss":0,"cards_obtained":["Armaments"]}],"is_beta":false,"boss_relics":[{"not_picked":["Fusion Hammer","Empty Cage"],"picked":"Black Blood"},{"not_picked":["Philosopher\u0027s Stone","Lizard Tail"],"picked":"Mark of Pain"}],"items_purged_floors":[11],"is_endless":false,"potions_floor_spawned":[4,6,7,18,22,27,31,36],"killed_by":"Giant Head","ascension_level":0}