{"gold_per_floor":[114,114,132,146,165,165,199,199,222,236,161,193,193,209,209,209],"floor_reached":16,"playtime":908,"items_purged":["Defend_G"],"score":140,"play_id":"6bfad275-f0d7-47ab-a942-cb7092244025","local_time":"20190120185447","is_ascension_mode":true,"campfire_choices":[{"data":"Neutralize","floor":6,"key":"SMITH"},{"floor":8,"key":"REST"},{"floor":15,"key":"REST"}],"neow_cost":"NONE","seed_source_timestamp":1005049782614549,"circlet_count":0,"master_deck":["Defend_G","Defend_G+1","Defend_G+1","Defend_G","Strike_G","Strike_G","Strike_G","Strike_G","Survivor","Neutralize+1","Quick Slash","Night Terror","Dash","Footwork","Infinite Blades","Backflip","Calculated Gamble"],"relics":["Ring of the Snake","PreservedInsect","War Paint","Strawberry","FossilizedHelix"],"potions_floor_usage":[7,16,16,16],"damage_taken":[{"damage":0,"enemies":"Jaw Worm","floor":1,"turns":7},{"damage":2,"enemies":"Cultist","floor":3,"turns":4},{"damage":5,"enemies":"Small Slimes","floor":4,"turns":4},{"damage":5,"enemies":"Exordium Wildlife","floor":5,"turns":7},{"damage":43,"enemies":"Lagavulin","floor":7,"turns":10},{"damage":14,"enemies":"3 Louse","floor":10,"turns":4},{"damage":4,"enemies":"3 Sentries","floor":12,"turns":7},{"damage":0,"enemies":"Looter","floor":14,"turns":4},{"damage":55,"enemies":"Slime Boss","floor":16,"turns":11}],"seed_played":"2215956003249964495","potions_obtained":[{"floor":3,"key":"Energy Potion"},{"floor":4,"key":"Weak Potion"},{"floor":7,"key":"Ancient Potion"},{"floor":10,"key":"EssenceOfSteel"},{"floor":12,"key":"Dexterity Potion"}],"is_trial":false,"path_per_floor":["M","?","M","M","M","R","E","R","T","M","$","E","?","M","R","B"],"character_chosen":"THE_SILENT","items_purchased":[],"campfire_rested":2,"item_purchase_floors":[],"current_hp_per_floor":[77,77,75,70,65,65,22,45,45,31,31,34,27,27,52,0],"gold":209,"neow_bonus":"TEN_PERCENT_HP_BONUS","is_prod":false,"is_daily":false,"chose_seed":false,"campfire_upgraded":1,"win_rate":0,"timestamp":1548028487,"path_taken":["M","?","M","M","M","R","E","R","T","M","?","E","?","M","R","BOSS"],"build_version":"2019-01-17v2","purchased_purges":1,"victory":false,"max_hp_per_floor":[77,77,77,77,77,77,77,77,77,77,77,84,84,84,84,84],"card_choices":[{"not_picked":["Flying Knee","Endless Agony"],"picked":"Quick Slash","floor":1},{"not_picked":["Backflip","Underhanded Strike"],"picked":"Dash","floor":3},{"not_picked":["Acrobatics","Dodge and Roll","Reflex"],"picked":"SKIP","floor":4},{"not_picked":["Dash","Blade Dance"],"picked":"Footwork","floor":5},{"not_picked":["Riddle With Holes","PiercingWail"],"picked":"Infinite Blades","floor":7},{"not_picked":["Heel Hook","Tools of the Trade"],"picked":"Backflip","floor":10},{"not_picked":["Storm of Steel","Riddle With Holes","Outmaneuver"],"picked":"SKIP","floor":12},{"not_picked":["Masterful Stab","Outmaneuver"],"picked":"Calculated Gamble","floor":14}],"player_experience":143666,"relics_obtained":[{"floor":7,"key":"PreservedInsect"},{"floor":9,"key":"War Paint"},{"floor":12,"key":"Strawberry"}],"event_choices":[{"damage_healed":0,"gold_gain":0,"cards_transformed":["Strike_G"],"player_choice":"Transformed","damage_taken":0,"max_hp_gain":0,"max_hp_loss":0,"event_name":"Transmorgrifier","floor":2,"gold_loss":0,"cards_obtained":["Night Terror"]},{"damage_healed":0,"gold_gain":0,"player_choice":"Success","damage_taken":7,"relics_obtained":["FossilizedHelix"],"max_hp_gain":0,"max_hp_loss":0,"event_name":"Scrap Ooze","floor":13,"gold_loss":0}],"is_beta":false,"boss_relics":[],"items_purged_floors":[11],"is_endless":false,"potions_floor_spawned":[3,4,7,10,12],"killed_by":"Slime Boss","ascension_level":5}