{"gold_per_floor":[117,128,128,203,77,77,102,119,119,132,146,176,196,196],"floor_reached":14,"playtime":355,"items_purged":[],"score":127,"play_id":"2e3d7ba5-0430-4ff2-9d86-72378e9ef4cc","local_time":"20180915001110","is_ascension_mode":false,"campfire_choices":[{"data":"Zap","floor":6,"key":"SMITH"}],"neow_cost":"NONE","seed_source_timestamp":37543933476325,"circlet_count":0,"master_deck":["Strike_B","Strike_B","Strike_B","Strike_B","Defend_B","Defend_B","Defend_B","Defend_B","Zap+1","Dualcast","Ball Lightning","Fusion","Chaos","Storm","Rainbow","Rebound","Ball Lightning","Turbo"],"relics":["Cracked Core","NeowsBlessing","Tiny Chest","Kunai","Darkstone Periapt","Bottled Lightning"],"potions_floor_usage":[10,12],"damage_taken":[{"damage":0,"enemies":"2 Louse","floor":1,"turns":1},{"damage":0,"enemies":"Cultist","floor":2,"turns":1},{"damage":0,"enemies":"3 Sentries","floor":7,"turns":1},{"damage":1,"enemies":"Jaw Worm","floor":8,"turns":3},{"damage":4,"enemies":"Exordium Wildlife","floor":10,"turns":2},{"damage":6,"enemies":"Looter","floor":11,"turns":4},{"damage":38,"enemies":"Gremlin Nob","floor":12,"turns":5},{"damage":1,"enemies":"Large Slime","floor":13,"turns":3},{"damage":14,"enemies":"Exordium Wildlife","floor":14,"turns":3}],"seed_played":"5063114967308979854","potions_obtained":[{"floor":2,"key":"Ancient Potion"},{"floor":8,"key":"AttackPotion"},{"floor":11,"key":"SteroidPotion"}],"is_trial":false,"path_per_floor":["M","M","$","?","$","R","E","M","T","M","M","E","M"],"character_chosen":"DEFECT","items_purchased":["Tiny Chest"],"campfire_rested":0,"item_purchase_floors":[5],"current_hp_per_floor":[75,75,75,64,64,64,64,63,63,59,53,15,14,0],"gold":196,"neow_bonus":"THREE_ENEMY_KILL","is_prod":false,"is_daily":false,"chose_seed":false,"campfire_upgraded":1,"win_rate":0.0,"timestamp":1536984670,"path_taken":["M","M","$","?","?","R","E","M","T","M","M","E","M","M"],"build_version":"2018-09-06","purchased_purges":0,"victory":false,"max_hp_per_floor":[75,75,75,75,75,75,75,75,75,75,75,75,75,75],"card_choices":[{"not_picked":["Steam","Hologram"],"picked":"Ball Lightning","floor":1},{"not_picked":["Leap","Turbo"],"picked":"Fusion","floor":2},{"not_picked":["Gash","Loop"],"picked":"Chaos","floor":7},{"not_picked":["Conserve Battery","Lockon"],"picked":"Storm","floor":8},{"not_picked":["FTL","Gash"],"picked":"Rainbow","floor":10},{"not_picked":["Hologram","Beam Cell"],"picked":"Rebound","floor":11},{"not_picked":["Gash","Heatsinks"],"picked":"Ball Lightning","floor":12},{"not_picked":["Go for the Eyes","Tempest"],"picked":"Turbo","floor":13}],"player_experience":103077,"relics_obtained":[{"floor":7,"key":"Kunai"},{"floor":9,"key":"Darkstone Periapt"},{"floor":12,"key":"Bottled Lightning"}],"event_choices":[{"event_name":"World of Goop","player_choice":"Gather Gold","floor":4,"damage_taken":0}],"is_beta":false,"boss_relics":[],"items_purged_floors":[],"is_endless":false,"potions_floor_spawned":[2,8,11],"killed_by":"Exordium Wildlife","ascension_level":0}