{"gold_per_floor":[116,127,137,137,137,137,176,176,200,215,249,264,282,295,295,295],"floor_reached":16,"playtime":571,"items_purged":[],"score":154,"play_id":"0cd564e9-4d82-40ca-8d36-31c25ea4d741","local_time":"20190523180358","is_ascension_mode":true,"campfire_choices":[{"data":"Corruption","floor":6,"key":"SMITH"},{"data":"Dark Embrace","floor":8,"key":"SMITH"},{"floor":15,"key":"REST"}],"neow_cost":"NONE","seed_source_timestamp":743317416692733,"circlet_count":0,"master_deck":["Strike_R","Strike_R","Strike_R","Strike_R","Strike_R","Defend_R+1","Defend_R","Defend_R+1","Defend_R","Bash","Wild Strike","Corruption+1","Dark Embrace+1","Injury","Regret","Whirlwind","Clothesline","Sentinel","Sword Boomerang","Infernal Blade","Shrug It Off"],"relics":["Burning Blood","War Paint","Golden Idol","Orichalcum","Dodecahedron","Potion Belt","Magic Flower"],"potions_floor_usage":[11,12,16,16],"damage_taken":[{"damage":6,"enemies":"Cultist","floor":1,"turns":3},{"damage":0,"enemies":"Small Slimes","floor":2,"turns":3},{"damage":0,"enemies":"2 Louse","floor":3,"turns":2},{"damage":27,"enemies":"Gremlin Nob","floor":7,"turns":5},{"damage":23,"enemies":"Exordium Thugs","floor":10,"turns":6},{"damage":22,"enemies":"3 Sentries","floor":11,"turns":6},{"damage":28,"enemies":"Gremlin Gang","floor":12,"turns":4},{"damage":9,"enemies":"Red Slaver","floor":13,"turns":3},{"damage":4,"enemies":"Exordium Wildlife","floor":14,"turns":3},{"damage":51,"enemies":"Hexaghost","floor":16,"turns":11}],"seed_played":"-2387973192341513215","potions_obtained":[{"floor":10,"key":"Explosive Potion"},{"floor":11,"key":"BloodPotion"},{"floor":12,"key":"FearPotion"},{"floor":13,"key":"Poison Potion"},{"floor":14,"key":"AttackPotion"}],"is_trial":false,"path_per_floor":["M","M","M","?","?","R","E","R","T","M","E","M","M","M","R","B"],"character_chosen":"IRONCLAD","items_purchased":[],"campfire_rested":1,"item_purchase_floors":[],"current_hp_per_floor":[72,78,80,80,80,80,59,59,59,42,26,19,19,24,48,0],"gold":295,"neow_bonus":"RANDOM_COMMON_RELIC","is_prod":false,"is_daily":false,"chose_seed":false,"campfire_upgraded":2,"win_rate":0,"timestamp":1558649038,"path_taken":["M","M","M","?","?","R","E","R","T","M","E","M","M","M","R","BOSS"],"build_version":"2019-01-23","purchased_purges":0,"victory":false,"max_hp_per_floor":[80,80,80,80,80,80,80,80,80,80,80,80,80,80,80,80],"card_choices":[{"not_picked":["Anger","Sever Soul"],"picked":"Wild Strike","floor":1},{"not_picked":["Clash","Infernal Blade"],"picked":"Corruption","floor":2},{"not_picked":["Intimidate","Whirlwind"],"picked":"Dark Embrace","floor":3},{"not_picked":["Barricade","Anger"],"picked":"Whirlwind","floor":7},{"not_picked":["Combust","Wild Strike"],"picked":"Clothesline","floor":10},{"not_picked":["Shrug It Off","Armaments"],"picked":"Sentinel","floor":11},{"not_picked":["Dual Wield","True Grit"],"picked":"Sword Boomerang","floor":12},{"not_picked":["Blood for Blood","Havoc"],"picked":"Infernal Blade","floor":13},{"not_picked":["Armaments","Ghostly Armor"],"picked":"Shrug It Off","floor":14}],"player_experience":657950,"relics_obtained":[{"floor":7,"key":"Dodecahedron"},{"floor":9,"key":"Potion Belt"},{"floor":11,"key":"Magic Flower"}],"event_choices":[{"damage_healed":0,"gold_gain":0,"player_choice":"Take Wound","damage_taken":0,"relics_obtained":["Golden Idol"],"max_hp_gain":0,"max_hp_loss":0,"event_name":"Golden Idol","floor":4,"gold_loss":0,"cards_obtained":["Injury"]},{"damage_healed":0,"gold_gain":0,"player_choice":"Box","damage_taken":0,"relics_obtained":["Orichalcum"],"max_hp_gain":0,"max_hp_loss":0,"event_name":"Big Fish","floor":5,"gold_loss":0,"cards_obtained":["Regret"]}],"is_beta":false,"boss_relics":[],"items_purged_floors":[],"is_endless":false,"potions_floor_spawned":[10,11,12,13,14],"killed_by":"Hexaghost","ascension_level":7}