{"gold_per_floor":[114,129,144,45,60,75,90,55,55,130,160,160,175,190,190,290,290,305,305,320,335,350,350,380,380,380,380,395,31,46,61,61,61],"floor_reached":33,"playtime":2397,"items_purged":[],"score":475,"play_id":"f863f91a-3b00-4f97-b64b-05ce08ae68c1","local_time":"20180917205044","daily_mods":["Brewmaster","Uncertain Future","Hoarder"],"is_ascension_mode":false,"campfire_choices":[{"floor":12,"key":"REST"},{"floor":15,"key":"REST"},{"floor":23,"key":"REST"},{"floor":27,"key":"REST"},{"floor":32,"key":"REST"}],"neow_cost":"","seed_source_timestamp":281579807263334,"circlet_count":0,"master_deck":["Defend_G","Defend_G","Defend_G","Defend_G","Defend_G","Strike_G","Strike_G","Strike_G","Strike_G","Strike_G","Survivor","Neutralize","Venomology","Venomology","Venomology","Venomology","Venomology","Venomology","Venomology","Venomology","Venomology","Venomology","Venomology","Venomology","Venomology","Venomology","Venomology","Leg Sweep","Leg Sweep","Leg Sweep","Dash","Dash","Dash","Endless Agony","Endless Agony","Endless Agony","Sucker Punch","Sucker Punch","Sucker Punch","Accuracy","Accuracy","Outmaneuver","Outmaneuver","Outmaneuver","Endless Agony","Endless Agony","Endless Agony","All Out Attack","All Out Attack","All Out Attack","Quick Slash","Quick Slash","Quick Slash","Blur","Blur","Blur","Backflip","Backflip","Backflip","Bullet Time","Bullet Time","Bullet Time","Leg Sweep","Leg Sweep","Leg Sweep","Flechettes","Flechettes","Flechettes","Backflip","Backflip","Backflip","Deadly Poison","Deadly Poison","Deadly Poison","Necronomicurse","Necronomicurse","Necronomicurse","Escape Plan","Escape Plan","Escape Plan","Infinite Blades","Infinite Blades","Infinite Blades","Sucker Punch","Sucker Punch","Sucker Punch","Deflect","Deflect","Deflect","Distraction+1","Distraction+1","Distraction+1"],"special_seed":17792,"relics":["Ring of the Snake","White Beast Statue","Snake Skull","Shuriken","Busted Crown","Anchor","Necronomicon","The Courier","Boot","ClockworkSouvenir"],"potions_floor_usage":[1,1,1,1,1,1,1,1,1,2,2,2,3,3,3,5,5,5,5,5,5,6,6,6,6,6,6,6,7,7,11,11,11,11,11,13,14,14,14,14,14,14,16,16,16,16,16,16,16,16,16,16,16,16,18,18,18,18,18,18,18,20,20,20,21,21,21,21,21,21,21,21,22,22,22,22,22,22,22,22,22,24,24,24,24,24,24,24,24,28,28,28,30,30,30,31,31,31,31,31,31,31,31,33,33,33,33,33,33,33,33,33,33,33,33,33,33,33,33],"damage_taken":[{"damage":16,"enemies":"Cultist","floor":1,"turns":6},{"damage":7,"enemies":"Small Slimes","floor":2,"turns":2},{"damage":6,"enemies":"Jaw Worm","floor":3,"turns":3},{"damage":6,"enemies":"Exordium Wildlife","floor":5,"turns":6},{"damage":6,"enemies":"Large Slime","floor":6,"turns":6},{"damage":9,"enemies":"Blue Slaver","floor":7,"turns":4},{"damage":35,"enemies":"Gremlin Nob","floor":11,"turns":4},{"damage":0,"enemies":"3 Louse","floor":13,"turns":1},{"damage":1,"enemies":"Large Slime","floor":14,"turns":5},{"damage":35,"enemies":"The Guardian","floor":16,"turns":12},{"damage":4,"enemies":"Shell Parasite","floor":18,"turns":5},{"damage":5,"enemies":"3 Byrds","floor":20,"turns":4},{"damage":0,"enemies":"Snake Plant","floor":21,"turns":4},{"damage":10,"enemies":"Chosen and Byrds","floor":22,"turns":5},{"damage":0,"enemies":"Book of Stabbing","floor":24,"turns":5},{"damage":0,"enemies":"Cultist and Chosen","floor":28,"turns":4},{"damage":15,"enemies":"Centurion and Healer","floor":30,"turns":6},{"damage":8,"enemies":"3 Cultists","floor":31,"turns":5},{"damage":121,"enemies":"Collector","floor":33,"turns":13}],"seed_played":"-276946993801479710","potions_obtained":[{"floor":2,"key":"AttackPotion"},{"floor":3,"key":"Regen Potion"},{"floor":13,"key":"SteroidPotion"},{"floor":21,"key":"LiquidBronze"},{"floor":28,"key":"Block Potion"}],"is_trial":false,"path_per_floor":["M","M","M","$","M","M","M","?","T","?","E","R","M","M","R","B",null,"M","?","M","M","M","R","E","?","T","R","M","$","M","M","R"],"character_chosen":"THE_SILENT","items_purchased":["Sucker Punch","Accuracy","Boot","Infinite Blades","ClockworkSouvenir","Sucker Punch"],"campfire_rested":5,"item_purchase_floors":[4,4,29,29,29,29],"current_hp_per_floor":[59,52,46,46,55,49,40,57,57,46,11,32,32,31,52,17,70,66,66,61,61,51,70,70,54,54,70,70,70,55,47,68,0],"gold":61,"neow_bonus":"","is_prod":false,"is_daily":true,"chose_seed":false,"campfire_upgraded":0,"win_rate":0,"timestamp":1537231844,"path_taken":["M","M","?","$","M","M","M","?","T","?","E","R","M","M","R","BOSS","M","?","M","?","M","R","E","?","T","R","M","$","M","M","R","BOSS"],"build_version":"2018-09-06","purchased_purges":0,"victory":false,"max_hp_per_floor":[70,70,70,70,70,70,70,70,70,70,70,70,70,70,70,70,70,70,70,70,70,70,70,70,70,70,70,70,70,70,70,70,70],"card_choices":[{"not_picked":["Calculated Gamble","Dodge and Roll"],"picked":"Leg Sweep","floor":1},{"not_picked":["Predator","Reflex"],"picked":"Dash","floor":2},{"not_picked":["Cloak And Dagger","Backflip"],"picked":"Endless Agony","floor":3},{"not_picked":["Choke","Venomology"],"picked":"Outmaneuver","floor":5},{"not_picked":["Dodge and Roll","Acrobatics"],"picked":"Endless Agony","floor":6},{"not_picked":["Deadly Poison","Acrobatics"],"picked":"All Out Attack","floor":7},{"not_picked":["Envenom","Setup"],"picked":"Quick Slash","floor":11},{"not_picked":["Flechettes","Deflect"],"picked":"Blur","floor":13},{"not_picked":["Catalyst","Footwork"],"picked":"Backflip","floor":14},{"not_picked":["Grand Finale","Envenom"],"picked":"Bullet Time","floor":16},{"not_picked":[],"picked":"Leg Sweep","floor":18},{"not_picked":[],"picked":"Flechettes","floor":20},{"not_picked":[],"picked":"Backflip","floor":21},{"not_picked":[],"picked":"Deadly Poison","floor":22},{"not_picked":["Acrobatics"],"picked":"SKIP","floor":24},{"not_picked":[],"picked":"Escape Plan","floor":28},{"not_picked":[],"picked":"Deflect","floor":30},{"not_picked":[],"picked":"Distraction+1","floor":31}],"player_experience":132424,"relics_obtained":[{"floor":9,"key":"Snake Skull"},{"floor":11,"key":"Shuriken"},{"floor":24,"key":"Anchor"},{"floor":25,"key":"Necronomicon"},{"floor":26,"key":"The Courier"}],"event_choices":[{"event_name":"The Cleric","player_choice":"Healed","floor":8,"damage_taken":0},{"event_name":"World of Goop","player_choice":"Gather Gold","floor":10,"damage_taken":0},{"event_name":"Purifier","player_choice":"One Purge","floor":19,"damage_taken":0},{"event_name":"Cursed Tome","player_choice":"Obtained Book","floor":25,"damage_taken":0}],"is_beta":false,"boss_relics":[{"not_picked":["Ectoplasm","HoveringKite"],"picked":"Busted Crown"}],"items_purged_floors":[],"is_endless":false,"potions_floor_spawned":[1,2,3,5,6,7,11,13,14,16,18,20,21,22,24,28,30,31],"killed_by":"Collector","ascension_level":0}