{"gold_per_floor":[113,132,132,57,57,57,69,69,69,69,81,93,126,139,139,239,239,257,257,57,57,57,84,84,104,127,127,157,157,72,72],"floor_reached":31,"playtime":1121,"items_purged":["Normality"],"score":610,"play_id":"23dfad82-855d-4534-854a-e3d8efa4a8df","local_time":"20190614125130","is_ascension_mode":true,"campfire_choices":[{"data":"Hemokinesis","floor":6,"key":"SMITH"},{"data":"Bash","floor":8,"key":"SMITH"},{"data":"Jack Of All Trades","floor":10,"key":"SMITH"},{"data":"Offering","floor":15,"key":"SMITH"},{"floor":24,"key":"REST"},{"floor":29,"key":"REST"}],"neow_cost":"CURSE","seed_source_timestamp":205915836607188,"circlet_count":0,"master_deck":["Strike_R+1","Strike_R","Defend_R","Defend_R","Defend_R","Defend_R","Bash+1","Cleave+1","Hemokinesis+1","Jack Of All Trades+1","Clumsy","Anger","Dropkick","Offering+1","Disarm","Corruption","Immolate","Anger+1","Cleave+1","Blood for Blood+1","Shrug It Off+1","RitualDagger","Cleave+1","Intimidate","Sentinel"],"special_seed":0,"relics":["Burning Blood","Bird Faced Urn","Letter Opener","Bottled Flame","Orichalcum","Astrolabe","Nilry\u0027s Codex","Brimstone","Gremlin Horn","Whetstone","Incense Burner","Unceasing Top"],"potions_floor_usage":[16,16,25],"damage_taken":[{"damage":1,"enemies":"Cultist","floor":1,"turns":4},{"damage":4,"enemies":"Jaw Worm","floor":2,"turns":4},{"damage":5,"enemies":"2 Louse","floor":7,"turns":2},{"damage":1,"enemies":"2 Fungi Beasts","floor":11,"turns":3},{"damage":7,"enemies":"Large Slime","floor":12,"turns":4},{"damage":11,"enemies":"3 Sentries","floor":13,"turns":4},{"damage":7,"enemies":"Looter","floor":14,"turns":2},{"damage":8,"enemies":"Slime Boss","floor":16,"turns":3},{"damage":6,"enemies":"3 Byrds","floor":18,"turns":4},{"damage":27,"enemies":"Gremlin Leader","floor":23,"turns":4},{"damage":8,"enemies":"Spheric Guardian","floor":25,"turns":3},{"damage":30,"enemies":"Book of Stabbing","floor":28,"turns":3},{"damage":76,"enemies":"Gremlin Leader","floor":31,"turns":3}],"seed_played":"-7732940370935947813","potions_obtained":[{"floor":2,"key":"AttackPotion"},{"floor":11,"key":"FairyPotion"},{"floor":12,"key":"SpeedPotion"},{"floor":13,"key":"Fire Potion"},{"floor":16,"key":"Ancient Potion"},{"floor":18,"key":"Swift Potion"},{"floor":25,"key":"GamblersBrew"}],"is_trial":false,"path_per_floor":["M","M","?","$","?","R","M","R","T","R","M","M","E","M","R","B",null,"M","?","$","?","$","E","R","M","T","?","E","R","?","E"],"character_chosen":"IRONCLAD","items_purchased":["Brimstone"],"campfire_rested":2,"item_purchase_floors":[20],"current_hp_per_floor":[77,79,67,67,67,67,68,68,68,68,73,72,67,66,66,66,77,79,63,63,57,57,38,62,62,62,62,40,64,64,0],"gold":72,"neow_bonus":"ONE_RARE_RELIC","is_prod":false,"is_daily":false,"chose_seed":false,"campfire_upgraded":4,"win_rate":0,"timestamp":1560531090,"path_taken":["M","M","?","$","?","R","M","R","T","R","M","M","E","M","R","BOSS","M","?","$","?","?","E","R","M","T","?","E","R","?","E"],"build_version":"2019-01-23","purchased_purges":1,"victory":false,"max_hp_per_floor":[80,80,80,80,80,80,80,80,80,80,80,80,80,80,80,80,80,80,80,80,80,80,80,80,80,80,80,80,80,80,80],"card_choices":[{"not_picked":["Perfected Strike","Heavy Blade"],"picked":"Cleave","floor":1},{"not_picked":["Flex","Clothesline"],"picked":"Hemokinesis","floor":2},{"not_picked":["Reckless Charge","Blood for Blood"],"picked":"Anger","floor":7},{"not_picked":["Anger","Headbutt"],"picked":"Dropkick","floor":11},{"not_picked":["Pommel Strike","Intimidate"],"picked":"Offering","floor":12},{"not_picked":["Rage","Twin Strike"],"picked":"Disarm","floor":13},{"not_picked":["Warcry","Sever Soul"],"picked":"Corruption","floor":14},{"not_picked":["Offering","Juggernaut"],"picked":"Immolate","floor":16},{"not_picked":["Combust","Thunderclap"],"picked":"Shrug It Off+1","floor":18},{"not_picked":["Berserk","Wild Strike"],"picked":"Cleave+1","floor":23},{"not_picked":["Headbutt+1","Sword Boomerang"],"picked":"Intimidate","floor":25},{"not_picked":["Flex","Blood for Blood","Rage"],"picked":"SKIP","floor":28}],"player_experience":811252,"relics_obtained":[{"floor":9,"key":"Bottled Flame"},{"floor":13,"key":"Orichalcum"},{"floor":19,"key":"Nilry\u0027s Codex"},{"floor":23,"key":"Gremlin Horn"},{"floor":26,"key":"Whetstone"},{"floor":28,"key":"Incense Burner"}],"event_choices":[{"damage_healed":0,"gold_gain":0,"player_choice":"Success","damage_taken":12,"relics_obtained":["Letter Opener"],"max_hp_gain":0,"max_hp_loss":0,"event_name":"Scrap Ooze","floor":3,"gold_loss":0},{"damage_healed":0,"gold_gain":0,"player_choice":"2 cards matched","damage_taken":0,"max_hp_gain":0,"max_hp_loss":0,"event_name":"Match and Keep!","floor":5,"gold_loss":0,"cards_obtained":["Jack Of All Trades","Clumsy"]},{"damage_healed":0,"gold_gain":0,"player_choice":"Obtained Book","damage_taken":16,"max_hp_gain":0,"max_hp_loss":0,"event_name":"Cursed Tome","floor":19,"gold_loss":0},{"damage_healed":0,"gold_gain":0,"player_choice":"Joined the Cult","damage_taken":6,"max_hp_gain":0,"max_hp_loss":0,"event_name":"Nest","floor":21,"gold_loss":0,"cards_obtained":["RitualDagger"]},{"damage_healed":0,"gold_gain":0,"player_choice":"Read","damage_taken":0,"max_hp_gain":0,"max_hp_loss":0,"event_name":"The Library","floor":27,"gold_loss":0,"cards_obtained":["Sentinel"]},{"damage_healed":0,"gold_gain":0,"player_choice":"Obtained Relic","damage_taken":0,"relics_obtained":["Unceasing Top"],"max_hp_gain":0,"max_hp_loss":0,"event_name":"Addict","floor":30,"gold_loss":85}],"is_beta":false,"boss_relics":[{"not_picked":["Calling Bell","Velvet Choker"],"picked":"Astrolabe"}],"items_purged_floors":[4],"is_endless":false,"potions_floor_spawned":[2,11,12,13,16,18,25,28],"killed_by":"Gremlin Leader","ascension_level":9}