{"path_per_floor":["M","M","?","$","M","R","M","?","T","R","E","M","E","$","R","B",null,"M","$","?","?","?","E","M","R","T","M","R","M","R","M","R","B",null,"M","?","$","M","M","R","E","R","T","M","M","M","M","?","R"],"character_chosen":"IRONCLAD","items_purchased":["Toxic Egg 2","Meat on the Bone","Bottled Flame"],"gold_per_floor":[109,122,297,38,53,53,68,127,127,127,162,174,209,209,209,309,309,319,59,59,59,59,87,99,99,99,116,116,127,127,138,138,234,234,245,245,6,22,36,36,66,66,66,86,100,116,130,130,130],"floor_reached":50,"campfire_rested":5,"playtime":2519,"current_hp_per_floor":[80,80,80,80,80,80,80,68,68,68,69,50,73,73,73,24,92,92,92,92,92,76,35,34,62,62,56,96,89,89,84,84,52,96,95,95,95,57,41,86,63,100,100,96,89,71,59,59,104],"items_purged":[],"gold":130,"score":504,"play_id":"718ece43-0c5e-42c3-9871-de51e843e6f6","is_prod":false,"is_daily":false,"is_ascension_mode":false,"campfire_upgraded":5,"path_taken":["M","M","?","$","?","R","M","?","T","R","E","M","E","?","R","BOSS","M","$","?","?","?","E","M","R","T","M","R","M","R","M","R","BOSS","M","?","$","M","?","R","E","R","T","M","M","M","M","?","R","BOSS"],"build_version":"2018-02-12-PROD1","purchased_purges":0,"victory":false,"master_deck":["Strike_R","Strike_R+1","Strike_R","Strike_R","Strike_R","Defend_R","Defend_R","Defend_R","Defend_R","Bash","Metallicize+1","Iron Wave","Iron Wave","Clothesline+1","Feed+1","Double Tap+1","Shrug It Off+1","Cleave+1","Demon Form","Headbutt+1","Cleave","Infernal Blade+1","Searing Blow","Perfected Strike+1","Searing Blow","Reaper+1","Wild Strike+1","Normality","Heavy Blade+1","Rampage+1","Feel No Pain+1","Body Slam+1","Perfected Strike+1","Armaments+1","Warcry+1","Decay"],"max_hp_per_floor":[80,80,80,80,80,80,80,80,80,80,80,84,88,88,88,92,92,92,92,92,92,92,96,96,96,96,96,96,96,96,96,96,96,96,96,96,96,100,100,100,100,100,100,100,100,104,104,104,104],"relics":["Burning Blood","Omamori","Toxic Egg 2","Bag of Marbles","Sundial","Bag of Preparation","Dodecahedron","Lizard Tail","Meat on the Bone","Necronomicon","Frozen Eye","Regal Pillow","Mark of Pain","Bronze Scales","Bottled Flame","Whetstone","Centennial Puzzle"],"card_choices":[{"not_picked":["Perfected Strike","Wild Strike"],"picked":"Metallicize"},{"not_picked":["Shockwave","Wild Strike"],"picked":"Iron Wave"},{"not_picked":["Pommel Strike","Intimidate"],"picked":"Iron Wave"},{"not_picked":["True Grit","Fire Breathing"],"picked":"Clothesline"},{"not_picked":["Flex","True Grit"],"picked":"Feed"},{"not_picked":["Body Slam","Evolve"],"picked":"Double Tap"},{"not_picked":["Searing Blow","Heavy Blade"],"picked":"Shrug It Off"},{"not_picked":["Impervious","Pommel Strike"],"picked":"Cleave"},{"not_picked":["Dark Embrace","Immolate"],"picked":"Demon Form"},{"not_picked":["Twin Strike","Flex"],"picked":"Headbutt"},{"not_picked":["Thunderclap","Uppercut"],"picked":"Cleave"},{"not_picked":["Clothesline","Anger"],"picked":"Infernal Blade"},{"not_picked":["Anger","Clash"],"picked":"Searing Blow"},{"not_picked":["Searing Blow","Headbutt"],"picked":"Perfected Strike"},{"not_picked":["Warcry","Sword Boomerang"],"picked":"Searing Blow"},{"not_picked":["Immolate","Berserk"],"picked":"Reaper"},{"not_picked":["Warcry","Shrug It Off"],"picked":"Wild Strike"},{"not_picked":["Twin Strike","Wild Strike"],"picked":"Heavy Blade"},{"not_picked":["Heavy Blade","Spot Weakness"],"picked":"Rampage"},{"not_picked":["Sever Soul","Flex"],"picked":"Feel No Pain"},{"not_picked":["Clothesline","Juggernaut"],"picked":"Body Slam"},{"not_picked":["Flame Barrier","Power Through"],"picked":"Perfected Strike"},{"not_picked":["Warcry","Clash"],"picked":"Armaments"},{"not_picked":["Body Slam","Sword Boomerang"],"picked":"Warcry"}],"player_experience":65525,"potions_floor_usage":[7,11,13,16,23,27,33,45,45,50,50],"damage_taken":[{"damage":4,"enemies":"Cultist","floor":1,"turns":4},{"damage":0,"enemies":"Small Slimes","floor":2,"turns":4},{"damage":0,"enemies":"Blue Slaver","floor":5,"turns":7},{"damage":0,"enemies":"Exordium Wildlife","floor":7,"turns":5},{"damage":18,"enemies":"Gremlin Nob","floor":8,"turns":5},{"damage":5,"enemies":"Gremlin Nob","floor":11,"turns":5},{"damage":29,"enemies":"Exordium Thugs","floor":12,"turns":9},{"damage":2,"enemies":"3 Sentries","floor":13,"turns":9},{"damage":59,"enemies":"The Guardian","floor":16,"turns":21},{"damage":5,"enemies":"Chosen","floor":18,"turns":7},{"damage":63,"enemies":"Slavers","floor":23,"turns":8},{"damage":19,"enemies":"Shell Parasite","floor":24,"turns":7},{"damage":24,"enemies":"Snake Plant","floor":27,"turns":7},{"damage":13,"enemies":"Snecko","floor":29,"turns":5},{"damage":21,"enemies":"Centurion and Healer","floor":31,"turns":7},{"damage":99,"enemies":"Champ","floor":33,"turns":12},{"damage":7,"enemies":"Orb Walker","floor":35,"turns":2},{"damage":52,"enemies":"3 Shapes","floor":38,"turns":4},{"damage":46,"enemies":"Maw","floor":39,"turns":8},{"damage":43,"enemies":"2 Orb Walkers","floor":41,"turns":5},{"damage":10,"enemies":"4 Shapes","floor":44,"turns":4},{"damage":17,"enemies":"Sphere and 2 Shapes","floor":45,"turns":4},{"damage":39,"enemies":"Maw","floor":46,"turns":7},{"damage":63,"enemies":"4 Shapes","floor":47,"turns":3},{"damage":136,"enemies":"Time Eater","floor":50,"turns":11}],"event_choices":[{"event_name":"Liars Game","player_choice":"agreed","floor":3,"damage_taken":0},{"event_name":"Dead Adventurer","player_choice":"Searched \u00272\u0027 times","floor":8,"damage_taken":0},{"event_name":"Vampires","player_choice":"Ignored","floor":20,"damage_taken":0},{"event_name":"Beggar","player_choice":"Ignored","floor":21,"damage_taken":0},{"event_name":"Cursed Tome","player_choice":"Obtained Book","floor":22,"damage_taken":0},{"event_name":"Accursed Blacksmith","player_choice":"Rummage","floor":36,"damage_taken":0},{"event_name":"Wheel of Change","player_choice":"Curse","floor":48,"damage_taken":0}],"boss_relics":[{"not_picked":["Cursed Key","Pandora\u0027s Box"],"picked":"Lizard Tail"},{"not_picked":["Philosopher\u0027s Stone","Runic Pyramid"],"picked":"Mark of Pain"}],"potions_floor_spawned":[5,8,12,13,16,24,31,41,44,46,47],"seed_played":"3504792044364295773","killed_by":"Time Eater","ascension_level":0,"is_trial":false}