{"gold_per_floor":[113,113,136,155,178,353,16,16,16,29,62,62,102,122,122,251,251,244,263,339,72,97,97,97,21,100,120,120],"floor_reached":28,"playtime":1137,"items_purged":[],"score":230,"play_id":"a93aca4d-9bc8-4c3b-9d39-783c938d362d","local_time":"20180914225954","is_ascension_mode":false,"campfire_choices":[{"data":"Static Discharge","floor":8,"key":"SMITH"},{"floor":12,"key":"REST"},{"floor":15,"key":"REST"},{"floor":23,"key":"REST"}],"neow_cost":"","seed_source_timestamp":32485878185520,"circlet_count":0,"master_deck":["Strike_B","Strike_B","Strike_B","Strike_B","Defend_B","Defend_B","Defend_B","Defend_B","Zap","Dualcast","Cold Snap","Injury","Chaos","Static Discharge+1","Leap","Doubt","Go for the Eyes","Steam","Rainbow","Streamline","Coolheaded","Creative AI","Beam Cell+1","Storm+1","Stack","Hello World","Go for the Eyes","Conserve Battery+1"],"relics":["Cracked Core","Golden Idol","Du-Vu Doll","Sundial","Bottled Lightning","Omamori","Inserter","Kunai","Bottled Flame","Toxic Egg 2","The Courier"],"potions_floor_usage":[19,27],"damage_taken":[{"damage":7,"enemies":"Small Slimes","floor":1,"turns":4},{"damage":0,"enemies":"Jaw Worm","floor":3,"turns":4},{"damage":10,"enemies":"2 Louse","floor":4,"turns":3},{"damage":6,"enemies":"Red Slaver","floor":5,"turns":4},{"damage":11,"enemies":"2 Fungi Beasts","floor":10,"turns":4},{"damage":25,"enemies":"Lagavulin","floor":11,"turns":6},{"damage":11,"enemies":"3 Sentries","floor":13,"turns":7},{"damage":8,"enemies":"Exordium Wildlife","floor":14,"turns":3},{"damage":13,"enemies":"Hexaghost","floor":16,"turns":11},{"damage":34,"enemies":"2 Thieves","floor":18,"turns":4},{"damage":5,"enemies":"3 Byrds","floor":19,"turns":2},{"damage":22,"enemies":"Centurion and Healer","floor":22,"turns":11},{"damage":16,"enemies":"Snake Plant","floor":27,"turns":4},{"damage":27,"enemies":"Slavers","floor":28,"turns":1}],"seed_played":"-4651688503938700458","potions_obtained":[{"floor":3,"key":"SmokeBomb"},{"floor":5,"key":"SteroidPotion"},{"floor":18,"key":"PowerPotion"}],"is_trial":false,"path_per_floor":["M","?","M","M","M","?","$","R","T","M","E","R","E","M","R","B",null,"M","M","T","$","M","R","?","$","T","M"],"character_chosen":"DEFECT","items_purchased":["Go for the Eyes","Du-Vu Doll","Stack","Bottled Flame","Go for the Eyes","SkillPotion"],"campfire_rested":3,"item_purchase_floors":[7,7,21,21,25,25],"current_hp_per_floor":[68,68,68,58,52,52,52,52,52,41,16,38,27,19,41,28,75,41,36,36,36,14,36,36,36,36,20,0],"gold":120,"neow_bonus":"","is_prod":false,"is_daily":false,"chose_seed":false,"campfire_upgraded":1,"win_rate":0.0,"timestamp":1536980394,"path_taken":["M","?","M","M","?","?","$","R","T","M","E","R","E","M","R","BOSS","M","M","?","?","M","R","?","?","T","M","E"],"build_version":"2018-09-06","purchased_purges":0,"victory":false,"max_hp_per_floor":[75,75,75,75,75,75,75,75,75,75,75,75,75,75,75,75,75,75,75,75,75,75,75,75,75,75,75,75],"card_choices":[{"not_picked":["Go for the Eyes","Compile Driver"],"picked":"Cold Snap","floor":1},{"not_picked":["Redo","Gash"],"picked":"Chaos","floor":3},{"not_picked":["Cold Snap","Coolheaded"],"picked":"Static Discharge","floor":4},{"not_picked":["Scrape","Consume"],"picked":"Leap","floor":5},{"not_picked":["Beam Cell","Stack"],"picked":"Steam","floor":10},{"not_picked":["Streamline","Rip and Tear"],"picked":"Rainbow","floor":11},{"not_picked":["Heatsinks","Gash"],"picked":"Streamline","floor":13},{"not_picked":["Compile Driver","Barrage"],"picked":"Coolheaded","floor":14},{"not_picked":["All For One","Multi-Cast"],"picked":"Creative AI","floor":16},{"not_picked":["Gash","Conserve Battery"],"picked":"Beam Cell+1","floor":18},{"not_picked":["Rebound+1","Heatsinks"],"picked":"Storm+1","floor":19},{"not_picked":["Leap","Cold Snap"],"picked":"Hello World","floor":22},{"not_picked":["Chill+1","Blizzard+1"],"picked":"Conserve Battery+1","floor":27}],"player_experience":98151,"relics_obtained":[{"floor":9,"key":"Sundial"},{"floor":11,"key":"Bottled Lightning"},{"floor":13,"key":"Omamori"},{"floor":20,"key":"Kunai"},{"floor":26,"key":"The Courier"}],"event_choices":[{"event_name":"Golden Idol","player_choice":"Take Wound","floor":2,"damage_taken":0},{"event_name":"Liars Game","player_choice":"agreed","floor":6,"damage_taken":0},{"event_name":"The Mausoleum","player_choice":"Yes","floor":24,"damage_taken":0}],"is_beta":false,"boss_relics":[{"not_picked":["White Beast Statue","Coffee Dripper"],"picked":"Inserter"}],"items_purged_floors":[],"is_endless":false,"potions_floor_spawned":[3,5,18],"killed_by":"Slavers","ascension_level":0}