{"gold_per_floor":[119,119,119,137,150,150,168,198,225,225],"floor_reached":10,"playtime":301,"items_purged":[],"score":129,"play_id":"bd738b71-bc83-44f4-bf33-160964e609dc","local_time":"20190613142935","is_ascension_mode":true,"campfire_choices":[{"floor":6,"key":"REST"}],"neow_cost":"NONE","seed_source_timestamp":126233053134031,"circlet_count":0,"master_deck":["AscendersBane","Defend_G","Defend_G","Defend_G","Defend_G","Defend_G","Strike_G","Strike_G","Strike_G","Strike_G","Strike_G","Survivor","Neutralize+1","Poisoned Stab","Dagger Spray","Deadly Poison"],"relics":["Ring of the Snake","Bag of Preparation","Potion Belt","Dream Catcher"],"potions_floor_usage":[8,10],"damage_taken":[{"damage":0,"enemies":"2 Louse","floor":1,"turns":4},{"damage":1,"enemies":"Small Slimes","floor":4,"turns":3},{"damage":0,"enemies":"Jaw Worm","floor":5,"turns":3},{"damage":20,"enemies":"Large Slime","floor":7,"turns":8},{"damage":22,"enemies":"3 Sentries","floor":8,"turns":5},{"damage":12,"enemies":"Lagavulin","floor":10,"turns":3}],"seed_played":"-3701673661315595580","potions_obtained":[{"floor":5,"key":"Strength Potion"},{"floor":7,"key":"Energy Potion"}],"is_trial":false,"path_per_floor":["M","?","?","M","M","R","M","E","T","E"],"character_chosen":"THE_SILENT","items_purchased":[],"campfire_rested":1,"item_purchase_floors":[],"current_hp_per_floor":[65,65,30,29,29,50,30,8,8,0],"gold":225,"neow_bonus":"TEN_PERCENT_HP_BONUS","is_prod":false,"is_daily":false,"chose_seed":false,"campfire_upgraded":0,"win_rate":0,"timestamp":1560450575,"path_taken":["M","?","?","M","M","R","M","E","T","E"],"build_version":"2019-01-23","purchased_purges":0,"victory":false,"max_hp_per_floor":[72,72,72,72,72,72,72,72,72,72],"card_choices":[{"not_picked":["Flying Knee","Setup","Heel Hook"],"picked":"SKIP","floor":1},{"not_picked":["Blade Dance","Backstab"],"picked":"Poisoned Stab","floor":4},{"not_picked":["Acrobatics","Underhanded Strike","Bane"],"picked":"SKIP","floor":5},{"not_picked":["Dagger Throw","Catalyst"],"picked":"Dagger Spray","floor":7},{"not_picked":["Cloak And Dagger","Terror"],"picked":"Deadly Poison","floor":8}],"player_experience":810951,"relics_obtained":[{"floor":8,"key":"Potion Belt"},{"floor":9,"key":"Dream Catcher"}],"event_choices":[{"damage_healed":0,"gold_gain":0,"player_choice":"Grow","damage_taken":0,"max_hp_gain":0,"max_hp_loss":0,"event_name":"Living Wall","floor":2,"gold_loss":0,"cards_upgraded":["Neutralize"]},{"damage_healed":0,"gold_gain":0,"player_choice":"Success","damage_taken":35,"relics_obtained":["Bag of Preparation"],"max_hp_gain":0,"max_hp_loss":0,"event_name":"Scrap Ooze","floor":3,"gold_loss":0}],"is_beta":false,"boss_relics":[],"items_purged_floors":[],"is_endless":false,"potions_floor_spawned":[5,7],"killed_by":"Lagavulin","ascension_level":18}