{"gold_per_floor":[111,111,134,149,168,168,209,209,232,232,256,294,324,324,324,448,448,448,373,373,373,373,373,373,373,373,373,108,108,108,108,108,108],"floor_reached":33,"playtime":3697,"items_purged":["Dropkick"],"score":341,"play_id":"ddb0a344-b947-48f3-851c-dcb5c31601ad","local_time":"20190617001426","is_ascension_mode":false,"campfire_choices":[{"data":"Whirlwind","floor":6,"key":"SMITH"},{"floor":8,"key":"REST"},{"floor":15,"key":"REST"},{"data":"Shockwave","floor":25,"key":"SMITH"},{"data":"Whirlwind","floor":27,"key":"SMITH"},{"data":"Carnage","floor":32,"key":"SMITH"}],"neow_cost":"NONE","seed_source_timestamp":39951619637900,"circlet_count":0,"master_deck":["Strike_R","Strike_R","Strike_R","Strike_R","Strike_R","Defend_R","Defend_R","Defend_R","Defend_R","Bash","Power Through","Whirlwind+1","Cleave","Iron Wave","Regret","Impervious","Whirlwind+1","Shockwave+1","Body Slam+1","Sever Soul","Warcry","Carnage+1","Shrug It Off","Seeing Red+1"],"relics":["Burning Blood","Golden Idol","Orichalcum","Potion Belt","Oddly Smooth Stone","Blue Candle","Ectoplasm","Regal Pillow","Gremlin Horn","Juzu Bracelet","Vajra","Bottled Lightning","Nloth\u0027s Gift"],"potions_floor_usage":[7,16,16,33,33,33],"damage_taken":[{"damage":4,"enemies":"Jaw Worm","floor":1,"turns":6},{"damage":1,"enemies":"Cultist","floor":3,"turns":4},{"damage":0,"enemies":"2 Louse","floor":4,"turns":3},{"damage":5,"enemies":"Looter","floor":5,"turns":4},{"damage":61,"enemies":"Gremlin Nob","floor":7,"turns":7},{"damage":21,"enemies":"Large Slime","floor":11,"turns":7},{"damage":24,"enemies":"3 Sentries","floor":12,"turns":7},{"damage":46,"enemies":"Slime Boss","floor":16,"turns":11},{"damage":7,"enemies":"Shell Parasite","floor":18,"turns":9},{"damage":0,"enemies":"3 Byrds","floor":22,"turns":3},{"damage":1,"enemies":"Gremlin Leader","floor":23,"turns":6},{"damage":15,"enemies":"Snecko","floor":24,"turns":5},{"damage":1,"enemies":"Slavers","floor":29,"turns":5},{"damage":98,"enemies":"Champ","floor":33,"turns":13}],"seed_played":"5516980689559999854","potions_obtained":[{"floor":3,"key":"Block Potion"},{"floor":7,"key":"Poison Potion"},{"floor":11,"key":"Weak Potion"},{"floor":16,"key":"EssenceOfSteel"},{"floor":22,"key":"SpeedPotion"},{"floor":24,"key":"Fire Potion"}],"is_trial":false,"path_per_floor":["M","?","M","M","M","R","E","R","T","?","M","E","?","?","R","B",null,"M","$","?","?","M","E","M","R","T","R","$","E","?","?","R","B"],"character_chosen":"IRONCLAD","items_purchased":["Vajra","Carnage","Shrug It Off"],"campfire_rested":2,"item_purchase_floors":[28,28,28],"current_hp_per_floor":[88,88,88,88,88,88,33,59,59,59,44,26,26,26,52,12,88,87,87,87,87,88,88,79,79,79,79,79,84,84,84,84,0],"gold":108,"neow_bonus":"TEN_PERCENT_HP_BONUS","is_prod":false,"is_daily":false,"chose_seed":false,"campfire_upgraded":4,"win_rate":0.0,"timestamp":1560694466,"path_taken":["M","?","M","M","M","R","E","R","T","?","?","E","?","?","R","BOSS","M","$","?","?","M","E","M","R","T","R","$","E","?","?","R","BOSS"],"build_version":"2019-01-23","purchased_purges":1,"victory":false,"max_hp_per_floor":[88,88,88,88,88,88,88,88,88,88,88,88,88,88,88,88,88,88,88,88,88,88,88,88,88,88,88,88,88,88,88,88,88],"card_choices":[{"not_picked":["Shrug It Off","Cleave"],"picked":"Power Through","floor":1},{"not_picked":["Anger","Seeing Red","Feel No Pain"],"picked":"SKIP","floor":3},{"not_picked":["Pummel","Inflame"],"picked":"Whirlwind","floor":4},{"not_picked":["Wild Strike","Ghostly Armor"],"picked":"Blood for Blood","floor":5},{"not_picked":["Power Through","Body Slam"],"picked":"Cleave","floor":7},{"not_picked":["Perfected Strike","Shrug It Off"],"picked":"Iron Wave","floor":11},{"not_picked":["Hemokinesis","Ghostly Armor"],"picked":"Dropkick","floor":12},{"not_picked":["Feed","Reaper"],"picked":"Impervious","floor":16},{"not_picked":["Twin Strike+1","Uppercut"],"picked":"Whirlwind","floor":18},{"not_picked":["Power Through","Evolve"],"picked":"Body Slam+1","floor":22},{"not_picked":["Combust+1","Clash"],"picked":"Sever Soul","floor":23},{"not_picked":["Heavy Blade","Anger"],"picked":"Warcry","floor":24},{"not_picked":["Warcry","Intimidate"],"picked":"Seeing Red+1","floor":29}],"player_experience":54348,"relics_obtained":[{"floor":7,"key":"Orichalcum"},{"floor":9,"key":"Potion Belt"},{"floor":12,"key":"Oddly Smooth Stone"},{"floor":23,"key":"Gremlin Horn"},{"floor":26,"key":"Juzu Bracelet"},{"floor":29,"key":"Bottled Lightning"}],"event_choices":[{"damage_healed":0,"gold_gain":0,"player_choice":"Take Wound","damage_taken":0,"relics_obtained":["Golden Idol"],"max_hp_gain":0,"max_hp_loss":0,"event_name":"Golden Idol","floor":2,"gold_loss":0,"cards_obtained":["Injury"]},{"cards_removed":["Injury"],"damage_healed":0,"gold_gain":0,"player_choice":"Purged","damage_taken":0,"max_hp_gain":0,"max_hp_loss":0,"event_name":"Purifier","floor":10,"gold_loss":0},{"damage_healed":0,"gold_gain":30,"player_choice":"Searched \u00272\u0027 times","damage_taken":0,"max_hp_gain":0,"max_hp_loss":0,"event_name":"Dead Adventurer","floor":13,"gold_loss":0},{"damage_healed":0,"gold_gain":30,"player_choice":"Searched \u00272\u0027 times","damage_taken":0,"max_hp_gain":0,"max_hp_loss":0,"event_name":"Dead Adventurer","floor":13,"gold_loss":0},{"damage_healed":0,"gold_gain":0,"player_choice":"Box","damage_taken":0,"relics_obtained":["Blue Candle"],"max_hp_gain":0,"max_hp_loss":0,"event_name":"Big Fish","floor":14,"gold_loss":0,"cards_obtained":["Regret"]},{"damage_healed":0,"gold_gain":0,"player_choice":"Read","damage_taken":0,"max_hp_gain":0,"max_hp_loss":0,"event_name":"The Library","floor":20,"gold_loss":0,"cards_obtained":["Shockwave"]},{"cards_removed":["Blood for Blood"],"damage_healed":0,"gold_gain":0,"player_choice":"Gave Card","damage_taken":0,"relics_obtained":["Regal Pillow"],"max_hp_gain":0,"max_hp_loss":0,"event_name":"WeMeetAgain","floor":21,"gold_loss":0},{"damage_healed":0,"gold_gain":0,"player_choice":"Inject Mutagens","damage_taken":0,"relics_obtained":["MutagenicStrength"],"max_hp_gain":0,"max_hp_loss":0,"event_name":"Drug Dealer","floor":30,"gold_loss":0},{"damage_healed":0,"gold_gain":0,"player_choice":"Traded Relic","damage_taken":0,"relics_obtained":["Nloth\u0027s Gift"],"max_hp_gain":0,"max_hp_loss":0,"event_name":"N\u0027loth","floor":31,"relics_lost":["MutagenicStrength"],"gold_loss":0}],"is_beta":false,"boss_relics":[{"not_picked":["Black Star","Black Blood"],"picked":"Ectoplasm"}],"items_purged_floors":[19],"is_endless":false,"potions_floor_spawned":[3,7,11,16,22,24],"killed_by":"Champ","ascension_level":0}