{"gold_per_floor":[111,61,61,84,114,154,154,197,197,222,222,28,28,46,46,170,170,184,184,184,184,184,224,224,29,56,71,94,134,134,134,134,260,260,285,285,285,309,28,28,28,28],"floor_reached":42,"playtime":1574,"items_purged":["Injury","Strike_G"],"score":847,"play_id":"44c99b6b-b4cf-40f2-8e2a-3a0184a84edd","local_time":"20190424234740","is_ascension_mode":true,"campfire_choices":[{"data":"Neutralize","floor":7.0,"key":"SMITH"},{"floor":11.0,"key":"REST"},{"data":"Blade Dance","floor":13.0,"key":"SMITH"},{"data":"Cloak And Dagger","floor":15.0,"key":"SMITH"},{"floor":24,"key":"REST"},{"floor":32,"key":"REST"}],"neow_cost":"NONE","seed_source_timestamp":0,"circlet_count":0,"master_deck":["AscendersBane","Defend_G","Defend_G","Defend_G","Defend_G","Defend_G","Strike_G","Strike_G+1","Strike_G","Survivor","Neutralize+1","Infinite Blades","Predator+1","Distraction","Blade Dance+1","Dodge and Roll","Deadly Poison","Cloak And Dagger+1","Die Die Die","Quick Slash","Backflip","Noxious Fumes","PiercingWail","Noxious Fumes","Footwork","Corpse Explosion","Flechettes+1","Panache","Deadly Poison"],"special_seed":0,"relics":["Ring of the Snake","NeowsBlessing","Golden Idol","Tiny Chest","Torii","Juzu Bracelet","Question Card","Whetstone","Velvet Choker","Pen Nib","Nilry\u0027s Codex","Sundial","Happy Flower","Bag of Marbles","Regal Pillow","Kunai","Black Star","PreservedInsect","Lantern","Vajra"],"potions_floor_usage":[23,23,33,40],"damage_taken":[{"damage":0.0,"enemies":"2 Louse","floor":1.0,"turns":1.0},{"damage":0.0,"enemies":"Small Slimes","floor":4.0,"turns":2.0},{"damage":0.0,"enemies":"Lagavulin","floor":6.0,"turns":1.0},{"damage":25.0,"enemies":"3 Sentries","floor":8.0,"turns":9.0},{"damage":0.0,"enemies":"Cultist","floor":10.0,"turns":3.0},{"damage":11.0,"enemies":"Gremlin Gang","floor":14.0,"turns":6.0},{"damage":16.0,"enemies":"Hexaghost","floor":16.0,"turns":10.0},{"damage":25.0,"enemies":"Chosen","floor":18.0,"turns":6.0},{"damage":28,"enemies":"Book of Stabbing","floor":23,"turns":7},{"damage":3,"enemies":"Shell Parasite","floor":27,"turns":4},{"damage":32,"enemies":"Gremlin Leader","floor":29,"turns":6},{"damage":39,"enemies":"Automaton","floor":33,"turns":9},{"damage":9,"enemies":"3 Darklings","floor":35,"turns":4},{"damage":11,"enemies":"Nemesis","floor":40,"turns":4},{"damage":68,"enemies":"2 Orb Walkers","floor":42,"turns":4}],"seed_played":"-2440203973357133908","potions_obtained":[{"floor":1.0,"key":"Block Potion"},{"floor":8.0,"key":"Ancient Potion"},{"floor":14.0,"key":"Regen Potion"},{"floor":23,"key":"Regen Potion"},{"floor":33,"key":"SmokeBomb"}],"is_trial":false,"path_per_floor":["M","?","?","M","?","E","R","E","T","M","R","$","R","M","R","B",null,"M","?","?","?","T","E","R","$","T","M","T","E","?","?","R","B",null,"M","?","T","T","$","E","?","?"],"character_chosen":"THE_SILENT","items_purchased":["Deadly Poison","Whetstone","Noxious Fumes","PiercingWail","Vajra","Deadly Poison"],"campfire_rested":3,"item_purchase_floors":[12,12,25,25,39,39],"current_hp_per_floor":[63,63,63,63,56,56,56,31,31,31,52,52,52,41,41,25,59,34,57,57,41,41,28,49,49,49,46,46,14,7,7,43,19,57,48,48,48,48,48,37,61,0],"gold":28,"neow_bonus":"THREE_ENEMY_KILL","is_prod":false,"is_daily":false,"chose_seed":false,"campfire_upgraded":3,"win_rate":0,"timestamp":1556164060,"path_taken":["M","?","?","M","?","E","R","E","T","M","R","$","R","M","R","BOSS","M","?","?","?","?","E","R","$","T","M","?","E","?","?","R","BOSS","M","?","?","?","$","E","?","?"],"build_version":"2019-01-23","purchased_purges":2,"victory":false,"max_hp_per_floor":[70,70,70,70,70,70,70,70,70,70,70,70,70,70,70,70,70,70,70,70,70,70,70,70,70,70,70,70,70,70,70,70,70,70,70,70,70,70,70,70,61,61],"card_choices":[{"not_picked":["Endless Agony","Bane"],"picked":"Infinite Blades","floor":1.0},{"not_picked":["Quick Slash","Catalyst"],"picked":"Predator","floor":4.0},{"not_picked":["Riddle With Holes","Choke"],"picked":"Distraction","floor":6.0},{"not_picked":["Sucker Punch","Choke"],"picked":"Blade Dance","floor":8.0},{"not_picked":["Accuracy","Distraction","Infinite Blades"],"picked":"Dodge and Roll","floor":10.0},{"not_picked":["Outmaneuver","Eviscerate","Concentrate"],"picked":"Cloak And Dagger","floor":14.0},{"not_picked":["Wraith Form v2","Glass Knife","Night Terror"],"picked":"Die Die Die","floor":16.0},{"not_picked":["Flechettes","Bane","Reflex"],"picked":"Quick Slash","floor":18.0},{"not_picked":["Terror","Tools of the Trade","Blur"],"picked":"Backflip","floor":23},{"not_picked":["Dagger Spray","Heel Hook","Eviscerate"],"picked":"Noxious Fumes","floor":27},{"not_picked":["Reflex","Deflect","Riddle With Holes"],"picked":"Footwork","floor":29},{"not_picked":["Storm of Steel","Unload","A Thousand Cuts"],"picked":"Corpse Explosion","floor":33},{"not_picked":["Sucker Punch+1","PiercingWail","Dagger Throw"],"picked":"Flechettes+1","floor":35},{"not_picked":["Madness","Blind","Jack Of All Trades"],"picked":"Panache","floor":36}],"player_experience":459563,"relics_obtained":[{"floor":6.0,"key":"Torii"},{"floor":8.0,"key":"Juzu Bracelet"},{"floor":9.0,"key":"Question Card"},{"floor":21.0,"key":"Nilry\u0027s Codex"},{"floor":22.0,"key":"Sundial"},{"floor":23,"key":"Happy Flower"},{"floor":26,"key":"Bag of Marbles"},{"floor":28,"key":"Regal Pillow"},{"floor":29,"key":"Kunai"},{"floor":37,"key":"PreservedInsect"},{"floor":38,"key":"Lantern"}],"event_choices":[{"cards_removed":["Strike_G"],"damage_healed":0.0,"max_hp_gain":0.0,"max_hp_loss":0.0,"gold_gain":0.0,"event_name":"The Cleric","player_choice":"Card Removal","floor":2.0,"gold_loss":50.0,"damage_taken":0.0},{"damage_healed":0.0,"max_hp_gain":0.0,"max_hp_loss":0.0,"gold_gain":0.0,"event_name":"Golden Idol","player_choice":"Take Wound","floor":3.0,"gold_loss":0.0,"damage_taken":0.0,"relics_obtained":["Golden Idol"],"cards_obtained":["Injury"]},{"damage_healed":0.0,"max_hp_gain":0.0,"max_hp_loss":0.0,"gold_gain":0.0,"event_name":"Scrap Ooze","player_choice":"Success","floor":5.0,"gold_loss":0.0,"damage_taken":7.0,"relics_obtained":["Tiny Chest"]},{"damage_healed":23.0,"max_hp_gain":0.0,"max_hp_loss":0.0,"gold_gain":0.0,"event_name":"The Library","player_choice":"Heal","floor":19.0,"gold_loss":0.0,"damage_taken":0.0},{"damage_healed":0.0,"max_hp_gain":0.0,"max_hp_loss":0.0,"gold_gain":0.0,"event_name":"The Mausoleum","player_choice":"Opened","floor":20.0,"gold_loss":0.0,"damage_taken":0.0,"relics_obtained":["Pen Nib"],"cards_obtained":["Writhe"]},{"damage_healed":0.0,"max_hp_gain":0.0,"max_hp_loss":0.0,"gold_gain":0.0,"event_name":"Cursed Tome","player_choice":"Obtained Book","floor":21.0,"gold_loss":0.0,"damage_taken":16.0},{"damage_healed":0,"gold_gain":0,"player_choice":"Damaged","damage_taken":7,"max_hp_gain":0,"max_hp_loss":0,"event_name":"Wheel of Change","floor":30,"gold_loss":0},{"cards_removed":["Writhe"],"damage_healed":0,"gold_gain":0,"player_choice":"Purged","damage_taken":0,"max_hp_gain":0,"max_hp_loss":0,"event_name":"Purifier","floor":31,"gold_loss":0},{"damage_healed":0,"gold_gain":0,"player_choice":"Memory 1","damage_taken":0,"max_hp_gain":0,"max_hp_loss":0,"event_name":"SensoryStone","floor":36,"gold_loss":0},{"damage_healed":61,"gold_gain":0,"player_choice":"Heal","damage_taken":0,"max_hp_gain":0,"max_hp_loss":9,"event_name":"The Moai Head","floor":41,"gold_loss":0},{"damage_healed":0,"gold_gain":0,"player_choice":"Fight","damage_taken":0,"max_hp_gain":0,"max_hp_loss":0,"event_name":"Mysterious Sphere","floor":42,"gold_loss":0}],"is_beta":false,"boss_relics":[{"not_picked":["Snecko Eye","Pandora\u0027s Box"],"picked":"Velvet Choker"},{"not_picked":["White Beast Statue","Lizard Tail"],"picked":"Black Star"}],"items_purged_floors":[25,39],"is_endless":false,"potions_floor_spawned":[1,8,14,16,18,23,33],"killed_by":"2 Orb Walkers","ascension_level":12}