{"gold_per_floor":[117,117,168,178,103,137,156,189,235,290,290,303,303,35,35,161,161,181,34,53,53,96,127,127,162,225,262,290,338,366,53,53,177,177,200,216,216,176,199,199,234,234,234,234,259,259,282,321,321,321],"floor_reached":51,"playtime":3222,"items_purged":["Injury"],"score":1199,"play_id":"adadd351-6915-40ee-9e42-176bb5140903","local_time":"20190321160804","is_ascension_mode":true,"campfire_choices":[{"floor":11,"key":"REST"},{"floor":15,"key":"REST"},{"floor":24,"key":"REST"},{"floor":32,"key":"REST"},{"floor":40,"key":"REST"},{"floor":42,"key":"REST"},{"floor":44,"key":"REST"},{"floor":49,"key":"REST"}],"neow_cost":"NONE","seed_source_timestamp":685237173045419,"circlet_count":0,"master_deck":["Defend_G","Defend_G","Defend_G","Defend_G","Defend_G","Strike_G","Strike_G","Strike_G","Strike_G","Strike_G","Survivor","Neutralize+1","Predator+1","Leg Sweep","Caltrops","Dagger Spray","Terror","Noxious Fumes","Acrobatics","PiercingWail","Malaise","Dagger Throw+1","Apotheosis","PiercingWail+1","Well Laid Plans+1","Cloak And Dagger","Blade Dance+1","Backflip+1","Venomology+1","Footwork","Footwork+1","Cloak And Dagger+1","Accuracy+1","PiercingWail+1","Wraith Form v2+1","Finisher+1","Burst"],"relics":["Ring of the Snake","NeowsBlessing","Oddly Smooth Stone","The Courier","Ornamental Fan","Blood Vial","Tiny Chest","Golden Idol","Shuriken","Fusion Hammer","MutagenicStrength","Red Mask","Pear","MawBank","Regal Pillow","Bag of Marbles","Frozen Egg 2","Black Star","Vajra","Dream Catcher","Torii","Mango","Centennial Puzzle"],"potions_floor_usage":[8,20,23,25,29,41,41,47,48,50,50],"damage_taken":[{"damage":0,"enemies":"Small Slimes","floor":1,"turns":1},{"damage":0,"enemies":"Jaw Worm","floor":4,"turns":1},{"damage":0,"enemies":"Gremlin Nob","floor":6,"turns":1},{"damage":0,"enemies":"2 Louse","floor":7,"turns":2},{"damage":26,"enemies":"3 Sentries","floor":8,"turns":7},{"damage":15,"enemies":"Lagavulin","floor":10,"turns":6},{"damage":4,"enemies":"Looter","floor":12,"turns":4},{"damage":34,"enemies":"Slime Boss","floor":16,"turns":12},{"damage":3,"enemies":"3 Byrds","floor":18,"turns":2},{"damage":0,"enemies":"Shell Parasite","floor":20,"turns":6},{"damage":24,"enemies":"Masked Bandits","floor":22,"turns":4},{"damage":15,"enemies":"Slavers","floor":23,"turns":6},{"damage":20,"enemies":"Book of Stabbing","floor":25,"turns":6},{"damage":10,"enemies":"Centurion and Healer","floor":27,"turns":7},{"damage":3,"enemies":"Snecko","floor":28,"turns":5},{"damage":3,"enemies":"Slavers","floor":29,"turns":4},{"damage":9,"enemies":"Snake Plant","floor":30,"turns":5},{"damage":17,"enemies":"Automaton","floor":33,"turns":9},{"damage":15,"enemies":"3 Darklings","floor":35,"turns":6},{"damage":0,"enemies":"Orb Walker","floor":36,"turns":5},{"damage":6,"enemies":"Sphere and 2 Shapes","floor":39,"turns":8},{"damage":8,"enemies":"Reptomancer","floor":41,"turns":7},{"damage":1,"enemies":"3 Darklings","floor":45,"turns":6},{"damage":45,"enemies":"Transient","floor":47,"turns":5},{"damage":40,"enemies":"Nemesis","floor":48,"turns":9},{"damage":47,"enemies":"Time Eater","floor":50,"turns":14}],"seed_played":"-5242080289748337108","potions_obtained":[{"floor":1,"key":"SteroidPotion"},{"floor":8,"key":"Dexterity Potion"},{"floor":10,"key":"Block Potion"},{"floor":12,"key":"Poison Potion"},{"floor":20,"key":"SpeedPotion"},{"floor":22,"key":"Block Potion"},{"floor":27,"key":"PowerPotion"},{"floor":33,"key":"Weak Potion"},{"floor":35,"key":"GhostInAJar"},{"floor":45,"key":"FairyPotion"}],"is_trial":false,"path_per_floor":["M","?","T","M","$","E","M","E","T","E","R","M","?","$","R","B",null,"M","$","M","?","?","E","R","E","T","M","M","E","M","$","R","B",null,"M","M","?","?","M","R","E","R","T","R","M","?","M","E","R","B",null],"character_chosen":"THE_SILENT","items_purchased":["Caltrops","Shuriken","Apotheosis","Footwork","Frozen Egg 2","Footwork+1"],"campfire_rested":8,"item_purchase_floors":[5,14,19,31,31,31],"current_hp_per_floor":[63,63,63,63,63,63,63,37,37,24,45,43,43,43,64,32,61,60,60,62,62,40,37,61,43,43,35,34,33,26,26,65,50,73,60,62,62,62,58,76,68,76,76,76,75,75,31,21,63,18],"gold":321,"neow_bonus":"THREE_ENEMY_KILL","is_prod":false,"is_daily":false,"chose_seed":false,"campfire_upgraded":0,"win_rate":0,"timestamp":1553198884,"path_taken":["M","?","?","M","$","E","?","E","T","E","R","M","?","$","R","BOSS","M","$","M","?","?","E","R","E","T","M","M","E","M","$","R","BOSS","M","M","?","?","M","R","E","R","T","R","?","?","M","E","R","BOSS"],"build_version":"2019-01-23","purchased_purges":1,"victory":true,"max_hp_per_floor":[70,70,70,70,70,70,70,70,70,70,70,70,70,70,70,70,70,70,70,70,70,70,80,80,80,80,80,80,80,80,80,80,80,80,80,80,76,76,76,76,76,76,76,76,76,76,76,90,90,90],"card_choices":[{"not_picked":["Blur","All Out Attack"],"picked":"Predator","floor":1},{"not_picked":["Concentrate","Blade Dance"],"picked":"Leg Sweep","floor":4},{"not_picked":["Catalyst","Acrobatics"],"picked":"Dagger Spray","floor":6},{"not_picked":["Caltrops","Flying Knee"],"picked":"Terror","floor":7},{"not_picked":["Heel Hook","All Out Attack"],"picked":"Noxious Fumes","floor":8},{"not_picked":["Dodge and Roll","Phantasmal Killer"],"picked":"Acrobatics","floor":10},{"not_picked":["Leg Sweep","Acrobatics"],"picked":"PiercingWail","floor":12},{"not_picked":["A Thousand Cuts","Die Die Die"],"picked":"Malaise","floor":16},{"not_picked":["Bane","Prepared"],"picked":"Dagger Throw+1","floor":18},{"not_picked":["Bouncing Flask","Reflex","Slice+1"],"picked":"SKIP","floor":20},{"not_picked":["Underhanded Strike","Deadly Poison"],"picked":"PiercingWail+1","floor":22},{"not_picked":["Flechettes","Endless Agony","Bouncing Flask"],"picked":"SKIP","floor":23},{"not_picked":["Unload","Finisher"],"picked":"Well Laid Plans+1","floor":25},{"not_picked":["Outmaneuver","Catalyst+1"],"picked":"Cloak And Dagger","floor":27},{"not_picked":["Infinite Blades+1","Flying Knee"],"picked":"Blade Dance+1","floor":28},{"not_picked":["Prepared+1","Dagger Throw+1"],"picked":"Backflip+1","floor":29},{"not_picked":["Concentrate","Prepared"],"picked":"Venomology","floor":30},{"not_picked":["Blur","Caltrops+1"],"picked":"Cloak And Dagger+1","floor":35},{"not_picked":["Outmaneuver","PiercingWail+1"],"picked":"Accuracy+1","floor":36},{"not_picked":["Flechettes+1","Catalyst+1","Sucker Punch"],"picked":"SKIP","floor":39},{"not_picked":["Underhanded Strike","Sucker Punch+1","Dagger Throw"],"picked":"SKIP","floor":41},{"not_picked":["Poisoned Stab","Dodge and Roll+1"],"picked":"PiercingWail+1","floor":42},{"not_picked":["Terror+1","Dash+1"],"picked":"Wraith Form v2+1","floor":44},{"not_picked":["Skewer+1","Prepared"],"picked":"Finisher+1","floor":45},{"not_picked":["Sucker Punch+1","Quick Slash","Dodge and Roll+1"],"picked":"SKIP","floor":47},{"not_picked":["Distraction+1","Acrobatics"],"picked":"Burst","floor":48}],"player_experience":216441,"relics_obtained":[{"floor":3,"key":"Oddly Smooth Stone"},{"floor":6,"key":"The Courier"},{"floor":8,"key":"Ornamental Fan"},{"floor":9,"key":"Blood Vial"},{"floor":10,"key":"Tiny Chest"},{"floor":22,"key":"Red Mask"},{"floor":23,"key":"Pear"},{"floor":25,"key":"MawBank"},{"floor":26,"key":"Regal Pillow"},{"floor":29,"key":"Bag of Marbles"},{"floor":41,"key":"Vajra"},{"floor":41,"key":"Dream Catcher"},{"floor":43,"key":"Torii"},{"floor":48,"key":"Mango"},{"floor":48,"key":"Centennial Puzzle"}],"event_choices":[{"damage_healed":0,"gold_gain":0,"player_choice":"Grow","damage_taken":0,"max_hp_gain":0,"max_hp_loss":0,"event_name":"Living Wall","floor":2,"gold_loss":0,"cards_upgraded":["Neutralize"]},{"damage_healed":0,"gold_gain":0,"player_choice":"Take Wound","damage_taken":0,"relics_obtained":["Golden Idol"],"max_hp_gain":0,"max_hp_loss":0,"event_name":"Golden Idol","floor":13,"gold_loss":0,"cards_obtained":["Injury"]},{"damage_healed":0,"gold_gain":0,"player_choice":"Inject Mutagens","damage_taken":0,"relics_obtained":["MutagenicStrength"],"max_hp_gain":0,"max_hp_loss":0,"event_name":"Drug Dealer","floor":21,"gold_loss":0},{"damage_healed":0,"gold_gain":0,"player_choice":"Fought Bandits","damage_taken":0,"max_hp_gain":0,"max_hp_loss":0,"event_name":"Masked Bandits","floor":22,"gold_loss":0},{"damage_healed":0,"gold_gain":0,"player_choice":"Max HP","damage_taken":0,"max_hp_gain":0,"max_hp_loss":4,"event_name":"Winding Halls","floor":37,"gold_loss":0},{"damage_healed":0,"gold_gain":0,"player_choice":"Upgraded Two","damage_taken":0,"max_hp_gain":0,"max_hp_loss":0,"event_name":"Designer","floor":38,"gold_loss":40,"cards_upgraded":["Venomology","Predator"]},{"damage_healed":0,"gold_gain":0,"player_choice":"Bought 0 Potions","damage_taken":0,"max_hp_gain":0,"max_hp_loss":0,"event_name":"The Woman in Blue","floor":46,"gold_loss":0}],"is_beta":false,"boss_relics":[{"not_picked":["Snecko Eye","Astrolabe"],"picked":"Fusion Hammer"},{"not_picked":["Busted Crown","Lizard Tail"],"picked":"Black Star"}],"items_purged_floors":[14],"is_endless":false,"potions_floor_spawned":[1,8,10,12,20,22,27,33,35,45],"ascension_level":9}