{"gold_per_floor":[119,119,119,119,135,174,174,213,239,239,273,273,313,326,326,446,446,471,471,487,500,102,102],"floor_reached":23,"playtime":964,"items_purged":[],"score":260,"play_id":"276c58d6-7386-4766-adf3-10fdf8aee3b2","local_time":"20181029222827","is_ascension_mode":true,"campfire_choices":[{"floor":7,"key":"REST"},{"floor":10,"key":"REST"},{"floor":15,"key":"REST"}],"neow_cost":"NONE","seed_source_timestamp":2602356196145693,"circlet_count":0,"master_deck":["Strike_B","Strike_B","Strike_B","Strike_B","Defend_B","Defend_B","Defend_B","Defend_B","Zap","Dualcast","Auto Shields","Conserve Battery","Redo","Go for the Eyes","Storm","Loop","Ball Lightning","Reboot","Injury","Capacitor+1","Injury","Rip and Tear","Sweeping Beam+1","Self Repair","FTL","Skim"],"relics":["Cracked Core","Golden Idol","Potion Belt","Centennial Puzzle","Pen Nib","Omamori","Unceasing Top","WarpedTongs","Mercury Hourglass","Calling Bell","Vajra","Shuriken","Torii","MealTicket"],"potions_floor_usage":[8,11,11],"damage_taken":[{"damage":0,"enemies":"Small Slimes","floor":1,"turns":2},{"damage":1,"enemies":"Jaw Worm","floor":5,"turns":3},{"damage":32,"enemies":"Lagavulin","floor":6,"turns":11},{"damage":5,"enemies":"3 Sentries","floor":8,"turns":7},{"damage":16,"enemies":"Gremlin Nob","floor":11,"turns":3},{"damage":2,"enemies":"Lagavulin","floor":13,"turns":7},{"damage":7,"enemies":"2 Louse","floor":14,"turns":2},{"damage":21,"enemies":"Slime Boss","floor":16,"turns":7},{"damage":18,"enemies":"Shell Parasite","floor":18,"turns":5},{"damage":9,"enemies":"3 Byrds","floor":20,"turns":4},{"damage":4,"enemies":"Centurion and Healer","floor":21,"turns":6},{"damage":51,"enemies":"Book of Stabbing","floor":23,"turns":4}],"seed_played":"5264672220085434","potions_obtained":[{"floor":1,"key":"Poison Potion"},{"floor":5,"key":"Strength Potion"},{"floor":6,"key":"Fire Potion"}],"is_trial":false,"path_per_floor":["M","?","?","?","M","E","R","E","T","R","E","?","E","M","R","B",null,"M","?","M","M","$"],"character_chosen":"DEFECT","items_purchased":["Self Repair","FTL","MealTicket","Skim"],"campfire_rested":3,"item_purchase_floors":[22,22,22,22],"current_hp_per_floor":[82,82,64,57,56,24,48,43,43,67,51,51,49,42,66,45,82,64,64,55,51,51,0],"gold":102,"neow_bonus":"TEN_PERCENT_HP_BONUS","is_prod":false,"is_daily":false,"chose_seed":false,"campfire_upgraded":0,"win_rate":0,"timestamp":1540866507,"path_taken":["M","?","?","?","M","E","R","E","T","R","E","?","E","M","R","BOSS","M","?","?","M","?","E"],"build_version":"2018-10-25v2","purchased_purges":0,"victory":false,"max_hp_per_floor":[82,82,82,82,82,82,82,82,82,82,82,82,82,82,82,82,82,82,82,82,82,82,82],"card_choices":[{"not_picked":["Streamline","Melter"],"picked":"Auto Shields","floor":1},{"not_picked":["Streamline","Barrage"],"picked":"Conserve Battery","floor":5},{"not_picked":["Fission","Coolheaded"],"picked":"Redo","floor":6},{"not_picked":["Gash","Rip and Tear"],"picked":"Go for the Eyes","floor":8},{"not_picked":["Coolheaded","Recycle"],"picked":"Storm","floor":11},{"not_picked":["Multi-Cast","Leap"],"picked":"Loop","floor":13},{"not_picked":["Stack","Redo"],"picked":"Ball Lightning","floor":14},{"not_picked":["Multi-Cast","Thunder Strike"],"picked":"Reboot","floor":16},{"not_picked":["Redo","Multi-Cast"],"picked":"Capacitor+1","floor":18},{"not_picked":["Scrape","Turbo"],"picked":"Rip and Tear","floor":20},{"not_picked":["Auto Shields","Compile Driver"],"picked":"Sweeping Beam+1","floor":21}],"player_experience":203657,"relics_obtained":[{"floor":6,"key":"Centennial Puzzle"},{"floor":8,"key":"Pen Nib"},{"floor":9,"key":"Omamori"},{"floor":11,"key":"Unceasing Top"},{"floor":13,"key":"Mercury Hourglass"},{"floor":17,"key":"Vajra"},{"floor":17,"key":"Shuriken"},{"floor":17,"key":"Torii"}],"event_choices":[{"damage_healed":0,"gold_gain":0,"player_choice":"Take Wound","damage_taken":0,"relics_obtained":["Golden Idol"],"max_hp_gain":0,"max_hp_loss":0,"event_name":"Golden Idol","floor":2,"gold_loss":0,"cards_obtained":["Injury"]},{"damage_healed":0,"gold_gain":0,"player_choice":"Success","damage_taken":18,"relics_obtained":["Potion Belt"],"max_hp_gain":0,"max_hp_loss":0,"event_name":"Scrap Ooze","floor":3,"gold_loss":0},{"cards_removed":["Injury"],"damage_healed":0,"gold_gain":0,"player_choice":"Card Removal","damage_taken":7,"max_hp_gain":0,"max_hp_loss":0,"event_name":"Golden Wing","floor":4,"gold_loss":0},{"damage_healed":0,"gold_gain":0,"player_choice":"Rummage","damage_taken":0,"relics_obtained":["WarpedTongs"],"max_hp_gain":0,"max_hp_loss":0,"event_name":"Accursed Blacksmith","floor":12,"gold_loss":0,"cards_obtained":["Pain"]},{"damage_healed":0,"gold_gain":0,"cards_transformed":["Pain"],"player_choice":"Transformed","damage_taken":0,"max_hp_gain":0,"max_hp_loss":0,"event_name":"Transmorgrifier","floor":19,"gold_loss":0,"cards_obtained":["Injury"]}],"is_beta":false,"boss_relics":[{"not_picked":["Eternal Feather","Philosopher\u0027s Stone"],"picked":"Calling Bell"}],"items_purged_floors":[],"is_endless":false,"potions_floor_spawned":[1,5,6],"killed_by":"Book of Stabbing","ascension_level":4}