{"gold_per_floor":[112,132,151,151,171,201,201,212,212,225,253,281,306,318,330,342],"floor_reached":16,"playtime":1079,"items_purged":[],"score":116,"play_id":"1b37b550-f67e-4895-94aa-f37cb1d59fd0","local_time":"20190116015441","is_ascension_mode":false,"campfire_choices":[{"floor":7,"key":"REST"},{"floor":15,"key":"REST"}],"neow_cost":"NONE","seed_source_timestamp":598068432867546,"circlet_count":0,"master_deck":["Defend_G","Defend_G","Defend_G","Defend_G","Strike_G","Strike_G","Strike_G","Strike_G","Strike_G","Survivor","Neutralize","Dagger Throw","Poisoned Stab","Finisher","Blade Dance","Decay","Bane","Dagger Spray","Dagger Spray","Dagger Spray","Slice","Flying Knee","Dagger Throw","Defend_G"],"relics":["Ring of the Snake","Strawberry","Happy Flower","MawBank"],"potions_floor_usage":[11,16],"damage_taken":[{"damage":0,"enemies":"Cultist","floor":1,"turns":4},{"damage":0,"enemies":"Jaw Worm","floor":2,"turns":4},{"damage":0,"enemies":"Small Slimes","floor":3,"turns":2},{"damage":12,"enemies":"Exordium Thugs","floor":5,"turns":4},{"damage":24,"enemies":"Gremlin Nob","floor":6,"turns":4},{"damage":4,"enemies":"3 Louse","floor":8,"turns":2},{"damage":5,"enemies":"Looter","floor":10,"turns":4},{"damage":12,"enemies":"Lagavulin","floor":11,"turns":6},{"damage":7,"enemies":"Blue Slaver","floor":12,"turns":3},{"damage":2,"enemies":"2 Fungi Beasts","floor":13,"turns":2},{"damage":57,"enemies":"Slime Boss","floor":16,"turns":10}],"seed_played":"-1518282335845416733","potions_obtained":[{"floor":5,"key":"Ancient Potion"},{"floor":10,"key":"SteroidPotion"},{"floor":11,"key":"LiquidBronze"},{"floor":12,"key":"LiquidBronze"},{"floor":13,"key":"Energy Potion"}],"is_trial":false,"path_per_floor":["M","M","M","?","M","E","R","M","T","M","E","M","M","?","R","B"],"character_chosen":"THE_SILENT","items_purchased":[],"campfire_rested":2,"item_purchase_floors":[],"current_hp_per_floor":[70,70,70,70,58,41,64,60,60,55,43,36,34,34,57,0],"gold":342,"neow_bonus":"THREE_CARDS","is_prod":false,"is_daily":false,"chose_seed":false,"campfire_upgraded":0,"win_rate":0.0,"timestamp":1547621681,"path_taken":["M","M","?","?","M","E","R","M","T","?","E","M","M","?","R","BOSS"],"build_version":"2019-01-10","purchased_purges":0,"victory":false,"max_hp_per_floor":[70,70,70,70,70,77,77,77,77,77,77,77,77,77,77,77],"card_choices":[{"not_picked":["Prepared","Deflect"],"picked":"Dagger Throw","floor":0},{"not_picked":["Cloak And Dagger","Bane"],"picked":"Poisoned Stab","floor":1},{"not_picked":["Deflect","Acrobatics"],"picked":"Finisher","floor":2},{"not_picked":["Deflect","Dodge and Roll"],"picked":"Blade Dance","floor":3},{"not_picked":["Flechettes","Deadly Poison"],"picked":"Bane","floor":5},{"not_picked":["Night Terror","Dodge and Roll"],"picked":"Dagger Spray","floor":6},{"not_picked":["Noxious Fumes","Quick Slash"],"picked":"Dagger Spray","floor":8},{"not_picked":["Reflex","Prepared"],"picked":"Dagger Spray","floor":10},{"not_picked":["Phantasmal Killer","Distraction"],"picked":"Slice","floor":11},{"not_picked":["Backflip","Deflect"],"picked":"Flying Knee","floor":12},{"not_picked":["Crippling Poison","Catalyst"],"picked":"Dagger Throw","floor":13}],"player_experience":33168,"relics_obtained":[{"floor":6,"key":"Strawberry"},{"floor":9,"key":"Happy Flower"},{"floor":11,"key":"MawBank"}],"event_choices":[{"damage_healed":0,"gold_gain":0,"player_choice":"Cursed","damage_taken":0,"max_hp_gain":0,"max_hp_loss":0,"event_name":"Wheel of Change","floor":4,"gold_loss":0,"cards_obtained":["Decay"]},{"cards_removed":["Defend_G"],"damage_healed":0,"gold_gain":0,"player_choice":"Took Card","damage_taken":0,"max_hp_gain":0,"max_hp_loss":0,"event_name":"NoteForYourself","floor":14,"gold_loss":0,"cards_obtained":["Defend_G"]}],"is_beta":false,"boss_relics":[],"items_purged_floors":[],"is_endless":false,"potions_floor_spawned":[5,10,11,12,13],"killed_by":"Slime Boss","ascension_level":0}