{"gold_per_floor":[114,189,154,329,354,354,384,399,454,484,499,514,514,529,529,629,629,644,47,62,62,77,77,107,107,107,137,152,152,182,197,197,297,297,312,327,35,50,391,391],"floor_reached":40,"playtime":3276,"items_purged":["Strike_R"],"score":606,"play_id":"9d1cb746-d9e2-4100-b648-81fe1273b246","local_time":"20190509200327","daily_mods":["Heirloom","Green Cards","Binary"],"is_ascension_mode":false,"campfire_choices":[{"data":"Dagger Spray","floor":6,"key":"SMITH"},{"data":"Bash","floor":15,"key":"SMITH"},{"data":"Fire Breathing","floor":23,"key":"SMITH"},{"data":"Berserk","floor":25,"key":"SMITH"},{"data":"Flying Knee","floor":32,"key":"SMITH"}],"neow_cost":"","seed_source_timestamp":0,"circlet_count":0,"master_deck":["Strike_R","Strike_R+1","Strike_R","Strike_R","Defend_R+1","Defend_R","Defend_R","Defend_R+1","Bash+1","Dagger Spray+1","Doubt","Backstab+1","Pommel Strike+1","Berserk+1","Flying Knee+1","Headbutt+1","Power Through","Immolate","Sword Boomerang+1","Noxious Fumes","Enlightenment","Fire Breathing+1","Cloak And Dagger+1","Shrug It Off+1","Flying Knee+1","Twin Strike","Flex","Slice","After Image","Combust+1","Flex","Secret Technique","Carnage","Blur","Ghostly Armor","Spot Weakness"],"special_seed":18025,"relics":["Burning Blood","Bird Faced Urn","War Paint","Mummified Hand","Tiny Chest","Red Skull","Coffee Dripper","Bag of Preparation","Bottled Lightning","Shuriken","PreservedInsect","Whetstone","Omamori","Dream Catcher","Black Star","Old Coin"],"potions_floor_usage":[7,10,16,16,20,30,33,38,40],"damage_taken":[{"damage":2,"enemies":"Small Slimes","floor":1,"turns":4},{"damage":28,"enemies":"3 Sentries","floor":7,"turns":8},{"damage":0,"enemies":"2 Louse","floor":8,"turns":2},{"damage":28,"enemies":"Lagavulin","floor":10,"turns":5},{"damage":0,"enemies":"Cultist","floor":11,"turns":2},{"damage":10,"enemies":"Blue Slaver","floor":12,"turns":2},{"damage":0,"enemies":"Looter","floor":14,"turns":1},{"damage":0,"enemies":"Slime Boss","floor":16,"turns":3},{"damage":0,"enemies":"Chosen","floor":18,"turns":3},{"damage":0,"enemies":"2 Thieves","floor":20,"turns":2},{"damage":7,"enemies":"Snecko","floor":22,"turns":4},{"damage":0,"enemies":"Gremlin Leader","floor":24,"turns":4},{"damage":16,"enemies":"Book of Stabbing","floor":27,"turns":4},{"damage":13,"enemies":"Centurion and Healer","floor":28,"turns":3},{"damage":0,"enemies":"Slavers","floor":30,"turns":2},{"damage":0,"enemies":"Chosen and Byrds","floor":31,"turns":3},{"damage":73,"enemies":"Automaton","floor":33,"turns":7},{"damage":13,"enemies":"3 Darklings","floor":35,"turns":4},{"damage":11,"enemies":"3 Shapes","floor":36,"turns":2},{"damage":37,"enemies":"Sphere and 2 Shapes","floor":38,"turns":5},{"damage":56,"enemies":"2 Orb Walkers","floor":39,"turns":5},{"damage":20,"enemies":"Reptomancer","floor":40,"turns":2}],"seed_played":"8493715503740847636","potions_obtained":[{"floor":1,"key":"SteroidPotion"},{"floor":8,"key":"Poison Potion"},{"floor":11,"key":"Energy Potion"},{"floor":12,"key":"AttackPotion"},{"floor":18,"key":"Explosive Potion"},{"floor":24,"key":"PowerPotion"},{"floor":27,"key":"AttackPotion"},{"floor":33,"key":"FearPotion"},{"floor":39,"key":"Ancient Potion"}],"is_trial":false,"path_per_floor":["M","?","?","?","T","R","E","M","T","E","M","M","?","M","R","B",null,"M","$","M","?","M","R","E","R","T","E","M","?","E","M","R","B",null,"M","M","$","M","?","E"],"character_chosen":"IRONCLAD","items_purchased":["Noxious Fumes","Enlightenment","Bag of Preparation","Bottled Lightning","Secret Technique","Carnage","Blur"],"campfire_rested":0,"item_purchase_floors":[19,19,19,19,37,37,37],"current_hp_per_floor":[80,69,80,80,80,80,58,64,64,42,50,48,32,38,38,46,80,80,80,80,80,79,79,80,80,80,70,67,67,75,80,80,17,80,77,74,74,53,11,0],"gold":391,"neow_bonus":"","is_prod":false,"is_daily":true,"chose_seed":false,"campfire_upgraded":5,"win_rate":0,"timestamp":1557446607,"path_taken":["M","?","?","?","?","R","E","M","T","E","M","?","?","M","R","BOSS","M","$","M","?","M","R","E","R","T","E","M","?","E","M","R","BOSS","M","M","$","M","?","E"],"build_version":"2019-01-23","purchased_purges":1,"victory":false,"max_hp_per_floor":[80,80,80,80,80,80,80,80,80,80,80,80,80,80,80,80,80,80,80,80,80,80,80,80,80,80,80,80,80,80,80,80,80,80,80,80,80,80,80,80],"card_choices":[{"not_picked":["Poisoned Stab"],"picked":"Dagger Spray","floor":1},{"not_picked":["Searing Blow"],"picked":"Backstab","floor":7},{"not_picked":["Acrobatics"],"picked":"Pommel Strike","floor":8},{"not_picked":["Heel Hook"],"picked":"Berserk","floor":10},{"not_picked":["Pummel"],"picked":"Flying Knee","floor":11},{"not_picked":["Body Slam"],"picked":"Headbutt","floor":12},{"not_picked":["Eviscerate"],"picked":"Power Through","floor":14},{"not_picked":["Double Tap"],"picked":"Immolate","floor":16},{"not_picked":["Burning Pact"],"picked":"Sword Boomerang+1","floor":18},{"not_picked":["Prepared"],"picked":"Fire Breathing","floor":20},{"not_picked":["Perfected Strike"],"picked":"Cloak And Dagger+1","floor":22},{"not_picked":["Slice"],"picked":"Shrug It Off+1","floor":24},{"not_picked":["Backflip+1"],"picked":"Flying Knee+1","floor":27},{"not_picked":["Noxious Fumes"],"picked":"Twin Strike","floor":28},{"not_picked":["Rupture"],"picked":"Flex","floor":30},{"not_picked":["Flying Knee"],"picked":"Slice","floor":31},{"not_picked":["Dark Embrace"],"picked":"After Image","floor":33},{"not_picked":["Leg Sweep+1"],"picked":"Combust+1","floor":35},{"not_picked":["Seeing Red+1"],"picked":"Flex","floor":36},{"not_picked":["Catalyst+1"],"picked":"Ghostly Armor","floor":38},{"not_picked":["Iron Wave"],"picked":"Spot Weakness","floor":39}],"player_experience":383702,"relics_obtained":[{"floor":5,"key":"War Paint"},{"floor":7,"key":"Mummified Hand"},{"floor":9,"key":"Tiny Chest"},{"floor":10,"key":"Red Skull"},{"floor":24,"key":"PreservedInsect"},{"floor":26,"key":"Whetstone"},{"floor":27,"key":"Omamori"},{"floor":30,"key":"Dream Catcher"},{"floor":39,"key":"Old Coin"}],"event_choices":[{"damage_healed":0,"gold_gain":75,"player_choice":"Gather Gold","damage_taken":11,"max_hp_gain":0,"max_hp_loss":0,"event_name":"World of Goop","floor":2,"gold_loss":0},{"damage_healed":20,"gold_gain":0,"player_choice":"Healed","damage_taken":0,"max_hp_gain":0,"max_hp_loss":0,"event_name":"The Cleric","floor":3,"gold_loss":35},{"damage_healed":0,"gold_gain":175,"player_choice":"AGREE","damage_taken":0,"max_hp_gain":0,"max_hp_loss":0,"event_name":"Liars Game","floor":4,"gold_loss":0,"cards_obtained":["Doubt"]},{"damage_healed":0,"gold_gain":0,"player_choice":"Entered Light","damage_taken":16,"max_hp_gain":0,"max_hp_loss":0,"event_name":"Shining Light","floor":13,"gold_loss":0,"cards_upgraded":["Headbutt","Pommel Strike"]},{"damage_healed":0,"gold_gain":0,"player_choice":"Opened","damage_taken":0,"relics_obtained":["Shuriken"],"max_hp_gain":0,"max_hp_loss":0,"event_name":"The Mausoleum","floor":21,"gold_loss":0},{"damage_healed":0,"gold_gain":0,"player_choice":"Ignored","damage_taken":0,"max_hp_gain":0,"max_hp_loss":0,"event_name":"Vampires","floor":29,"gold_loss":0},{"damage_healed":0,"gold_gain":0,"player_choice":"Fight","damage_taken":0,"max_hp_gain":0,"max_hp_loss":0,"event_name":"Mysterious Sphere","floor":39,"gold_loss":0}],"is_beta":false,"boss_relics":[{"not_picked":["Runic Cube","Astrolabe"],"picked":"Coffee Dripper"},{"not_picked":["White Beast Statue","Velvet Choker"],"picked":"Black Star"}],"items_purged_floors":[19],"is_endless":false,"potions_floor_spawned":[1,8,11,12,18,24,27,33,39],"killed_by":"Reptomancer","ascension_level":0}