{"gold_per_floor":[110,120,120,134,149,149,20,33,58,58,58,58,58,93,93,167,167,126,41,52,52,63,97,97,45,75,75,108,127,127,139,139,217,267,282,282,282,53,0,0,0],"floor_reached":41,"playtime":2371,"items_purged":["Strike_G","Neutralize"],"score":854,"play_id":"c12bfa29-7831-4323-ab47-781fd864db7d","local_time":"20190329002941","is_ascension_mode":true,"campfire_choices":[{"data":"Envenom","floor":6.0,"key":"SMITH"},{"floor":11.0,"key":"REST"},{"data":"Footwork","floor":13.0,"key":"SMITH"},{"floor":15.0,"key":"REST"},{"floor":24.0,"key":"REST"},{"floor":27.0,"key":"REST"},{"data":"After Image","floor":30,"key":"SMITH"},{"data":"Leg Sweep","floor":32,"key":"SMITH"},{"data":"Tactician","floor":40,"key":"SMITH"}],"neow_cost":"NONE","seed_source_timestamp":5247221078086,"circlet_count":0,"master_deck":["AscendersBane","Survivor","Envenom+1","Poisoned Stab","Leg Sweep","Dagger Spray+1","PiercingWail","Flying Knee","Footwork+1","Flechettes","Crippling Poison","Leg Sweep+1","Adrenaline","Terror","Bouncing Flask","Deadly Poison","Prepared","Slice","Venomology","Die Die Die","Blur","PiercingWail+1","Prepared+1","Reflex+1","Deflect","Sucker Punch","After Image+1","Backflip","A Thousand Cuts","Bane","PiercingWail","Tactician+1","Noxious Fumes"],"special_seed":0,"relics":["Ring of the Snake","Anchor","Dream Catcher","Potion Belt","Pandora\u0027s Box","Paper Crane","Tingsha","Tiny Chest","Torii","Tiny House","Red Mask"],"potions_floor_usage":[29,33,33,33,33,33,34,35,41,41],"damage_taken":[{"damage":3.0,"enemies":"Small Slimes","floor":1.0,"turns":5.0},{"damage":2.0,"enemies":"Jaw Worm","floor":2.0,"turns":4.0},{"damage":0.0,"enemies":"2 Louse","floor":4.0,"turns":2.0},{"damage":1.0,"enemies":"Exordium Thugs","floor":5.0,"turns":5.0},{"damage":17.0,"enemies":"Exordium Wildlife","floor":8.0,"turns":7.0},{"damage":11.0,"enemies":"Gremlin Nob","floor":14.0,"turns":6.0},{"damage":24.0,"enemies":"The Guardian","floor":16.0,"turns":16.0},{"damage":8.0,"enemies":"2 Thieves","floor":18.0,"turns":5.0},{"damage":6.0,"enemies":"Spheric Guardian","floor":20.0,"turns":3.0},{"damage":17.0,"enemies":"Snecko","floor":22.0,"turns":7.0},{"damage":4.0,"enemies":"Book of Stabbing","floor":23.0,"turns":6.0},{"damage":14.0,"enemies":"Gremlin Leader","floor":28.0,"turns":8.0},{"damage":1,"enemies":"Cultist and Chosen","floor":29,"turns":7},{"damage":9,"enemies":"Shelled Parasite and Fungi","floor":31,"turns":8},{"damage":19,"enemies":"Champ","floor":33,"turns":16},{"damage":34,"enemies":"3 Darklings","floor":35,"turns":7},{"damage":60,"enemies":"Giant Head","floor":41,"turns":8}],"seed_played":"-5049696235962756533","potions_obtained":[{"floor":5.0,"key":"PowerPotion"},{"floor":8.0,"key":"Energy Potion"},{"floor":16.0,"key":"GamblersBrew"},{"floor":18.0,"key":"SkillPotion"},{"floor":23.0,"key":"EntropicBrew"},{"floor":34,"key":"Fruit Juice"}],"is_trial":false,"path_per_floor":["M","M","?","M","M","R","$","M","T","?","R","?","R","E","R","B",null,"M","?","M","?","M","E","R","$","T","R","E","M","R","M","R","B",null,"M","?","?","$","?","R","E"],"character_chosen":"THE_SILENT","items_purchased":["Flying Knee","Sucker Punch","Tactician","Noxious Fumes"],"campfire_rested":4,"item_purchase_floors":[7,25,38,38],"current_hp_per_floor":[56,54,54,54,53,53,53,36,36,10,29,22,22,11,30,6,51,43,43,37,37,20,16,35,35,35,54,40,39,39,30,30,11,62,28,62,59,59,59,59,0],"gold":0,"neow_bonus":"ONE_RANDOM_RARE_CARD","is_prod":false,"is_daily":false,"chose_seed":false,"campfire_upgraded":5,"win_rate":0,"timestamp":1553830181,"path_taken":["M","M","?","M","M","R","$","M","T","?","R","?","R","E","R","BOSS","M","?","M","?","?","E","R","$","T","R","E","M","R","M","R","BOSS","M","?","?","$","?","R","E"],"build_version":"2019-01-23","purchased_purges":2,"victory":false,"max_hp_per_floor":[66,66,66,66,66,66,66,66,66,66,66,66,66,66,66,66,66,66,66,66,66,66,66,66,66,66,66,66,66,66,66,66,66,76,76,62,59,59,59,59,59],"card_choices":[{"not_picked":["Backflip","Blade Dance"],"picked":"Poisoned Stab","floor":1.0},{"not_picked":["Tactician","Acrobatics"],"picked":"Leg Sweep","floor":2.0},{"not_picked":["Masterful Stab","Acrobatics"],"picked":"Dagger Spray","floor":4.0},{"not_picked":["Prepared","Predator"],"picked":"PiercingWail","floor":5.0},{"not_picked":["Acrobatics","Dagger Throw"],"picked":"Footwork","floor":8.0},{"not_picked":["Flying Knee","Backflip"],"picked":"Flechettes","floor":11.0},{"not_picked":["Choke","Tools of the Trade"],"picked":"Crippling Poison","floor":14.0},{"not_picked":["Underhanded Strike","Dodge and Roll"],"picked":"Leg Sweep","floor":15.0},{"not_picked":["Tools of the Trade","Phantasmal Killer"],"picked":"Adrenaline","floor":16.0},{"not_picked":["Flechettes","Tactician"],"picked":"Blur","floor":18.0},{"not_picked":["Reflex","Dagger Spray+1"],"picked":"PiercingWail+1","floor":20.0},{"not_picked":["Choke","Blade Dance"],"picked":"Prepared+1","floor":22.0},{"not_picked":["Doppelganger","Cloak And Dagger"],"picked":"Reflex+1","floor":23.0},{"not_picked":["Blur","Acrobatics"],"picked":"Deflect","floor":24.0},{"not_picked":["Quick Slash","Flying Knee"],"picked":"After Image","floor":28.0},{"not_picked":["Sucker Punch","Dagger Spray"],"picked":"Backflip","floor":29},{"not_picked":["Acrobatics","Sucker Punch","All Out Attack"],"picked":"SKIP","floor":31},{"not_picked":["Burst","Doppelganger"],"picked":"A Thousand Cuts","floor":33},{"not_picked":["Blade Dance","Underhanded Strike"],"picked":"Bane","floor":34},{"not_picked":["Riddle With Holes","Bane"],"picked":"PiercingWail","floor":35}],"player_experience":997637,"relics_obtained":[{"floor":9.0,"key":"Anchor"},{"floor":14.0,"key":"Potion Belt"},{"floor":23.0,"key":"Tingsha"},{"floor":26.0,"key":"Tiny Chest"},{"floor":28.0,"key":"Torii"}],"event_choices":[{"damage_healed":0.0,"max_hp_gain":0.0,"max_hp_loss":0.0,"gold_gain":0.0,"event_name":"Liars Game","player_choice":"Ignored","floor":3.0,"gold_loss":0.0,"damage_taken":0.0},{"damage_healed":0.0,"max_hp_gain":0.0,"max_hp_loss":0.0,"gold_gain":0.0,"event_name":"Scrap Ooze","player_choice":"Success","floor":10.0,"gold_loss":0.0,"damage_taken":26.0,"relics_obtained":["Dream Catcher"]},{"cards_removed":["Strike_G"],"damage_healed":0.0,"max_hp_gain":0.0,"max_hp_loss":0.0,"gold_gain":0.0,"event_name":"Golden Wing","player_choice":"Card Removal","floor":12.0,"gold_loss":0.0,"damage_taken":7.0},{"damage_healed":0.0,"max_hp_gain":0.0,"max_hp_loss":0.0,"gold_gain":0.0,"event_name":"Addict","player_choice":"Obtained Relic","floor":19.0,"gold_loss":85.0,"damage_taken":0.0,"relics_obtained":["Paper Crane"]},{"cards_removed":["Concentrate"],"damage_healed":0.0,"max_hp_gain":0.0,"max_hp_loss":0.0,"gold_gain":0.0,"event_name":"Back to Basics","player_choice":"Elegance","floor":21.0,"gold_loss":0.0,"damage_taken":0.0},{"damage_healed":62,"gold_gain":0,"player_choice":"Heal","damage_taken":0,"max_hp_gain":0,"max_hp_loss":14,"event_name":"The Moai Head","floor":36,"gold_loss":0},{"damage_healed":0,"gold_gain":0,"player_choice":"Max HP","damage_taken":0,"max_hp_gain":0,"max_hp_loss":3,"event_name":"Winding Halls","floor":37,"gold_loss":0},{"damage_healed":0,"gold_gain":0,"player_choice":"Paid","damage_taken":0,"relics_obtained":["Red Mask"],"max_hp_gain":0,"max_hp_loss":0,"event_name":"Tomb of Lord Red Mask","floor":39,"gold_loss":53}],"is_beta":false,"boss_relics":[{"not_picked":["Ring of the Serpent","WristBlade"],"picked":"Pandora\u0027s Box"},{"not_picked":["Calling Bell","White Beast Statue"],"picked":"Tiny House"}],"items_purged_floors":[7,38],"is_endless":false,"potions_floor_spawned":[5,8,16,18,23,31,33],"killed_by":"Giant Head","ascension_level":20}