{"gold_per_floor":[110,121,121,131,131,158,178,178,178,56,76,136,153,169,169,265,265,275,286,286,286,332,332,332,332,332,349,361,361,374,390,390,390],"floor_reached":33,"playtime":1082,"items_purged":[],"score":251,"play_id":"7d344ae4-061b-4206-a8c9-d872262e0023","local_time":"20180915145458","is_ascension_mode":false,"campfire_choices":[{"floor":15,"key":"REST"},{"floor":23,"key":"REST"},{"floor":29,"key":"REST"},{"floor":32,"key":"REST"}],"neow_cost":"NONE","seed_source_timestamp":89844318026068,"circlet_count":0,"master_deck":["Strike_B+1","Strike_B+1","Strike_B+1","Strike_B+1","Defend_B+1","Defend_B+1","Defend_B+1","Zap","Dualcast","Undo","Streamline","Sunder+1","Turbo","Core Surge","Sunder","Compile Driver","Flash of Steel","Barrage","Self Repair","Creative AI","Thunder Strike","Ball Lightning","Self Repair","RitualDagger","Force Field","FTL","Conserve Battery+1","Stack"],"relics":["Cracked Core","Potion Belt","Oddly Smooth Stone","FaceOfCleric","Bronze Scales","Inserter","Happy Flower","Ginger","Singing Bowl"],"potions_floor_usage":[13,16,16,28,33,33,33],"damage_taken":[{"damage":3,"enemies":"2 Louse","floor":1,"turns":2},{"damage":0,"enemies":"Cultist","floor":2,"turns":5},{"damage":6,"enemies":"Jaw Worm","floor":4,"turns":3},{"damage":22,"enemies":"3 Sentries","floor":6,"turns":5},{"damage":0,"enemies":"Exordium Wildlife","floor":7,"turns":3},{"damage":8,"enemies":"Large Slime","floor":11,"turns":4},{"damage":6,"enemies":"Blue Slaver","floor":13,"turns":2},{"damage":0,"enemies":"Exordium Thugs","floor":14,"turns":3},{"damage":31,"enemies":"Slime Boss","floor":16,"turns":8},{"damage":35,"enemies":"3 Byrds","floor":18,"turns":4},{"damage":26,"enemies":"Chosen","floor":19,"turns":5},{"damage":48,"enemies":"3 Cultists","floor":27,"turns":5},{"damage":0,"enemies":"Snecko","floor":28,"turns":4},{"damage":26,"enemies":"Shelled Parasite and Fungi","floor":30,"turns":7},{"damage":21,"enemies":"3 Cultists","floor":31,"turns":5},{"damage":77,"enemies":"Champ","floor":33,"turns":8}],"seed_played":"-6981955993102660119","potions_obtained":[{"floor":4,"key":"FearPotion"},{"floor":6,"key":"Energy Potion"},{"floor":11,"key":"SpeedPotion"},{"floor":13,"key":"PowerPotion"},{"floor":16,"key":"Poison Potion"},{"floor":18,"key":"SteroidPotion"},{"floor":19,"key":"SteroidPotion"}],"is_trial":false,"path_per_floor":["M","M","?","M","?","E","M","?","T","$","M","?","M","M","R","B",null,"M","M","?","?","T","R","T","?","T","M","M","R","M","M","R"],"character_chosen":"DEFECT","items_purchased":["Compile Driver","Flash of Steel"],"campfire_rested":4,"item_purchase_floors":[10,10],"current_hp_per_floor":[72,72,72,66,66,44,44,44,44,44,37,37,32,40,63,40,79,52,34,34,34,34,58,58,52,52,19,27,51,40,34,59,0],"gold":390,"neow_bonus":"RANDOM_COMMON_RELIC","is_prod":false,"is_daily":false,"chose_seed":false,"campfire_upgraded":0,"win_rate":0.0,"timestamp":1537037698,"path_taken":["M","M","?","M","?","E","M","?","T","?","M","?","M","M","R","BOSS","M","?","?","?","?","R","?","?","T","M","M","R","M","?","R","BOSS"],"build_version":"2018-09-06","purchased_purges":0,"victory":false,"max_hp_per_floor":[75,75,75,75,75,75,75,75,75,75,76,76,77,78,78,79,79,80,81,81,81,81,81,81,81,81,82,83,83,84,85,85,85],"card_choices":[{"not_picked":["Cold Snap","Capacitor"],"picked":"Undo","floor":1},{"not_picked":["Steam","Fusion"],"picked":"Streamline","floor":2},{"not_picked":["Hologram","Cold Snap"],"picked":"Turbo","floor":4},{"not_picked":["Melter","Blizzard"],"picked":"Core Surge","floor":6},{"not_picked":["Stack","Barrage"],"picked":"Sunder","floor":7},{"not_picked":["Rebound","Coolheaded"],"picked":"Barrage","floor":11},{"not_picked":["Consume","Beam Cell"],"picked":"Self Repair","floor":13},{"not_picked":["Steam","Undo"],"picked":"Creative AI","floor":14},{"not_picked":["Echo Form","Meteor Strike"],"picked":"Thunder Strike","floor":16},{"not_picked":["Chaos","Coolheaded"],"picked":"Ball Lightning","floor":18},{"not_picked":["Sweeping Beam","Barrage"],"picked":"Self Repair","floor":19},{"not_picked":["Reboot","Barrage"],"picked":"Force Field","floor":27},{"not_picked":["Cold Snap+1","Sweeping Beam"],"picked":"FTL","floor":28},{"not_picked":["Static Discharge","Reprogram"],"picked":"Conserve Battery+1","floor":30},{"not_picked":["Fusion","Hologram"],"picked":"Stack","floor":31}],"player_experience":116935,"relics_obtained":[{"floor":6,"key":"Oddly Smooth Stone"},{"floor":9,"key":"Bronze Scales"},{"floor":22,"key":"Happy Flower"},{"floor":24,"key":"Ginger"},{"floor":26,"key":"Singing Bowl"}],"event_choices":[{"event_name":"Transmorgrifier","player_choice":"Transform","floor":3,"damage_taken":0},{"event_name":"Living Wall","player_choice":"Grow","floor":5,"damage_taken":0},{"event_name":"FaceTrader","player_choice":"Trade","floor":8,"damage_taken":0},{"event_name":"Golden Wing","player_choice":"Gained Gold","floor":12,"damage_taken":0},{"event_name":"Back to Basics","player_choice":"Simplicity","floor":20,"damage_taken":0},{"event_name":"Ghosts","player_choice":"Ignored","floor":21,"damage_taken":0},{"event_name":"Nest","player_choice":"Joined the Cult","floor":25,"damage_taken":0}],"is_beta":false,"boss_relics":[{"not_picked":["Runic Pyramid","Cursed Key"],"picked":"Inserter"}],"items_purged_floors":[],"is_endless":false,"potions_floor_spawned":[4,6,11,13,16,18,19],"killed_by":"Champ","ascension_level":0}