{"path_per_floor":["M","?","$","M","M","R","E","M","T","M","M","E","R","M","R","B",null,"M","?","$","?","M","R","M","M","T","E","?"],"character_chosen":"IRONCLAD","items_purchased":["Flex","Prayer Wheel","Reaper"],"gold_per_floor":[109,109,86,101,116,116,141,155,155,166,182,210,210,225,225,323,323,337,337,112,27,42,42,62,79,79,110,110],"floor_reached":29,"campfire_rested":2,"playtime":1389,"current_hp_per_floor":[80,80,80,80,80,80,43,38,38,41,47,37,76,68,68,51,80,27,27,27,27,32,71,80,72,72,47,32],"items_purged":[],"gold":110,"score":257,"play_id":"75b0d3cc-dd70-48da-9695-a57103f1ac3d","is_prod":false,"is_daily":false,"is_ascension_mode":false,"campfire_upgraded":2,"path_taken":["M","?","?","M","M","R","E","?","T","M","M","E","R","M","R","BOSS","M","?","$","?","M","R","M","M","T","E","?","E"],"build_version":"2018-02-12-PROD1","purchased_purges":0,"victory":false,"master_deck":["Strike_R+1","Strike_R+1","Strike_R+1","Strike_R+1","Strike_R+1","Defend_R+1","Defend_R+1","Defend_R+1","Defend_R+1","Bash","Battle Trance","Seeing Red","Normality","Flex","Metallicize+1","Heavy Blade+1","Demon Form","Whirlwind","Reckless Charge+1","Body Slam","Shrug It Off","Thunderclap","Impervious","Rampage+1","Reaper+1","Iron Wave+1","Perfected Strike+1","Heavy Blade+1","Disarm+1","Sword Boomerang"],"max_hp_per_floor":[80,80,80,80,80,80,80,80,80,80,80,80,80,80,80,80,80,80,80,80,80,80,80,80,80,80,80,85],"relics":["Burning Blood","Regal Pillow","Pen Nib","Anchor","Bag of Marbles","White Beast Statue","Prayer Wheel","Du-Vu Doll","Gambling Chip","Whetstone"],"card_choices":[{"not_picked":["Flame Barrier","Warcry"],"picked":"Battle Trance"},{"not_picked":["Flex","Dropkick"],"picked":"Seeing Red"},{"not_picked":["Thunderclap","Flex"],"picked":"Metallicize"},{"not_picked":["Intimidate","Clash"],"picked":"Heavy Blade"},{"not_picked":["Clothesline","True Grit"],"picked":"Demon Form"},{"not_picked":["Battle Trance","Bloodletting"],"picked":"Whirlwind"},{"not_picked":["Fire Breathing","Cleave"],"picked":"Reckless Charge"},{"not_picked":["Disarm","Feel No Pain"],"picked":"Body Slam"},{"not_picked":["Clothesline","Offering"],"picked":"Shrug It Off"},{"not_picked":["Heavy Blade","Disarm"],"picked":"Thunderclap"},{"not_picked":["Juggernaut","Fiend Fire"],"picked":"Impervious"},{"not_picked":["Sword Boomerang","Clothesline"],"picked":"Rampage"},{"not_picked":["Headbutt","Pummel"],"picked":"Iron Wave"},{"not_picked":["Rupture","Flex"],"picked":"Perfected Strike"},{"not_picked":["Shrug It Off","Battle Trance"],"picked":"Heavy Blade"},{"not_picked":["Pommel Strike","Hemokinesis"],"picked":"Disarm"},{"not_picked":["Reckless Charge","Dual Wield"],"picked":"Sword Boomerang"}],"player_experience":61041,"potions_floor_usage":[7,12,12,16,16,22,24,25,25,27,29],"damage_taken":[{"damage":5,"enemies":"Small Slimes","floor":1,"turns":6},{"damage":1,"enemies":"Cultist","floor":4,"turns":3},{"damage":3,"enemies":"2 Louse","floor":5,"turns":3},{"damage":43,"enemies":"Lagavulin","floor":7,"turns":9},{"damage":11,"enemies":"Red Slaver","floor":8,"turns":5},{"damage":3,"enemies":"Lots of Slimes","floor":10,"turns":2},{"damage":0,"enemies":"Exordium Thugs","floor":11,"turns":2},{"damage":16,"enemies":"Gremlin Nob","floor":12,"turns":5},{"damage":14,"enemies":"3 Louse","floor":14,"turns":5},{"damage":23,"enemies":"The Guardian","floor":16,"turns":10},{"damage":59,"enemies":"Spheric Guardian","floor":18,"turns":11},{"damage":6,"enemies":"Shell Parasite","floor":22,"turns":6},{"damage":9,"enemies":"Chosen and Byrds","floor":24,"turns":8},{"damage":14,"enemies":"Snecko","floor":25,"turns":4},{"damage":42,"enemies":"Book of Stabbing","floor":27,"turns":7},{"damage":33,"enemies":"Slavers","floor":29,"turns":5}],"event_choices":[{"event_name":"Accursed Blacksmith","player_choice":"Rummage","floor":2,"damage_taken":0},{"event_name":"Back to Basics","player_choice":"Simplicity","floor":19,"damage_taken":0},{"event_name":"Addict","player_choice":"Obtained Relic","floor":21,"damage_taken":0},{"event_name":"Forgotten Altar","player_choice":"Shed Blood","floor":28,"damage_taken":0}],"boss_relics":[{"not_picked":["Sozu","Philosopher\u0027s Stone"],"picked":"White Beast Statue"}],"potions_floor_spawned":[1,5,8,10,12,14,18,22,24,25,27],"seed_played":"-945153028133107773","killed_by":"Slavers","ascension_level":0,"is_trial":false}