{"gold_per_floor":[113,213,231,246,258,258,293,293,320,335,345,345,16,36,36,131,131,148,173,14,14,28,28],"floor_reached":23,"playtime":2196,"items_purged":[],"score":193,"play_id":"26a51501-aae5-4d4d-afb0-49f8aab7877c","local_time":"20190615021853","is_ascension_mode":false,"campfire_choices":[{"data":"Flex","floor":6,"key":"SMITH"},{"data":"Inflame","floor":12,"key":"SMITH"},{"floor":15,"key":"REST"}],"neow_cost":"NONE","seed_source_timestamp":111811409404500,"circlet_count":0,"master_deck":["Strike_R","Strike_R","Strike_R","Strike_R","Strike_R","Defend_R","Defend_R","Defend_R","Defend_R","Bash","Fiend Fire","Armaments+1","Inflame+1","Flex+1","Spot Weakness","Uppercut","Reaper","Clothesline","Armaments","Fire Breathing","Bandage Up","Anger","Barricade","Heavy Blade","Apotheosis","Flame Barrier+1"],"relics":["Burning Blood","Omamori","Lantern","Membership Card","Strawberry","Blood Vial","Happy Flower"],"potions_floor_usage":[7,16,23,23],"damage_taken":[{"damage":0,"enemies":"Small Slimes","floor":1,"turns":3},{"damage":4,"enemies":"Cultist","floor":3,"turns":4},{"damage":1,"enemies":"Jaw Worm","floor":4,"turns":6},{"damage":10,"enemies":"Red Slaver","floor":5,"turns":6},{"damage":39,"enemies":"3 Sentries","floor":7,"turns":12},{"damage":5,"enemies":"Large Slime","floor":10,"turns":7},{"damage":9,"enemies":"Blue Slaver","floor":11,"turns":4},{"damage":2,"enemies":"3 Louse","floor":14,"turns":4},{"damage":22,"enemies":"Slime Boss","floor":16,"turns":7},{"damage":27,"enemies":"Spheric Guardian","floor":18,"turns":5},{"damage":33,"enemies":"3 Byrds","floor":22,"turns":6},{"damage":77,"enemies":"Slavers","floor":23,"turns":6}],"seed_played":"1927569462462680361","potions_obtained":[{"floor":1,"key":"Block Potion"},{"floor":5,"key":"Strength Potion"},{"floor":10,"key":"Explosive Potion"},{"floor":16,"key":"Ancient Potion"},{"floor":18,"key":"FearPotion"}],"is_trial":false,"path_per_floor":["M","?","M","M","M","R","E","?","T","M","M","R","$","M","R","B",null,"M","T","$","?","M","E"],"character_chosen":"IRONCLAD","items_purchased":["Armaments","Fire Breathing","Membership Card","Bandage Up","Apotheosis","Blood Vial"],"campfire_rested":1,"item_purchase_floors":[13,13,13,13,20,20],"current_hp_per_floor":[80,80,80,80,76,76,43,43,43,44,49,49,49,57,80,80,80,63,70,70,70,49,0],"gold":28,"neow_bonus":"ONE_RANDOM_RARE_CARD","is_prod":false,"is_daily":false,"chose_seed":false,"campfire_upgraded":2,"win_rate":0.0,"timestamp":1560529133,"path_taken":["M","?","M","M","?","R","E","?","T","M","M","R","$","M","R","BOSS","M","?","$","?","M","E"],"build_version":"2019-01-23","purchased_purges":0,"victory":false,"max_hp_per_floor":[80,80,80,80,80,80,80,80,80,80,80,80,80,80,80,80,80,80,87,87,87,87,87],"card_choices":[{"not_picked":["Inflame","Flex"],"picked":"Armaments","floor":1},{"not_picked":["Power Through","Second Wind"],"picked":"Inflame","floor":3},{"not_picked":["Perfected Strike","Sever Soul"],"picked":"Flex","floor":4},{"not_picked":["Flex","Cleave"],"picked":"Spot Weakness","floor":5},{"not_picked":["Seeing Red","Disarm"],"picked":"Uppercut","floor":7},{"not_picked":["Anger","Pommel Strike"],"picked":"Reaper","floor":10},{"not_picked":["Metallicize","Iron Wave"],"picked":"Clothesline","floor":11},{"not_picked":["Iron Wave","Hemokinesis"],"picked":"Anger","floor":14},{"not_picked":["Demon Form","Bludgeon"],"picked":"Barricade","floor":16},{"not_picked":["Flex","Body Slam"],"picked":"Heavy Blade","floor":18},{"not_picked":["Power Through","Seeing Red"],"picked":"Flame Barrier+1","floor":22}],"player_experience":21732,"relics_obtained":[{"floor":7,"key":"Omamori"},{"floor":9,"key":"Lantern"},{"floor":19,"key":"Strawberry"}],"event_choices":[{"damage_healed":0,"gold_gain":100,"player_choice":"Pray","damage_taken":0,"max_hp_gain":0,"max_hp_loss":0,"event_name":"Golden Shrine","floor":2,"gold_loss":0},{"damage_healed":0,"gold_gain":0,"player_choice":"Forge","damage_taken":0,"max_hp_gain":0,"max_hp_loss":0,"event_name":"Accursed Blacksmith","floor":8,"gold_loss":0,"cards_upgraded":["Armaments"]},{"damage_healed":0,"gold_gain":0,"player_choice":"Opened","damage_taken":0,"relics_obtained":["Happy Flower"],"max_hp_gain":0,"max_hp_loss":0,"event_name":"The Mausoleum","floor":21,"gold_loss":0}],"is_beta":false,"boss_relics":[{"not_picked":["Runic Pyramid","Philosopher\u0027s Stone","Ectoplasm"]}],"items_purged_floors":[],"is_endless":false,"potions_floor_spawned":[1,5,10,16,18,22],"killed_by":"Slavers","ascension_level":0}