{"gold_per_floor":[160,171,191,208,208,268,283,283,283,317,302],"floor_reached":11,"playtime":620,"items_purged":[],"score":136,"play_id":"a362a0fe-519f-46fd-9eba-da0bb914c17a","local_time":"20190325181449","is_ascension_mode":true,"campfire_choices":[{"floor":8,"key":"REST"}],"neow_cost":"NONE","seed_source_timestamp":1041052906694762,"circlet_count":0,"master_deck":["AscendersBane","Defend_G+1","Defend_G","Defend_G","Defend_G","Defend_G","Strike_G","Strike_G","Strike_G","Strike_G","Strike_G","Survivor","Neutralize","Leg Sweep","Quick Slash","Backstab","Noxious Fumes","Footwork","Noxious Fumes","Backflip","Wraith Form v2"],"relics":["Tiny House","Tiny Chest","StoneCalendar","The Specimen"],"potions_floor_usage":[],"damage_taken":[{"damage":0,"enemies":"Small Slimes","floor":1,"turns":6},{"damage":0,"enemies":"Jaw Worm","floor":2,"turns":6},{"damage":0,"enemies":"Cultist","floor":3,"turns":4},{"damage":9,"enemies":"Large Slime","floor":4,"turns":10},{"damage":22,"enemies":"3 Sentries","floor":6,"turns":10},{"damage":6,"enemies":"Looter","floor":7,"turns":4},{"damage":38,"enemies":"Gremlin Nob","floor":10,"turns":6},{"damage":17,"enemies":"Exordium Thugs","floor":11,"turns":1}],"seed_played":"7975788400524999171","potions_obtained":[{"floor":0,"key":"Energy Potion"},{"floor":1,"key":"LiquidBronze"}],"is_trial":false,"path_per_floor":["M","M","M","M","$","E","M","R","T","E","M"],"character_chosen":"THE_SILENT","items_purchased":[],"campfire_rested":1,"item_purchase_floors":[],"current_hp_per_floor":[68,68,68,59,59,37,31,53,53,15,0],"gold":302,"neow_bonus":"BOSS_RELIC","is_prod":false,"is_daily":false,"chose_seed":false,"campfire_upgraded":0,"win_rate":0,"timestamp":1553552089,"path_taken":["M","M","M","M","$","E","M","R","T","E","M"],"build_version":"2019-01-23","purchased_purges":0,"victory":false,"max_hp_per_floor":[75,75,75,75,75,75,75,75,75,75,75],"card_choices":[{"not_picked":["Acrobatics","Backflip"],"picked":"Leg Sweep","floor":0},{"not_picked":["Acrobatics","Underhanded Strike"],"picked":"Quick Slash","floor":1},{"not_picked":["Unload","Slice"],"picked":"Backstab","floor":2},{"not_picked":["Slice","Outmaneuver"],"picked":"Noxious Fumes","floor":3},{"not_picked":["Concentrate","Quick Slash"],"picked":"Footwork","floor":4},{"not_picked":["Backflip","Slice"],"picked":"Noxious Fumes","floor":6},{"not_picked":["Prepared","Sucker Punch"],"picked":"Backflip","floor":7},{"not_picked":["Dagger Throw","Flechettes"],"picked":"Wraith Form v2","floor":10}],"player_experience":379018,"relics_obtained":[{"floor":6,"key":"Tiny Chest"},{"floor":9,"key":"StoneCalendar"},{"floor":10,"key":"The Specimen"}],"event_choices":[],"is_beta":false,"boss_relics":[],"items_purged_floors":[],"is_endless":false,"potions_floor_spawned":[1,3,7],"killed_by":"Exordium Thugs","ascension_level":12}