{"gold_per_floor":[115,290,308,147,164,198,257,257,257,268,268,286,315,335,335,433,433,453,472,472,486,486,518,518,518,518,518,145,161,178,213,213,312,312,332,242,253,106,126,126],"floor_reached":40,"playtime":2900,"items_purged":[],"score":463,"play_id":"3b84c35d-27a6-4b74-b67a-95b8fa08c6f1","local_time":"20180914215142","is_ascension_mode":false,"campfire_choices":[{"floor":11,"key":"REST"},{"floor":15,"key":"REST"},{"floor":24,"key":"REST"},{"data":"Dualcast","floor":27,"key":"SMITH"},{"floor":32,"key":"REST"}],"neow_cost":"","seed_source_timestamp":26627975790062,"circlet_count":0,"master_deck":["Strike_B","Strike_B","Strike_B","Strike_B","Defend_B","Defend_B","Defend_B","Defend_B","Zap","Dualcast+1","Hologram","Static Discharge","Loop","Auto Shields","Conserve Battery","Hello World+1","Redo","Glacier","Darkness+1","Cold Snap","Genetic Algorithm+1","Darkness+1","Fission+1","Chaos+1","Sweeping Beam+1","Hologram+1","Redo+1","Dark Shackles+1","Stack+1","Conserve Battery+1","Go for the Eyes+1","Fission+1","Redo+1","Hello World+1","Static Discharge+1"],"relics":["Cracked Core","Singing Bowl","Happy Flower","Toxic Egg 2","Letter Opener","Dead Branch","Lizard Tail","MutagenicStrength","Bottled Flame","Molten Egg 2","Bottled Tornado","Smiling Mask","Inserter","Anchor"],"potions_floor_usage":[7,16,23,23],"damage_taken":[{"damage":0,"enemies":"2 Louse","floor":1,"turns":4},{"damage":2,"enemies":"Small Slimes","floor":3,"turns":4},{"damage":0,"enemies":"Cultist","floor":5,"turns":4},{"damage":18,"enemies":"3 Sentries","floor":6,"turns":7},{"damage":19,"enemies":"3 Sentries","floor":7,"turns":6},{"damage":3,"enemies":"Looter","floor":10,"turns":3},{"damage":7,"enemies":"3 Louse","floor":12,"turns":3},{"damage":10,"enemies":"Lagavulin","floor":13,"turns":8},{"damage":5,"enemies":"Large Slime","floor":14,"turns":5},{"damage":11,"enemies":"Hexaghost","floor":16,"turns":8},{"damage":13,"enemies":"Shell Parasite","floor":18,"turns":6},{"damage":9,"enemies":"2 Thieves","floor":19,"turns":4},{"damage":13,"enemies":"Sentry and Sphere","floor":21,"turns":4},{"damage":17,"enemies":"Gremlin Leader","floor":23,"turns":5},{"damage":34,"enemies":"Snake Plant","floor":29,"turns":3},{"damage":4,"enemies":"3 Cultists","floor":30,"turns":4},{"damage":7,"enemies":"Book of Stabbing","floor":31,"turns":5},{"damage":71,"enemies":"Automaton","floor":33,"turns":9},{"damage":17,"enemies":"Orb Walker","floor":35,"turns":4},{"damage":33,"enemies":"3 Darklings","floor":37,"turns":4},{"damage":18,"enemies":"4 Shapes","floor":39,"turns":3},{"damage":21,"enemies":"Nemesis","floor":40,"turns":6}],"seed_played":"-180818537517213592","potions_obtained":[{"floor":1,"key":"FearPotion"},{"floor":6,"key":"AttackPotion"},{"floor":7,"key":"Ancient Potion"},{"floor":13,"key":"Explosive Potion"},{"floor":14,"key":"Dexterity Potion"},{"floor":16,"key":"Fire Potion"},{"floor":19,"key":"Strength Potion"},{"floor":31,"key":"SteroidPotion"}],"is_trial":false,"path_per_floor":["M","?","M","$","M","E","?","T","T","M","R","M","E","M","R","B",null,"M","M","?","M","?","E","R","?","T","R","$","M","M","E","R","B",null,"M","?","M","$","M"],"character_chosen":"DEFECT","items_purchased":["Loop","Auto Shields","Conserve Battery","Redo+1","Bottled Tornado","Dark Shackles+1","Anchor"],"campfire_rested":4,"item_purchase_floors":[4,4,4,28,28,28,38],"current_hp_per_floor":[75,75,73,73,73,55,36,36,36,33,55,48,38,33,55,44,75,62,53,53,40,40,23,45,75,75,75,75,41,37,30,52,34,75,58,58,32,32,14,0],"gold":126,"neow_bonus":"","is_prod":false,"is_daily":false,"chose_seed":false,"campfire_upgraded":1,"win_rate":0.0,"timestamp":1536976302,"path_taken":["M","?","M","$","M","E","?","?","T","M","R","?","E","M","R","BOSS","M","M","?","?","?","E","R","?","T","R","$","M","M","E","R","BOSS","M","?","M","$","M","E"],"build_version":"2018-09-06","purchased_purges":0,"victory":false,"max_hp_per_floor":[75,75,75,75,75,75,75,75,75,75,75,75,75,75,75,75,75,75,75,75,75,75,75,75,75,75,75,75,75,75,75,75,75,75,75,75,75,75,75,75],"card_choices":[{"not_picked":["Blizzard","Go for the Eyes"],"picked":"Hologram","floor":1},{"not_picked":["Doom and Gloom","Lockon"],"picked":"Static Discharge","floor":3},{"not_picked":["White Noise","Blizzard"],"picked":"Hello World","floor":5},{"not_picked":["Fusion","Aggregate"],"picked":"Redo","floor":6},{"not_picked":["Barrage","Tempest"],"picked":"Glacier","floor":7},{"not_picked":["Streamline","Heatsinks"],"picked":"Darkness+1","floor":10},{"not_picked":["Gash","Buffer"],"picked":"Cold Snap","floor":12},{"not_picked":["Go for the Eyes","White Noise+1"],"picked":"Genetic Algorithm+1","floor":13},{"not_picked":["Beam Cell","Streamline"],"picked":"Darkness+1","floor":14},{"not_picked":["Thunder Strike","Reboot+1"],"picked":"Fission+1","floor":16},{"not_picked":["Leap+1","Conserve Battery+1"],"picked":"Chaos+1","floor":18},{"not_picked":["Compile Driver","Hologram+1"],"picked":"Sweeping Beam+1","floor":19},{"not_picked":["Go for the Eyes","Barrage"],"picked":"Hologram+1","floor":21},{"not_picked":["Beam Cell","Gash"],"picked":"Tempest+1","floor":23},{"not_picked":["Tempest+1","Go for the Eyes+1"],"picked":"Stack+1","floor":29},{"not_picked":["Beam Cell+1","Stack+1"],"picked":"Conserve Battery+1","floor":30},{"not_picked":["Static Discharge","Creative AI"],"picked":"Go for the Eyes+1","floor":31},{"not_picked":["Amplify+1","Thunder Strike+1"],"picked":"Fission+1","floor":33},{"not_picked":["Rip and Tear+1","Gash+1"],"picked":"Redo+1","floor":35},{"not_picked":["Hologram+1","Sweeping Beam+1"],"picked":"Hello World+1","floor":37},{"not_picked":["Redo+1","Hello World"],"picked":"Static Discharge+1","floor":39}],"player_experience":92354,"relics_obtained":[{"floor":6,"key":"Singing Bowl"},{"floor":8,"key":"Toxic Egg 2"},{"floor":9,"key":"Letter Opener"},{"floor":13,"key":"Dead Branch"},{"floor":23,"key":"Bottled Flame"},{"floor":26,"key":"Molten Egg 2"},{"floor":31,"key":"Smiling Mask"}],"event_choices":[{"event_name":"Liars Game","player_choice":"agreed","floor":2,"damage_taken":0},{"event_name":"Dead Adventurer","player_choice":"Searched \u00273\u0027 times","floor":7,"damage_taken":0},{"event_name":"Drug Dealer","player_choice":"Inject Mutagens","floor":20,"damage_taken":0},{"event_name":"Vampires","player_choice":"Ignored","floor":22,"damage_taken":0},{"event_name":"Bonfire Elementals","player_choice":"UNCOMMON","floor":25,"damage_taken":0},{"event_name":"Designer","player_choice":"Full Service","floor":36,"damage_taken":0}],"is_beta":false,"boss_relics":[{"not_picked":["Busted Crown","Snecko Eye"],"picked":"Lizard Tail"},{"not_picked":["White Beast Statue","Pandora\u0027s Box"],"picked":"Inserter"}],"items_purged_floors":[],"is_endless":false,"potions_floor_spawned":[1,6,7,13,14,16,19,21,31],"killed_by":"Nemesis","ascension_level":0}