{"gold_per_floor":[116,116,116,116,132,166,166,110,183,204,204,247,247,267,267,360,360,375,290,15,31,31,67,67,13,37,37,37,70,70,83,83,174,174,198,212,230,355,21,57,57,96,108,120,0,35,47,79,91,103],"floor_reached":51,"playtime":3347,"items_purged":["Strike_G"],"score":1603,"play_id":"b6f38b88-88ea-41a4-b20c-697097da5259","local_time":"20190619110406","is_ascension_mode":true,"campfire_choices":[{"floor":11,"key":"REST"},{"floor":13,"key":"REST"},{"data":"Bouncing Flask","floor":15,"key":"SMITH"},{"floor":24,"key":"REST"},{"data":"Cloak And Dagger","floor":27,"key":"SMITH"},{"floor":30,"key":"REST"},{"floor":32,"key":"REST"},{"data":"Footwork","floor":41,"key":"SMITH"},{"data":"Survivor","floor":44,"key":"SMITH"},{"data":"After Image","floor":49,"key":"SMITH"}],"neow_cost":"NONE","seed_source_timestamp":577781301974419,"circlet_count":0,"master_deck":["AscendersBane","Defend_G+1","Defend_G","Defend_G","Defend_G","Defend_G","Strike_G","Strike_G","Survivor+1","Neutralize+1","Bouncing Flask+1","Escape Plan","Well Laid Plans","Cloak And Dagger+1","After Image+1","Crippling Poison","Die Die Die","Footwork+1","Catalyst+1","Concentrate+1","Dagger Spray","Catalyst+1","Cloak And Dagger+1","Corpse Explosion+1","Expertise+1","Backflip+1","Footwork+1","Backflip+1"],"relics":["Ring of the Snake","NeowsBlessing","Golden Idol","Bronze Scales","Blood Vial","Letter Opener","Ancient Tea Set","Philosopher\u0027s Stone","Toxic Egg 2","Kunai","Gremlin Horn","Potion Belt","Gambling Chip","Busted Crown","Bird Faced Urn","Oddly Smooth Stone","Omamori","MawBank","Pantograph","Red Mask"],"potions_floor_usage":[12,12,16,18,23],"damage_taken":[{"damage":0,"enemies":"Small Slimes","floor":1,"turns":1},{"damage":0,"enemies":"2 Louse","floor":5,"turns":1},{"damage":0,"enemies":"Gremlin Nob","floor":6,"turns":1},{"damage":0,"enemies":"Jaw Worm","floor":10,"turns":5},{"damage":13,"enemies":"Lagavulin","floor":12,"turns":6},{"damage":4,"enemies":"Large Slime","floor":14,"turns":7},{"damage":25,"enemies":"Slime Boss","floor":16,"turns":15},{"damage":24,"enemies":"2 Thieves","floor":18,"turns":4},{"damage":0,"enemies":"Shell Parasite","floor":21,"turns":6},{"damage":20,"enemies":"Book of Stabbing","floor":23,"turns":5},{"damage":21,"enemies":"Slavers","floor":29,"turns":4},{"damage":14,"enemies":"3 Cultists","floor":31,"turns":5},{"damage":11,"enemies":"Collector","floor":33,"turns":8},{"damage":21,"enemies":"Orb Walker","floor":35,"turns":5},{"damage":6,"enemies":"3 Darklings","floor":36,"turns":2},{"damage":8,"enemies":"Transient","floor":37,"turns":5},{"damage":0,"enemies":"Mind Bloom Boss Battle","floor":38,"turns":6},{"damage":0,"enemies":"Giant Head","floor":40,"turns":7},{"damage":0,"enemies":"Reptomancer","floor":42,"turns":4},{"damage":0,"enemies":"Sphere and 2 Shapes","floor":46,"turns":3},{"damage":0,"enemies":"Writhing Mass","floor":48,"turns":5},{"damage":0,"enemies":"Time Eater","floor":50,"turns":6}],"seed_played":"5831087396215439223","potions_obtained":[{"floor":1,"key":"Weak Potion"},{"floor":6,"key":"Dexterity Potion"},{"floor":14,"key":"Explosive Potion"},{"floor":16,"key":"AttackPotion"},{"floor":18,"key":"LiquidBronze"},{"floor":38,"key":"SteroidPotion"},{"floor":48,"key":"LiquidBronze"}],"is_trial":false,"path_per_floor":["M","?","?","?","M","E","?","?","T","M","R","E","R","M","R","B",null,"M","?","$","M","?","E","R","$","T","R","?","E","R","M","R","B",null,"M","M","M","?","$","E","R","E","T","R","?","M","$","M","R","B",null],"character_chosen":"THE_SILENT","items_purchased":["Kunai","Cloak And Dagger+1","Backflip+1","Footwork","Oddly Smooth Stone"],"campfire_rested":5,"item_purchase_floors":[20,25,39,39,39],"current_hp_per_floor":[59,59,24,6,6,6,6,6,6,8,26,15,33,31,31,8,47,25,25,25,27,27,9,27,27,27,27,27,8,26,14,32,23,51,32,28,22,24,24,34,34,44,44,44,44,50,50,60,60,60],"gold":115,"neow_bonus":"THREE_ENEMY_KILL","is_prod":false,"is_daily":false,"chose_seed":false,"campfire_upgraded":5,"win_rate":0,"timestamp":1560913446,"path_taken":["M","?","?","?","M","E","?","?","T","M","R","E","R","M","R","BOSS","M","?","$","M","?","E","R","?","T","R","?","E","R","M","R","BOSS","M","M","?","?","?","E","R","E","T","R","?","M","?","?","R","BOSS"],"build_version":"2019-01-23","purchased_purges":1,"victory":true,"max_hp_per_floor":[66,60,60,60,60,60,60,60,60,60,60,60,60,60,60,60,60,60,60,60,60,60,60,60,60,60,60,60,60,60,60,60,60,60,60,60,60,60,60,60,60,60,60,60,60,60,60,60,60,60],"card_choices":[{"not_picked":["Concentrate","Predator"],"picked":"Bouncing Flask","floor":1},{"not_picked":["Outmaneuver","Flying Knee"],"picked":"Escape Plan","floor":5},{"not_picked":["Poisoned Stab","Endless Agony"],"picked":"Well Laid Plans","floor":6},{"not_picked":["Backstab","Dodge and Roll"],"picked":"Cloak And Dagger","floor":10},{"not_picked":["Outmaneuver","Acrobatics"],"picked":"After Image","floor":12},{"not_picked":["Dash","Flechettes"],"picked":"Crippling Poison","floor":14},{"not_picked":["Venomology","Glass Knife"],"picked":"Die Die Die","floor":16},{"not_picked":["Slice","Backstab"],"picked":"Footwork+1","floor":18},{"not_picked":["Slice","Poisoned Stab"],"picked":"Catalyst+1","floor":21},{"not_picked":["A Thousand Cuts","Bane"],"picked":"Catalyst+1","floor":23},{"not_picked":["Dagger Throw","Outmaneuver+1","Slice"],"picked":"SKIP","floor":29},{"not_picked":["Well Laid Plans","Flying Knee","Heel Hook"],"picked":"SKIP","floor":31},{"not_picked":["Wraith Form v2","Unload"],"picked":"Corpse Explosion+1","floor":33},{"not_picked":["Distraction+1"],"picked":"SKIP","floor":35},{"not_picked":["Reflex+1"],"picked":"SKIP","floor":36},{"not_picked":["Dagger Spray"],"picked":"SKIP","floor":37},{"not_picked":[],"picked":"Expertise+1","floor":38},{"not_picked":[],"picked":"Backflip+1","floor":40},{"not_picked":["Endless Agony"],"picked":"SKIP","floor":42},{"not_picked":["PiercingWail+1"],"picked":"SKIP","floor":46},{"not_picked":["Slice"],"picked":"SKIP","floor":48}],"player_experience":912502,"relics_obtained":[{"floor":6,"key":"Blood Vial"},{"floor":9,"key":"Letter Opener"},{"floor":12,"key":"Ancient Tea Set"},{"floor":23,"key":"Gremlin Horn"},{"floor":26,"key":"Potion Belt"},{"floor":29,"key":"Gambling Chip"},{"floor":38,"key":"Bird Faced Urn"},{"floor":40,"key":"Omamori"},{"floor":42,"key":"MawBank"},{"floor":43,"key":"Pantograph"}],"event_choices":[{"damage_healed":0,"gold_gain":0,"player_choice":"Lose Max HP","damage_taken":0,"relics_obtained":["Golden Idol"],"max_hp_gain":0,"max_hp_loss":6,"event_name":"Golden Idol","floor":2,"gold_loss":0},{"damage_healed":0,"gold_gain":0,"player_choice":"Success","damage_taken":35,"relics_obtained":["Bronze Scales"],"max_hp_gain":0,"max_hp_loss":0,"event_name":"Scrap Ooze","floor":3,"gold_loss":0},{"damage_healed":0,"gold_gain":0,"player_choice":"Entered Light","damage_taken":18,"max_hp_gain":0,"max_hp_loss":0,"event_name":"Shining Light","floor":4,"gold_loss":0,"cards_upgraded":["Defend_G","Neutralize"]},{"damage_healed":0,"gold_gain":0,"player_choice":"Ignored","damage_taken":0,"max_hp_gain":0,"max_hp_loss":0,"event_name":"Liars Game","floor":7,"gold_loss":0},{"damage_healed":0,"gold_gain":0,"player_choice":"Left Gold","damage_taken":0,"max_hp_gain":0,"max_hp_loss":0,"event_name":"World of Goop","floor":8,"gold_loss":56},{"damage_healed":0,"gold_gain":0,"player_choice":"Obtained Relic","damage_taken":0,"relics_obtained":["Toxic Egg 2"],"max_hp_gain":0,"max_hp_loss":0,"event_name":"Addict","floor":19,"gold_loss":85},{"damage_healed":0,"gold_gain":0,"cards_transformed":["Strike_G","Strike_G"],"player_choice":"Became Test Subject","damage_taken":0,"max_hp_gain":0,"max_hp_loss":0,"event_name":"Drug Dealer","floor":22,"gold_loss":0,"cards_obtained":["Concentrate","Dagger Spray"]},{"damage_healed":0,"gold_gain":0,"player_choice":"Ignored","damage_taken":0,"max_hp_gain":0,"max_hp_loss":0,"event_name":"WeMeetAgain","floor":28,"gold_loss":0},{"damage_healed":0,"gold_gain":0,"player_choice":"Fight","damage_taken":0,"max_hp_gain":0,"max_hp_loss":0,"event_name":"MindBloom","floor":38,"gold_loss":0},{"damage_healed":0,"gold_gain":0,"player_choice":"Paid","damage_taken":0,"relics_obtained":["Red Mask"],"max_hp_gain":0,"max_hp_loss":0,"event_name":"Tomb of Lord Red Mask","floor":45,"gold_loss":132}],"is_beta":false,"boss_relics":[{"not_picked":["Orrery","Eternal Feather"],"picked":"Philosopher\u0027s Stone"},{"not_picked":["Runic Pyramid","Pandora\u0027s Box"],"picked":"Busted Crown"}],"items_purged_floors":[39],"is_endless":false,"potions_floor_spawned":[1,6,14,16,18,38,48],"ascension_level":16}