{"gold_per_floor":[212,232,232,249,130,161,161,171,239,249,282,282,292,306,306,409,409,424,443,443,443,463,498,516,187,212,231,231,231,231],"floor_reached":30,"playtime":1297,"items_purged":[],"score":289,"play_id":"fc423e94-213a-4d0b-b3e9-0b77c0c6c663","local_time":"20180915124119","is_ascension_mode":false,"campfire_choices":[{"floor":12,"key":"REST"},{"floor":15,"key":"REST"}],"neow_cost":"NONE","seed_source_timestamp":81610139885557,"circlet_count":0,"master_deck":["Strike_B","Strike_B","Strike_B","Strike_B","Defend_B+1","Defend_B","Defend_B","Defend_B","Zap+1","Dualcast","Reprogram+1","BootSequence","Ball Lightning","Lockon","Storm+1","Ball Lightning","Machine Learning","Force Field+1","Hello World","Self Repair","Conserve Battery","Echo Form","Chaos","Melter+1","RitualDagger","Streamline","Redo+1","Redo+1","Genetic Algorithm","Decay","Coolheaded+1","Writhe"],"relics":["Cracked Core","Torii","Darkstone Periapt","Potion Belt","Cursed Key","War Paint","Regal Pillow","Oddly Smooth Stone","Nloth\u0027s Gift","Blue Candle"],"potions_floor_usage":[11,16,16,22,30],"damage_taken":[{"damage":0,"enemies":"2 Louse","floor":1,"turns":2},{"damage":1,"enemies":"Cultist","floor":2,"turns":4},{"damage":10,"enemies":"Small Slimes","floor":4,"turns":3},{"damage":11,"enemies":"Lagavulin","floor":6,"turns":7},{"damage":1,"enemies":"2 Fungi Beasts","floor":8,"turns":3},{"damage":0,"enemies":"Looter","floor":10,"turns":2},{"damage":17,"enemies":"Gremlin Nob","floor":11,"turns":4},{"damage":4,"enemies":"Gremlin Gang","floor":13,"turns":4},{"damage":9,"enemies":"Exordium Wildlife","floor":14,"turns":4},{"damage":4,"enemies":"Hexaghost","floor":16,"turns":8},{"damage":21,"enemies":"2 Thieves","floor":18,"turns":4},{"damage":0,"enemies":"Chosen","floor":19,"turns":3},{"damage":14,"enemies":"Centurion and Healer","floor":22,"turns":3},{"damage":28,"enemies":"Gremlin Leader","floor":23,"turns":6},{"damage":10,"enemies":"Snecko","floor":24,"turns":5},{"damage":22,"enemies":"Cultist and Chosen","floor":27,"turns":5},{"damage":22,"enemies":"Slavers","floor":30,"turns":2}],"seed_played":"6303200960689758316","potions_obtained":[{"floor":1,"key":"SteroidPotion"},{"floor":2,"key":"Block Potion"},{"floor":10,"key":"Energy Potion"},{"floor":13,"key":"Fire Potion"},{"floor":14,"key":"Dexterity Potion"},{"floor":19,"key":"PowerPotion"},{"floor":23,"key":"Explosive Potion"},{"floor":27,"key":"FocusPotion"}],"is_trial":false,"path_per_floor":["M","M","?","M","$","E","?","M","T","M","E","R","M","M","R","B",null,"M","M","?","?","M","E","M","$","T","M","?","?"],"character_chosen":"DEFECT","items_purchased":["Lockon","Storm","Genetic Algorithm","Bag of Preparation","Regal Pillow"],"campfire_rested":2,"item_purchase_floors":[5,5,25,25,25],"current_hp_per_floor":[75,74,59,49,49,38,38,37,37,37,20,42,38,36,58,61,75,68,68,54,48,41,20,24,24,30,15,15,21,0],"gold":231,"neow_bonus":"HUNDRED_GOLD","is_prod":false,"is_daily":false,"chose_seed":false,"campfire_upgraded":0,"win_rate":0.0,"timestamp":1537029679,"path_taken":["M","M","?","?","$","E","?","M","T","?","E","R","M","M","R","BOSS","M","M","?","?","M","E","M","$","T","?","?","?","E"],"build_version":"2018-09-06","purchased_purges":0,"victory":false,"max_hp_per_floor":[75,75,75,75,75,75,75,75,75,75,75,75,75,75,75,75,75,75,75,80,80,80,80,80,80,86,86,86,92,92],"card_choices":[{"not_picked":["Aggregate","Sweeping Beam"],"picked":"Reprogram","floor":1},{"not_picked":["Gash","Rebound"],"picked":"BootSequence","floor":2},{"not_picked":["Undo","Steam"],"picked":"Ball Lightning","floor":4},{"not_picked":["Cold Snap","Compile Driver"],"picked":"Ball Lightning","floor":6},{"not_picked":["Aggregate","Streamline"],"picked":"Machine Learning","floor":8},{"not_picked":["Heatsinks","Recycle"],"picked":"Force Field","floor":10},{"not_picked":["Force Field","Skim"],"picked":"Hello World","floor":11},{"not_picked":["Coolheaded","Compile Driver"],"picked":"Self Repair","floor":13},{"not_picked":["Undo","Beam Cell"],"picked":"Conserve Battery","floor":14},{"not_picked":["Meteor Strike","Machine Learning"],"picked":"Echo Form","floor":16},{"not_picked":["Compile Driver","Aggregate"],"picked":"Chaos","floor":18},{"not_picked":["Barrage","Beam Cell"],"picked":"Melter+1","floor":19},{"not_picked":["Beam Cell","Cold Snap"],"picked":"Streamline","floor":22},{"not_picked":["Turbo+1","Ball Lightning+1"],"picked":"Redo+1","floor":23},{"not_picked":["BootSequence","Rebound"],"picked":"Redo+1","floor":24},{"not_picked":["Ball Lightning","Go for the Eyes"],"picked":"Coolheaded+1","floor":27}],"player_experience":108818,"relics_obtained":[{"floor":6,"key":"Torii"},{"floor":9,"key":"Darkstone Periapt"},{"floor":11,"key":"Potion Belt"},{"floor":23,"key":"War Paint"},{"floor":26,"key":"Oddly Smooth Stone"}],"event_choices":[{"event_name":"Shining Light","player_choice":"Entered Light","floor":3,"damage_taken":0},{"event_name":"Living Wall","player_choice":"Grow","floor":7,"damage_taken":0},{"event_name":"Forgotten Altar","player_choice":"Shed Blood","floor":20,"damage_taken":0},{"event_name":"Nest","player_choice":"Joined the Cult","floor":21,"damage_taken":0},{"event_name":"N\u0027loth","player_choice":"Traded a Bag of Preparation","floor":28,"damage_taken":0},{"event_name":"The Mausoleum","player_choice":"Yes","floor":29,"damage_taken":0}],"is_beta":false,"boss_relics":[{"not_picked":["Philosopher\u0027s Stone","Snecko Eye"],"picked":"Cursed Key"}],"items_purged_floors":[],"is_endless":false,"potions_floor_spawned":[1,2,10,13,14,19,23,27],"killed_by":"Slavers","ascension_level":0}