{"path_per_floor":["M","M","?","M","M","R","E","R","T","?","M","E","R","M","R","B",null,"M","$","?","M","M","R","E","M","T","$","R","M","?","M","R","B",null,"M","?","?","M","M","R","?","E","T","M","R","M","R","M","R"],"character_chosen":"THE_SILENT","items_purchased":["Bird Faced Urn"],"gold_per_floor":[118,134,134,146,164,164,197,197,197,151,169,204,204,224,224,323,353,371,81,81,100,113,113,138,148,174,174,174,186,186,202,202,297,297,313,313,313,332,344,344,344,370,670,686,686,703,703,721,721],"floor_reached":50,"campfire_rested":8,"playtime":2800,"current_hp_per_floor":[70,69,69,68,68,68,54,54,54,54,53,13,34,26,47,33,75,57,57,57,59,58,58,30,23,23,23,45,41,41,49,71,63,75,39,44,44,41,29,51,51,27,27,22,46,50,74,60,82],"items_purged":[],"gold":721,"score":506,"play_id":"290a6e59-7f1b-4728-947f-9f4e055c8148","is_prod":false,"is_daily":false,"is_ascension_mode":false,"campfire_upgraded":3,"path_taken":["M","M","?","M","M","R","E","R","T","?","M","E","R","?","R","BOSS","M","$","?","?","M","R","E","M","T","?","R","?","?","M","R","BOSS","M","?","?","M","M","R","?","E","T","M","R","?","R","M","R","BOSS"],"build_version":"2018-02-08-PROD1","purchased_purges":0,"victory":false,"master_deck":["Defend_G","Defend_G+1","Defend_G+1","Defend_G","Defend_G","Strike_G","Strike_G","Strike_G","Strike_G+1","Strike_G","Survivor+1","Neutralize","Deflect","Deflect","Adrenaline+1","Infinite Blades+1","Noxious Fumes","Dodge and Roll+1","Dash+1","Bane","Blade Dance","Envenom","Infinite Blades","Backstab+1","Riddle With Holes+1","Skewer","Sucker Punch+1","Caltrops","A Thousand Cuts","PiercingWail+1","Leg Sweep+1","Flying Knee","Phantasmal Killer","Dodge and Roll+1","After Image","Backflip+1","Sucker Punch+1"],"max_hp_per_floor":[70,70,70,70,70,70,70,70,70,70,70,70,70,70,70,70,75,75,75,75,75,75,75,75,75,75,75,75,75,75,75,75,75,75,75,75,75,75,75,75,75,82,82,82,82,82,82,82,82],"relics":["Ring of the Snake","Du-Vu Doll","Shuriken","Whetstone","Tiny House","Bird Faced Urn","Ornamental Fan","Meat on the Bone","War Paint","White Beast Statue","Strawberry","Old Coin"],"card_choices":[{"not_picked":["Night Terror","Dagger Spray"],"picked":"Deflect"},{"not_picked":["Dodge and Roll","Dagger Spray"],"picked":"Deflect"},{"not_picked":["Sucker Punch","Dagger Spray"],"picked":"Infinite Blades"},{"not_picked":["Finisher","Backflip"],"picked":"Noxious Fumes"},{"not_picked":["Underhanded Strike","Corpse Explosion"],"picked":"Dodge and Roll"},{"not_picked":["Footwork","Reflex"],"picked":"Dash"},{"not_picked":["Dagger Throw","Malaise"],"picked":"Bane"},{"not_picked":["Backflip","PiercingWail"],"picked":"Blade Dance"},{"not_picked":["Bullet Time","Doppelganger"],"picked":"Envenom"},{"not_picked":["Slice","Dagger Spray"],"picked":"Crippling Poison"},{"not_picked":["Deadly Poison","Sucker Punch"],"picked":"Infinite Blades"},{"not_picked":["All Out Attack","Poisoned Stab"],"picked":"Slice"},{"not_picked":["Poisoned Stab","Predator"],"picked":"Backstab"},{"not_picked":["Outmaneuver","Sucker Punch"],"picked":"Riddle With Holes"},{"not_picked":["Noxious Fumes","Quick Slash"],"picked":"Skewer"},{"not_picked":["Acrobatics","Escape Plan"],"picked":"Sucker Punch"},{"not_picked":["Flying Knee","Catalyst"],"picked":"Caltrops"},{"not_picked":["Phantasmal Killer","Doppelganger"],"picked":"A Thousand Cuts"},{"not_picked":["Malaise","Riddle With Holes"],"picked":"PiercingWail"},{"not_picked":["Riddle With Holes","Slice"],"picked":"Leg Sweep"},{"not_picked":["Acrobatics","Prepared"],"picked":"Flying Knee"},{"not_picked":["Slice","Malaise"],"picked":"Dodge and Roll"},{"not_picked":["Terror","PiercingWail"],"picked":"After Image"},{"not_picked":["Deflect","Calculated Gamble"],"picked":"Backflip"},{"not_picked":["Flechettes","Dagger Throw"],"picked":"Sucker Punch"}],"player_experience":30941,"potions_floor_usage":[7,12,16,18,22,24,33,33,38,42,44,44,46,50,50],"damage_taken":[{"damage":0,"enemies":"Small Slimes","floor":1,"turns":3},{"damage":1,"enemies":"Blue Slaver","floor":2,"turns":4},{"damage":1,"enemies":"Jaw Worm","floor":4,"turns":6},{"damage":0,"enemies":"2 Fungi Beasts","floor":5,"turns":3},{"damage":14,"enemies":"Lagavulin","floor":7,"turns":7},{"damage":1,"enemies":"Exordium Wildlife","floor":11,"turns":5},{"damage":40,"enemies":"Gremlin Nob","floor":12,"turns":6},{"damage":8,"enemies":"Exordium Thugs","floor":14,"turns":4},{"damage":29,"enemies":"The Guardian","floor":16,"turns":12},{"damage":18,"enemies":"3 Byrds","floor":18,"turns":5},{"damage":4,"enemies":"Chosen","floor":21,"turns":6},{"damage":9,"enemies":"Centurion and Healer","floor":22,"turns":6},{"damage":34,"enemies":"Slavers","floor":24,"turns":6},{"damage":23,"enemies":"Snake Plant","floor":25,"turns":4},{"damage":24,"enemies":"Snecko","floor":29,"turns":7},{"damage":10,"enemies":"Centurion and Healer","floor":31,"turns":6},{"damage":12,"enemies":"Champ","floor":33,"turns":10},{"damage":36,"enemies":"3 Darklings","floor":35,"turns":4},{"damage":13,"enemies":"3 Shapes","floor":38,"turns":5},{"damage":36,"enemies":"3 Darklings","floor":39,"turns":6},{"damage":55,"enemies":"Giant Head","floor":42,"turns":8},{"damage":29,"enemies":"4 Shapes","floor":44,"turns":8},{"damage":18,"enemies":"Sphere and 2 Shapes","floor":46,"turns":6},{"damage":26,"enemies":"3 Darklings","floor":48,"turns":6},{"damage":92,"enemies":"Awakened One","floor":50,"turns":4}],"event_choices":[{"event_name":"Match and Keep!","player_choice":"1 cards matched","floor":3,"damage_taken":0},{"event_name":"World of Goop","player_choice":"Left","floor":10,"damage_taken":0},{"event_name":"The Mausoleum","player_choice":"Yes","floor":20,"damage_taken":0},{"event_name":"Upgrade Shrine","player_choice":"Upgraded","floor":30,"damage_taken":0},{"event_name":"Bonfire Elementals","player_choice":"COMMON","floor":36,"damage_taken":0},{"event_name":"Tomb of Lord Red Mask","player_choice":"Ignored","floor":37,"damage_taken":0},{"event_name":"Transmorgrifier","player_choice":"Transform","floor":41,"damage_taken":0}],"boss_relics":[{"not_picked":["Astrolabe","Runic Dome"],"picked":"Tiny House"},{"not_picked":["Velvet Choker","Orrery"],"picked":"White Beast Statue"}],"potions_floor_spawned":[2,11,14,21,22,29,31,35,38,39,42,44,46,48],"seed_played":"-8761177725429616157","killed_by":"Awakened One","ascension_level":0,"is_trial":false}