{"path_per_floor":["M","?","?","M","M","?","M","?","T","R","?","R","E","M","R"],"character_chosen":"IRONCLAD","items_purchased":[],"gold_per_floor":[112,112,112,132,149,149,168,246,246,246,299,299,337,353,353],"floor_reached":16,"campfire_rested":1,"playtime":589,"current_hp_per_floor":[80,80,85,77,83,83,77,61,61,61,61,61,43,37,62],"items_purged":[],"gold":353,"score":100,"play_id":"a7d04823-e782-4274-ac25-8bfc5afc9349","is_prod":false,"is_daily":false,"is_ascension_mode":false,"campfire_upgraded":2,"path_taken":["M","?","?","M","M","?","M","?","T","R","?","R","E","M","R","BOSS"],"build_version":"2018-02-12-PROD1","purchased_purges":0,"victory":false,"master_deck":["Strike_R","Strike_R","Strike_R","Strike_R","Strike_R","Defend_R","Defend_R","Defend_R","Defend_R","Bash","Fiend Fire+1","Intimidate","Thunderclap+1","Flex+1","Injury","Power Through","Heavy Blade","Limit Break","Flame Barrier"],"max_hp_per_floor":[80,80,85,85,85,85,85,85,85,85,85,85,85,85,85],"relics":["Burning Blood","Golden Idol","Juzu Bracelet","Calipers","Matryoshka"],"card_choices":[{"not_picked":["Dropkick","Headbutt"],"picked":"Intimidate"},{"not_picked":["Burning Pact","Clothesline"],"picked":"Thunderclap"},{"not_picked":["Heavy Blade","Pummel"],"picked":"Flex"},{"not_picked":["Second Wind","Headbutt"],"picked":"Power Through"},{"not_picked":["Cleave","Thunderclap"],"picked":"Heavy Blade"},{"not_picked":["Rupture","Power Through"],"picked":"Limit Break"},{"not_picked":["Feel No Pain","Clothesline"],"picked":"Flame Barrier"}],"player_experience":59508,"potions_floor_usage":[8,8,13,16,16],"damage_taken":[{"damage":6,"enemies":"Cultist","floor":1,"turns":3},{"damage":14,"enemies":"Blue Slaver","floor":4,"turns":7},{"damage":0,"enemies":"2 Louse","floor":5,"turns":3},{"damage":12,"enemies":"Large Slime","floor":7,"turns":6},{"damage":28,"enemies":"Gremlin Nob","floor":8,"turns":5},{"damage":24,"enemies":"Lagavulin","floor":13,"turns":7},{"damage":12,"enemies":"Looter","floor":14,"turns":3},{"damage":64,"enemies":"Hexaghost","floor":16,"turns":10}],"event_choices":[{"event_name":"Upgrade Shrine","player_choice":"Upgraded","floor":2,"damage_taken":0},{"event_name":"Big Fish","player_choice":"Donut","floor":3,"damage_taken":0},{"event_name":"Golden Idol","player_choice":"Take Wound","floor":6,"damage_taken":0},{"event_name":"Dead Adventurer","player_choice":"Searched \u00272\u0027 times","floor":8,"damage_taken":0},{"event_name":"Golden Wing","player_choice":"Gained Gold","floor":11,"damage_taken":0}],"boss_relics":[],"potions_floor_spawned":[1,5,7,8,14],"seed_played":"5435145798308281326","killed_by":"Hexaghost","ascension_level":0,"is_trial":false}