{"gold_per_floor":[116,116,116,41,52,77,89,130,142,164,190,202],"floor_reached":12,"playtime":449,"items_purged":[],"score":215,"play_id":"4d83c777-2519-427a-88d1-c0142ef13d94","local_time":"20190621095614","is_ascension_mode":true,"campfire_choices":[{"data":"Neutralize","floor":7,"key":"SMITH"}],"neow_cost":"NONE","seed_source_timestamp":749423788863578,"circlet_count":0,"master_deck":["AscendersBane","Defend_G","Defend_G","Defend_G","Defend_G","Strike_G","Strike_G","Strike_G","Strike_G","Survivor","Neutralize+1","Caltrops","Slice","Underhanded Strike","Footwork","Slice"],"relics":["Ring of the Snake","NeowsBlessing","Tough Bandages","MawBank","Bottled Lightning","Meat on the Bone"],"potions_floor_usage":[8,8],"damage_taken":[{"damage":0,"enemies":"Cultist","floor":1,"turns":1},{"damage":0,"enemies":"2 Louse","floor":5,"turns":1},{"damage":0,"enemies":"Gremlin Nob","floor":6,"turns":1},{"damage":34,"enemies":"Lagavulin","floor":8,"turns":7},{"damage":4,"enemies":"Small Slimes","floor":10,"turns":3},{"damage":0,"enemies":"2 Fungi Beasts","floor":11,"turns":4},{"damage":40,"enemies":"Gremlin Nob","floor":12,"turns":4}],"seed_played":"5944351056636960826","potions_obtained":[{"floor":5,"key":"LiquidBronze"},{"floor":6,"key":"GamblersBrew"}],"is_trial":false,"path_per_floor":["M","?","?","?","M","E","R","E","T","M","M","?"],"character_chosen":"THE_SILENT","items_purchased":[],"campfire_rested":0,"item_purchase_floors":[],"current_hp_per_floor":[59,54,54,54,54,54,54,20,20,28,40,0],"gold":202,"neow_bonus":"THREE_ENEMY_KILL","is_prod":false,"is_daily":false,"chose_seed":false,"campfire_upgraded":1,"win_rate":0,"timestamp":1561082174,"path_taken":["M","?","?","?","M","E","R","E","T","M","M","?"],"build_version":"2019-01-23","purchased_purges":0,"victory":false,"max_hp_per_floor":[66,66,66,66,66,66,66,66,66,66,66,66],"card_choices":[{"not_picked":["Deadly Poison","Poisoned Stab"],"picked":"Caltrops","floor":1},{"not_picked":["Endless Agony","Blade Dance","Prepared"],"picked":"SKIP","floor":5},{"not_picked":["Choke","Concentrate"],"picked":"Slice","floor":6},{"not_picked":["Concentrate","Sucker Punch"],"picked":"Underhanded Strike","floor":8},{"not_picked":["Eviscerate","Terror"],"picked":"Footwork","floor":10},{"not_picked":["Acrobatics","Flying Knee"],"picked":"Slice","floor":11}],"player_experience":931902,"relics_obtained":[{"floor":6,"key":"MawBank"},{"floor":8,"key":"Bottled Lightning"},{"floor":9,"key":"Meat on the Bone"}],"event_choices":[{"damage_healed":0,"gold_gain":0,"player_choice":"Success","damage_taken":5,"relics_obtained":["Tough Bandages"],"max_hp_gain":0,"max_hp_loss":0,"event_name":"Scrap Ooze","floor":2,"gold_loss":0},{"cards_removed":["Strike_G"],"damage_healed":0,"gold_gain":0,"player_choice":"Forget","damage_taken":0,"max_hp_gain":0,"max_hp_loss":0,"event_name":"Living Wall","floor":3,"gold_loss":0},{"cards_removed":["Defend_G"],"damage_healed":0,"gold_gain":0,"player_choice":"Card Removal","damage_taken":0,"max_hp_gain":0,"max_hp_loss":0,"event_name":"The Cleric","floor":4,"gold_loss":75},{"damage_healed":0,"gold_gain":0,"player_choice":"Searched \u00271\u0027 times","damage_taken":0,"max_hp_gain":0,"max_hp_loss":0,"event_name":"Dead Adventurer","floor":12,"gold_loss":0}],"is_beta":false,"boss_relics":[],"items_purged_floors":[],"is_endless":false,"potions_floor_spawned":[5,6],"killed_by":"Gremlin Nob","ascension_level":18}