{"gold_per_floor":[18,30,30,30,30,65,85,96,122,122,157,157,169,202,202,297,297,317,327,327,345,345,371,65,65,65,93,93,122,122,140,140,237,237,247,261,308,308,321,347,347,372,372,236,236,250,268,297,297,297],"floor_reached":51,"playtime":2380,"items_purged":[],"score":1126,"play_id":"47a82ff5-34c7-4488-b5f0-db8ad2272532","local_time":"20180922121340","is_ascension_mode":true,"campfire_choices":[{"floor":10,"key":"REST"},{"floor":12,"key":"REST"},{"floor":15,"key":"REST"},{"floor":25,"key":"REST"},{"floor":30,"key":"REST"},{"data":"Echo Form","floor":32,"key":"SMITH"},{"floor":45,"key":"REST"},{"data":"Capacitor","floor":49,"key":"SMITH"}],"neow_cost":"NO_GOLD","seed_source_timestamp":683654856013635,"circlet_count":0,"master_deck":["Strike_B","Strike_B","Strike_B","Strike_B","Defend_B","Defend_B","Defend_B","Defend_B","Zap","Dualcast","Capacitor+1","Defragment+1","Electrodynamics","Rip and Tear","Auto Shields","Echo Form+1","Sweeping Beam","Static Discharge","Buffer","Stack+1","Go for the Eyes","Writhe","BootSequence+1","Conserve Battery","Barrage","Barrage","Self Repair","Defragment+1","Cold Snap","Hello World","Double Energy+1","Buffer","Doubt","Parasite","Doubt","White Noise","Redo+1","Rainbow","Hologram+1","Force Field","Go for the Eyes+1","Sweeping Beam","Stack+1","Steam+1","Beam Cell+1"],"relics":["Cracked Core","Regal Pillow","Bag of Marbles","Lantern","Bag of Preparation","Letter Opener","Nuclear Battery","Cables","Symbiotic Virus","DollysMirror","Vajra","Strawberry","Meat on the Bone","Bottled Tornado","Calling Bell","Pen Nib","The Courier","Du-Vu Doll","Nunchaku","Darkstone Periapt","Anchor","Turnip","Dodecahedron","Blood Vial","DataDisk"],"potions_floor_usage":[8,19,37,50,50,50],"damage_taken":[{"damage":5,"enemies":"Cultist","floor":1,"turns":4},{"damage":11,"enemies":"Small Slimes","floor":2,"turns":3},{"damage":55,"enemies":"3 Sentries","floor":6,"turns":7},{"damage":7,"enemies":"Jaw Worm","floor":7,"turns":2},{"damage":0,"enemies":"2 Fungi Beasts","floor":8,"turns":2},{"damage":14,"enemies":"Lagavulin","floor":11,"turns":5},{"damage":13,"enemies":"Blue Slaver","floor":13,"turns":3},{"damage":36,"enemies":"Gremlin Nob","floor":14,"turns":4},{"damage":41,"enemies":"Hexaghost","floor":16,"turns":7},{"damage":30,"enemies":"Shell Parasite","floor":18,"turns":4},{"damage":8,"enemies":"Chosen","floor":19,"turns":4},{"damage":24,"enemies":"Shelled Parasite and Fungi","floor":21,"turns":7},{"damage":0,"enemies":"Gremlin Leader","floor":23,"turns":7},{"damage":15,"enemies":"Slavers","floor":27,"turns":3},{"damage":32,"enemies":"Book of Stabbing","floor":29,"turns":4},{"damage":5,"enemies":"Centurion and Healer","floor":31,"turns":3},{"damage":33,"enemies":"Automaton","floor":33,"turns":7},{"damage":30,"enemies":"3 Darklings","floor":35,"turns":3},{"damage":0,"enemies":"Orb Walker","floor":36,"turns":2},{"damage":47,"enemies":"Mysterious Sphere","floor":37,"turns":4},{"damage":36,"enemies":"3 Darklings","floor":39,"turns":5},{"damage":26,"enemies":"2 Orb Walkers","floor":40,"turns":5},{"damage":14,"enemies":"Nemesis","floor":42,"turns":7},{"damage":8,"enemies":"Sphere and 2 Shapes","floor":46,"turns":3},{"damage":22,"enemies":"Maw","floor":47,"turns":7},{"damage":7,"enemies":"Giant Head","floor":48,"turns":8},{"damage":59,"enemies":"Awakened One","floor":50,"turns":11}],"seed_played":"-2311952205985614246","potions_obtained":[{"floor":2,"key":"PowerPotion"},{"floor":7,"key":"Explosive Potion"},{"floor":11,"key":"SpeedPotion"},{"floor":18,"key":"Regen Potion"},{"floor":21,"key":"Dexterity Potion"},{"floor":31,"key":"Strength Potion"},{"floor":36,"key":"Regen Potion"},{"floor":37,"key":"SteroidPotion"},{"floor":48,"key":"Poison Potion"}],"is_trial":false,"path_per_floor":["M","M","?","?","$","E","M","M","T","R","E","R","M","E","R","B",null,"M","M","?","M","?","E","$","R","T","E","T","E","R","M","R","B",null,"M","M","?","T","M","E","?","E","T","$","R","M","M","E","R","B"],"character_chosen":"DEFECT","items_purchased":["Barrage","Self Repair","DollysMirror","Blood Vial","Sweeping Beam"],"campfire_rested":6,"item_purchase_floors":[24,24,24,44,44],"current_hp_per_floor":[84,73,73,73,73,18,11,11,11,52,38,79,66,30,71,30,89,59,63,63,39,39,39,39,80,80,86,86,54,96,91,91,72,96,66,66,64,64,40,40,40,52,52,52,95,96,88,83,83,52],"gold":297,"neow_bonus":"TWENTY_PERCENT_HP_BONUS","is_prod":false,"is_daily":false,"chose_seed":false,"campfire_upgraded":2,"win_rate":0,"timestamp":1537632820,"path_taken":["M","M","?","?","$","E","M","M","T","R","E","R","M","E","R","BOSS","M","M","?","M","?","E","$","R","T","E","?","E","R","?","R","BOSS","M","M","?","?","M","E","?","E","T","$","R","M","M","E","R","BOSS"],"build_version":"2018-09-20","purchased_purges":0,"victory":true,"max_hp_per_floor":[89,89,89,89,89,89,89,89,89,89,89,89,89,89,89,89,89,89,89,89,89,89,89,89,89,89,96,96,96,96,96,96,96,96,96,96,96,96,96,96,96,96,96,96,96,96,96,96,96,96],"card_choices":[{"not_picked":["Steam","Melter"],"picked":"Capacitor","floor":1},{"not_picked":["Compile Driver","Chill"],"picked":"Defragment","floor":2},{"not_picked":["Beam Cell","Steam"],"picked":"Electrodynamics","floor":6},{"not_picked":["Doom and Gloom","Darkness"],"picked":"Rip and Tear","floor":7},{"not_picked":["Steam Power","Redo"],"picked":"Auto Shields","floor":8},{"not_picked":["Doom and Gloom","Turbo"],"picked":"Echo Form","floor":11},{"not_picked":["Skim","Barrage"],"picked":"Sweeping Beam","floor":13},{"not_picked":["Recycle","Conserve Battery"],"picked":"Static Discharge","floor":14},{"not_picked":["Meteor Strike","Creative AI"],"picked":"Buffer","floor":16},{"not_picked":["Rebound","Barrage+1"],"picked":"Stack+1","floor":18},{"not_picked":["Turbo","Beam Cell"],"picked":"Go for the Eyes","floor":19},{"not_picked":["Scrape+1","Undo+1"],"picked":"BootSequence+1","floor":21},{"not_picked":["Melter","Lockon"],"picked":"Barrage","floor":23},{"not_picked":["Hyperbeam","Tempest"],"picked":"Cold Snap","floor":27},{"not_picked":["Capacitor","Go for the Eyes"],"picked":"Hello World","floor":29},{"not_picked":["Leap","Sweeping Beam+1"],"picked":"Double Energy+1","floor":31},{"not_picked":["Biased Cognition","Thunder Strike"],"picked":"Buffer","floor":33},{"not_picked":["Sweeping Beam","Compile Driver"],"picked":"White Noise","floor":35},{"not_picked":["Blizzard+1","Chill"],"picked":"Redo+1","floor":36},{"not_picked":["Conserve Battery","Stack+1"],"picked":"Rainbow","floor":37},{"not_picked":["Reinforced Body","Scrape"],"picked":"Hologram+1","floor":39},{"not_picked":["Sweeping Beam","Cold Snap"],"picked":"Force Field","floor":40},{"not_picked":["Tempest","Doom and Gloom+1"],"picked":"Go for the Eyes+1","floor":42},{"not_picked":["Rip and Tear+1","Melter"],"picked":"Stack+1","floor":46},{"not_picked":["Stack","Meteor Strike"],"picked":"Steam+1","floor":47},{"not_picked":["Undo","Cold Snap"],"picked":"Beam Cell+1","floor":48}],"player_experience":174411,"relics_obtained":[{"floor":6,"key":"Bag of Marbles"},{"floor":9,"key":"Lantern"},{"floor":11,"key":"Bag of Preparation"},{"floor":14,"key":"Letter Opener"},{"floor":23,"key":"Symbiotic Virus"},{"floor":26,"key":"Vajra"},{"floor":27,"key":"Strawberry"},{"floor":28,"key":"Meat on the Bone"},{"floor":29,"key":"Bottled Tornado"},{"floor":34,"key":"Pen Nib"},{"floor":34,"key":"The Courier"},{"floor":34,"key":"Du-Vu Doll"},{"floor":37,"key":"Nunchaku"},{"floor":38,"key":"Darkstone Periapt"},{"floor":40,"key":"Anchor"},{"floor":42,"key":"Turnip"},{"floor":43,"key":"Dodecahedron"},{"floor":48,"key":"DataDisk"}],"event_choices":[{"event_name":"WeMeetAgain","player_choice":"Potion","floor":3,"damage_taken":0},{"event_name":"Living Wall","player_choice":"Grow","floor":4,"damage_taken":0},{"event_name":"The Mausoleum","player_choice":"Yes","floor":20,"damage_taken":0},{"event_name":"The Library","player_choice":"Read","floor":22,"damage_taken":0},{"event_name":"Mysterious Sphere","player_choice":"Fight","floor":37,"damage_taken":0},{"event_name":"The Moai Head","player_choice":"Ignored","floor":41,"damage_taken":0}],"is_beta":false,"boss_relics":[{"not_picked":["Pandora\u0027s Box","Sozu"],"picked":"Nuclear Battery"},{"not_picked":["Black Star","Philosopher\u0027s Stone"],"picked":"Calling Bell"}],"items_purged_floors":[],"is_endless":false,"potions_floor_spawned":[2,7,11,18,21,31,36,37,42,48],"ascension_level":4}