{"gold_per_floor":[215,235,255,53,72,72,72,72,72,72,90,90,102,124,124,225,275,291,291,142,142,42,42,42,60,86,114,131,149,149,164,164,264,264,274,274,102,120,120],"floor_reached":39,"playtime":2632,"items_purged":["Strike_G","Defend_G","Strike_G"],"score":416,"play_id":"f86b2070-8c6f-4eb0-9d31-1afa7524f9a4","local_time":"20190225000950","is_ascension_mode":false,"campfire_choices":[{"data":"Calculated Gamble","floor":7,"key":"SMITH"},{"data":"Prepared","floor":12,"key":"SMITH"},{"data":"Infinite Blades","floor":15,"key":"SMITH"},{"data":"Tactician","floor":24,"key":"SMITH"},{"data":"Tools of the Trade","floor":30,"key":"SMITH"},{"data":"Tactician","floor":32,"key":"SMITH"}],"neow_cost":"NONE","seed_source_timestamp":1569661676353,"circlet_count":0,"master_deck":["Defend_G","Defend_G","Defend_G","Defend_G","Strike_G+1","Survivor","Neutralize","Endless Agony","Calculated Gamble+1","Dash","Deflect","Acrobatics","Prepared+1","Infinite Blades+1","Tools of the Trade+1","Tactician+1","Acrobatics","Backflip","Footwork","Well Laid Plans","Riddle With Holes+1","Deadly Poison","Tactician+1","A Thousand Cuts","Prepared"],"relics":["Ring of the Snake","Happy Flower","Pantograph","Ninja Scroll","Gremlin Horn","Odd Mushroom","Tiny House","Bag of Preparation","Bottled Tornado","Eternal Feather"],"potions_floor_usage":[],"damage_taken":[{"damage":3,"enemies":"Jaw Worm","floor":1,"turns":4},{"damage":0,"enemies":"2 Louse","floor":2,"turns":3},{"damage":0,"enemies":"Cultist","floor":3,"turns":3},{"damage":0,"enemies":"3 Louse","floor":5,"turns":5},{"damage":0,"enemies":"Blue Slaver","floor":11,"turns":2},{"damage":1,"enemies":"Large Slime","floor":13,"turns":6},{"damage":7,"enemies":"The Mushroom Lair","floor":14,"turns":4},{"damage":51,"enemies":"The Guardian","floor":16,"turns":15},{"damage":1,"enemies":"Shell Parasite","floor":18,"turns":8},{"damage":3,"enemies":"Spheric Guardian","floor":25,"turns":6},{"damage":4,"enemies":"Gremlin Leader","floor":27,"turns":6},{"damage":13,"enemies":"3 Cultists","floor":28,"turns":5},{"damage":17,"enemies":"Shelled Parasite and Fungi","floor":29,"turns":5},{"damage":2,"enemies":"Snecko","floor":31,"turns":5},{"damage":47,"enemies":"Automaton","floor":33,"turns":14},{"damage":5,"enemies":"Orb Walker","floor":35,"turns":4},{"damage":10,"enemies":"3 Darklings","floor":38,"turns":4}],"seed_played":"3373348523187185543","potions_obtained":[{"floor":3,"key":"Block Potion"},{"floor":5,"key":"Swift Potion"},{"floor":14,"key":"SkillPotion"},{"floor":17,"key":"EntropicBrew"}],"is_trial":false,"path_per_floor":["M","M","M","$","M","?","R","T","T","?","M","R","M","?","R","B",null,"M","?","$","?","$","?","R","M","T","E","M","M","R","M","R","B",null,"M","?","$","M","$"],"character_chosen":"THE_SILENT","items_purchased":["Happy Flower","Deflect","Well Laid Plans","Prepared"],"campfire_rested":0,"item_purchase_floors":[4,4,20,37],"current_hp_per_floor":[67,67,67,67,67,60,60,60,60,60,60,60,59,52,52,19,75,74,74,74,74,74,74,74,71,71,67,54,37,37,35,35,13,75,70,70,70,60,60],"gold":120,"neow_bonus":"HUNDRED_GOLD","is_prod":false,"is_daily":false,"chose_seed":false,"campfire_upgraded":6,"win_rate":0,"timestamp":1551064190,"path_taken":["M","M","M","$","M","?","R","?","T","?","M","R","?","?","R","BOSS","M","?","$","?","$","?","R","M","T","E","M","M","R","M","R","BOSS","M","?","$","M","?"],"build_version":"2019-01-23","purchased_purges":3,"victory":false,"max_hp_per_floor":[70,70,70,70,70,70,70,70,70,70,70,70,70,70,70,70,75,75,75,75,75,75,75,75,75,75,75,75,75,75,75,75,75,75,75,75,75,75,75],"card_choices":[{"not_picked":["Sucker Punch","Blade Dance"],"picked":"Endless Agony","floor":1},{"not_picked":["Outmaneuver","Backflip"],"picked":"Calculated Gamble","floor":2},{"not_picked":["Dodge and Roll","Flying Knee"],"picked":"Dash","floor":3},{"not_picked":["Concentrate","Flying Knee"],"picked":"Acrobatics","floor":5},{"not_picked":["Poisoned Stab","Bane"],"picked":"Prepared","floor":11},{"not_picked":["Dodge and Roll","Backflip","Distraction"],"picked":"SKIP","floor":13},{"not_picked":["PiercingWail","Wraith Form v2"],"picked":"Infinite Blades","floor":14},{"not_picked":["Doppelganger","Unload"],"picked":"Tools of the Trade","floor":16},{"not_picked":["Sucker Punch","Dodge and Roll"],"picked":"Tactician","floor":17},{"not_picked":["Endless Agony","Finisher+1"],"picked":"Acrobatics","floor":18},{"not_picked":["Dodge and Roll","Blur"],"picked":"Riddle With Holes+1","floor":25},{"not_picked":["Terror","Quick Slash+1","Accuracy"],"picked":"SKIP","floor":27},{"not_picked":["Crippling Poison","Flechettes"],"picked":"Deadly Poison","floor":28},{"not_picked":["Deflect+1","Flying Knee","Dodge and Roll"],"picked":"SKIP","floor":29},{"not_picked":["Expertise","Reflex"],"picked":"Tactician","floor":31},{"not_picked":["Wraith Form v2","Storm of Steel"],"picked":"A Thousand Cuts","floor":33},{"not_picked":["Flechettes+1","Underhanded Strike","Eviscerate"],"picked":"SKIP","floor":35},{"not_picked":["Caltrops","Slice+1","Setup+1"],"picked":"SKIP","floor":38}],"player_experience":864637,"relics_obtained":[{"floor":8,"key":"Ninja Scroll"},{"floor":9,"key":"Gremlin Horn"},{"floor":14,"key":"Odd Mushroom"},{"floor":26,"key":"Bag of Preparation"},{"floor":27,"key":"Bottled Tornado"}],"event_choices":[{"damage_healed":0,"gold_gain":0,"player_choice":"Success","damage_taken":7,"relics_obtained":["Pantograph"],"max_hp_gain":0,"max_hp_loss":0,"event_name":"Scrap Ooze","floor":6,"gold_loss":0},{"damage_healed":0,"gold_gain":0,"player_choice":"0 cards matched","damage_taken":0,"max_hp_gain":0,"max_hp_loss":0,"event_name":"Match and Keep!","floor":10,"gold_loss":0,"cards_obtained":[]},{"damage_healed":0,"gold_gain":0,"player_choice":"0 cards matched","damage_taken":0,"max_hp_gain":0,"max_hp_loss":0,"event_name":"Match and Keep!","floor":10,"gold_loss":0,"cards_obtained":[]},{"damage_healed":0,"gold_gain":0,"player_choice":"Fought Mushrooms","damage_taken":0,"max_hp_gain":0,"max_hp_loss":0,"event_name":"Mushrooms","floor":14,"gold_loss":0},{"damage_healed":0,"gold_gain":0,"cards_transformed":["Strike_G","Strike_G"],"player_choice":"Became Test Subject","damage_taken":0,"max_hp_gain":0,"max_hp_loss":0,"event_name":"Drug Dealer","floor":19,"gold_loss":0,"cards_obtained":["Backflip","Footwork"]},{"damage_healed":0,"gold_gain":0,"player_choice":"Ignored","damage_taken":0,"max_hp_gain":0,"max_hp_loss":0,"event_name":"Ghosts","floor":21,"gold_loss":0},{"damage_healed":0,"gold_gain":0,"player_choice":"Ignored","damage_taken":0,"max_hp_gain":0,"max_hp_loss":0,"event_name":"Beggar","floor":23,"gold_loss":0},{"damage_healed":0,"gold_gain":0,"player_choice":"Bought 0 Potions","damage_taken":0,"max_hp_gain":0,"max_hp_loss":0,"event_name":"The Woman in Blue","floor":36,"gold_loss":0}],"is_beta":false,"boss_relics":[{"not_picked":["Ectoplasm","Busted Crown"],"picked":"Tiny House"},{"not_picked":["Velvet Choker","Coffee Dripper"],"picked":"Eternal Feather"}],"items_purged_floors":[20,22,37],"is_endless":false,"potions_floor_spawned":[3,5,14,29,31,33,35],"ascension_level":0}