{"gold_per_floor":[115,135,153,228,86,115,115,134,134,149,149,174,25,37,37,133,133,153,169,169],"floor_reached":20,"playtime":901,"items_purged":["Strike_G"],"score":338,"play_id":"1682a4e0-2cac-46e4-8867-bc99387a676e","local_time":"20190325211046","is_ascension_mode":true,"campfire_choices":[{"floor":7,"key":"REST"},{"data":"Skewer","floor":11,"key":"SMITH"},{"data":"Neutralize","floor":15,"key":"SMITH"}],"neow_cost":"NONE","seed_source_timestamp":1051313226151997,"circlet_count":0,"master_deck":["AscendersBane","Defend_G","Defend_G","Defend_G","Defend_G","Defend_G","Strike_G","Survivor","Neutralize+1","Backflip","Quick Slash","Skewer+1","Escape Plan","PiercingWail","Well Laid Plans+1","Backstab","Dash","Prepared","Unload","Deflect+1","Dagger Spray+1","Accuracy+1","Heel Hook","Catalyst"],"special_seed":0,"relics":["Busted Crown","The Courier","Blue Candle","Frozen Egg 2","Astrolabe"],"potions_floor_usage":[16,16],"damage_taken":[{"damage":1.0,"enemies":"Small Slimes","floor":1.0,"turns":4.0},{"damage":0.0,"enemies":"Cultist","floor":2.0,"turns":4.0},{"damage":0.0,"enemies":"2 Louse","floor":3.0,"turns":3.0},{"damage":25,"enemies":"3 Sentries","floor":6,"turns":8},{"damage":2,"enemies":"Looter","floor":8,"turns":3},{"damage":3,"enemies":"Blue Slaver","floor":10,"turns":4},{"damage":0,"enemies":"Lagavulin","floor":12,"turns":6},{"damage":0,"enemies":"Exordium Wildlife","floor":14,"turns":3},{"damage":8,"enemies":"Hexaghost","floor":16,"turns":9},{"damage":9,"enemies":"Shell Parasite","floor":18,"turns":5},{"damage":18,"enemies":"Chosen","floor":19,"turns":5},{"damage":37,"enemies":"Sentry and Sphere","floor":20,"turns":5}],"seed_played":"7248916545109289901","potions_obtained":[{"floor":2.0,"key":"FearPotion"},{"floor":3.0,"key":"FearPotion"},{"floor":14,"key":"Energy Potion"}],"is_trial":false,"path_per_floor":["M","M","M","?","$","E","R","M","T","M","R","E","$","M","R","B",null,"M","M","M"],"character_chosen":"THE_SILENT","items_purchased":["Skewer","Well Laid Plans+1","Backstab","Dash"],"campfire_rested":1,"item_purchase_floors":[5,13,13,13],"current_hp_per_floor":[62,62,62,55,55,30,51,49,49,46,46,46,46,46,46,38,62,53,35,0],"gold":169,"neow_bonus":"BOSS_RELIC","is_prod":false,"is_daily":false,"chose_seed":false,"campfire_upgraded":2,"win_rate":0,"timestamp":1553562646,"path_taken":["M","M","M","?","$","E","R","?","T","M","R","E","?","M","R","BOSS","M","M","M"],"build_version":"2019-01-23","purchased_purges":1,"victory":false,"max_hp_per_floor":[70,70,70,70,70,70,70,70,70,70,70,70,70,70,70,70,70,70,70,70],"card_choices":[{"not_picked":[],"picked":"Backflip","floor":1.0},{"not_picked":["Endless Agony"],"picked":"SKIP","floor":2.0},{"not_picked":[],"picked":"Quick Slash","floor":3.0},{"not_picked":["Outmaneuver"],"picked":"SKIP","floor":6},{"not_picked":[],"picked":"Escape Plan","floor":8},{"not_picked":[],"picked":"PiercingWail","floor":10},{"not_picked":["Night Terror"],"picked":"SKIP","floor":12},{"not_picked":[],"picked":"Prepared","floor":14},{"not_picked":[],"picked":"Unload","floor":16},{"not_picked":[],"picked":"Heel Hook","floor":18},{"not_picked":[],"picked":"Catalyst","floor":19}],"player_experience":383060,"relics_obtained":[{"floor":6,"key":"The Courier"},{"floor":9,"key":"Blue Candle"},{"floor":12,"key":"Frozen Egg 2"}],"event_choices":[{"damage_healed":0,"gold_gain":75,"player_choice":"Touch","damage_taken":7,"max_hp_gain":0,"max_hp_loss":0,"event_name":"FaceTrader","floor":4,"gold_loss":0}],"is_beta":false,"boss_relics":[{"not_picked":["Velvet Choker","Runic Dome"],"picked":"Astrolabe"}],"items_purged_floors":[5],"is_endless":false,"potions_floor_spawned":[2,3,8,10,14],"killed_by":"Sentry and Sphere","ascension_level":12}