{"gold_per_floor":[218,63,63,78,90,90,108,108,154,173,187,212,212,212,212,285,285,303,303,315,265,155,155],"floor_reached":23,"playtime":911,"items_purged":["Strike_G","Strike_G"],"score":458,"play_id":"b6fe5b3a-b55e-4f92-b457-c65c9c0adf3a","local_time":"20190603180631","is_ascension_mode":true,"campfire_choices":[{"floor":6,"key":"REST"},{"data":"Footwork","floor":8,"key":"SMITH"},{"floor":13,"key":"REST"},{"data":"Noxious Fumes","floor":15,"key":"SMITH"}],"neow_cost":"NONE","seed_source_timestamp":1693522200574191,"circlet_count":0,"master_deck":["AscendersBane","Defend_G+1","Defend_G","Defend_G+1","Defend_G","Defend_G","Strike_G","Strike_G","Survivor","Neutralize","Dagger Spray+1","Footwork+1","Crippling Poison","Catalyst","Noxious Fumes+1","Catalyst+1","Wraith Form v2","Escape Plan"],"relics":["Ring of the Snake","Blood Vial","Smiling Mask","Velvet Choker"],"potions_floor_usage":[18,23,23],"damage_taken":[{"damage":8,"enemies":"Small Slimes","floor":1,"turns":6},{"damage":1,"enemies":"Jaw Worm","floor":4,"turns":7},{"damage":0,"enemies":"Cultist","floor":5,"turns":5},{"damage":2,"enemies":"Blue Slaver","floor":7,"turns":6},{"damage":27,"enemies":"Exordium Thugs","floor":10,"turns":6},{"damage":4,"enemies":"Lots of Slimes","floor":11,"turns":2},{"damage":11,"enemies":"Lagavulin","floor":12,"turns":9},{"damage":0,"enemies":"Hexaghost","floor":16,"turns":8},{"damage":1,"enemies":"3 Byrds","floor":18,"turns":5},{"damage":19,"enemies":"2 Thieves","floor":20,"turns":4},{"damage":61,"enemies":"Gremlin Leader","floor":23,"turns":5}],"seed_played":"-7567234442042000811","potions_obtained":[{"floor":4,"key":"Strength Potion"},{"floor":7,"key":"FearPotion"},{"floor":12,"key":"AttackPotion"},{"floor":20,"key":"Dexterity Potion"}],"is_trial":false,"path_per_floor":["M","$","?","M","M","R","M","R","T","M","M","E","R","?","R","B",null,"M","?","M","$","?","E"],"character_chosen":"THE_SILENT","items_purchased":["Footwork"],"campfire_rested":2,"item_purchase_floors":[2],"current_hp_per_floor":[51,51,31,30,30,49,47,47,47,22,20,11,30,52,52,54,63,64,64,47,47,47,0],"gold":155,"neow_bonus":"HUNDRED_GOLD","is_prod":false,"is_daily":false,"chose_seed":false,"campfire_upgraded":2,"win_rate":0,"timestamp":1559599591,"path_taken":["M","$","?","M","M","R","M","R","T","M","M","E","R","?","R","BOSS","M","?","?","$","?","E"],"build_version":"2019-01-23","purchased_purges":2,"victory":false,"max_hp_per_floor":[66,66,66,66,66,66,66,66,66,66,66,66,66,66,66,66,66,66,66,66,66,66,66],"card_choices":[{"not_picked":["Slice","Cloak And Dagger"],"picked":"Dagger Spray","floor":1},{"not_picked":["Dodge and Roll","Prepared"],"picked":"Crippling Poison","floor":4},{"not_picked":["Dagger Spray","Expertise","Distraction"],"picked":"SKIP","floor":5},{"not_picked":["Sucker Punch","Cloak And Dagger","Bane"],"picked":"SKIP","floor":7},{"not_picked":["Underhanded Strike","Crippling Poison"],"picked":"Catalyst","floor":10},{"not_picked":["Dagger Throw","All Out Attack"],"picked":"Noxious Fumes","floor":11},{"not_picked":["Underhanded Strike","Tactician"],"picked":"Catalyst","floor":12},{"not_picked":["Phantasmal Killer","A Thousand Cuts"],"picked":"Wraith Form v2","floor":16},{"not_picked":["Sucker Punch","Outmaneuver","Deflect"],"picked":"SKIP","floor":18},{"not_picked":["Slice","Outmaneuver"],"picked":"Escape Plan","floor":20}],"player_experience":784388,"relics_obtained":[{"floor":9,"key":"Blood Vial"},{"floor":12,"key":"Smiling Mask"}],"event_choices":[{"damage_healed":0,"gold_gain":0,"player_choice":"Entered Light","damage_taken":20,"max_hp_gain":0,"max_hp_loss":0,"event_name":"Shining Light","floor":3,"gold_loss":0,"cards_upgraded":["Dagger Spray","Defend_G"]},{"damage_healed":22,"gold_gain":0,"player_choice":"Banana","damage_taken":0,"max_hp_gain":0,"max_hp_loss":0,"event_name":"Big Fish","floor":14,"gold_loss":0},{"damage_healed":0,"gold_gain":0,"player_choice":"Upgraded","damage_taken":0,"max_hp_gain":0,"max_hp_loss":0,"event_name":"Upgrade Shrine","floor":19,"gold_loss":0,"cards_upgraded":["Catalyst"]},{"cards_removed":["Strike_G"],"damage_healed":0,"gold_gain":0,"player_choice":"Upgrade and Remove","damage_taken":0,"max_hp_gain":0,"max_hp_loss":0,"event_name":"Designer","floor":22,"gold_loss":110,"cards_upgraded":["Defend_G"]}],"is_beta":false,"boss_relics":[{"not_picked":["Fusion Hammer","Lizard Tail"],"picked":"Velvet Choker"}],"items_purged_floors":[2,21],"is_endless":false,"potions_floor_spawned":[4,7,12,20],"killed_by":"Gremlin Leader","ascension_level":18}