{"gold_per_floor":[114,129,129,188,203,233,233,233,258,328,293,118,28,103,103,228,228,247,109,109,109,69,99,374,389,389,203,228,228,288,288,288,388,388,403,109,0,0,100,130,27,27,27,57,87,112,17,17,17,17],"floor_reached":50,"playtime":2050,"items_purged":[],"score":652,"play_id":"d9873743-3733-4fb2-a0c8-32fd6a2467a5","local_time":"20181105235602","daily_mods":["Specialized","Flight","Night Terrors"],"is_ascension_mode":false,"campfire_choices":[{"floor":15,"key":"REST"},{"floor":32,"key":"REST"},{"floor":49,"key":"REST"}],"neow_cost":"","seed_source_timestamp":0,"circlet_count":0,"master_deck":["Strike_R+1","Strike_R+1","Strike_R+1","Strike_R+1","Strike_R+1","Defend_R+1","Defend_R+1","Defend_R+1","Defend_R+1","Bash","Havoc","Havoc+1","Havoc+1","Havoc","True Grit","Blood for Blood","Clothesline","Perfected Strike","Injury","Infernal Blade","Sword Boomerang","Discovery","Immolate","Wild Strike","Feed+1","Reaper","Shrug It Off+1","Iron Wave","Mayhem","Sword Boomerang","Twin Strike","Bludgeon","Uppercut+1","Sword Boomerang","Discovery","Dual Wield+1","Perfected Strike","Writhe","Anger+1","Demon Form","Dramatic Entrance"],"special_seed":17841,"relics":["Burning Blood","Whetstone","Bloody Idol","Juzu Bracelet","Paper Frog","Red Skull","Mark of Pain","War Paint","Mummified Hand","Boot","Tiny Chest","Letter Opener","Lizard Tail","Pen Nib","Red Mask","Magic Flower","Pocketwatch","Dodecahedron","Blood Vial","Bronze Scales","Smiling Mask"],"potions_floor_usage":[18,30,30,30,35,40,44,44],"damage_taken":[{"damage":11,"enemies":"2 Louse","floor":1,"turns":3},{"damage":2,"enemies":"Small Slimes","floor":2,"turns":4},{"damage":0,"enemies":"Jaw Worm","floor":5,"turns":2},{"damage":31,"enemies":"Lagavulin","floor":6,"turns":8},{"damage":16,"enemies":"Lagavulin Event","floor":10,"turns":4},{"damage":59,"enemies":"The Guardian","floor":16,"turns":9},{"damage":5,"enemies":"3 Byrds","floor":18,"turns":4},{"damage":29,"enemies":"Book of Stabbing","floor":23,"turns":4},{"damage":22,"enemies":"2 Thieves","floor":25,"turns":3},{"damage":51,"enemies":"Gremlin Leader","floor":30,"turns":9},{"damage":63,"enemies":"Collector","floor":33,"turns":9},{"damage":20,"enemies":"Orb Walker","floor":35,"turns":3},{"damage":0,"enemies":"Mind Bloom Boss Battle","floor":39,"turns":5},{"damage":59,"enemies":"Reptomancer","floor":40,"turns":5},{"damage":99,"enemies":"Nemesis","floor":44,"turns":7},{"damage":49,"enemies":"Reptomancer","floor":45,"turns":7},{"damage":95,"enemies":"Donu and Deca","floor":50,"turns":6}],"seed_played":"-1781606062419763823","potions_obtained":[{"floor":1,"key":"Swift Potion"},{"floor":2,"key":"SpeedPotion"},{"floor":16,"key":"SpeedPotion"},{"floor":23,"key":"Dexterity Potion"},{"floor":33,"key":"BloodPotion"},{"floor":35,"key":"Fruit Juice"},{"floor":39,"key":"Poison Potion"}],"is_trial":false,"path_per_floor":["M","M","?","?","M","E","?","?","T","?","?","$","$","?","R","B",null,"M","$","?","?","?","E","?","M","T","$","T","?","E","T","R","B",null,"M","$","?","?","?","E","$","?","T","E","E","T","$","?","R","B"],"character_chosen":"IRONCLAD","items_purchased":["Sword Boomerang","Red Skull","Discovery","Feed","Mayhem","Sword Boomerang","Pen Nib","Sword Boomerang","Discovery","Perfected Strike","SkillPotion","Dramatic Entrance"],"campfire_rested":3,"item_purchase_floors":[12,12,13,19,27,27,36,36,36,41,41,47],"current_hp_per_floor":[75,79,79,79,80,55,39,39,39,29,49,49,49,38,75,22,75,75,75,75,75,75,57,62,67,67,67,72,72,40,40,70,18,70,70,70,70,70,83,44,44,66,66,79,47,52,52,52,82,0],"gold":17,"neow_bonus":"","is_prod":false,"is_daily":true,"chose_seed":false,"campfire_upgraded":0,"win_rate":0,"timestamp":1541480162,"path_taken":["M","M","?","?","M","E","?","?","T","?","?","$","$","?","R","BOSS","M","$","?","?","?","E","?","M","T","?","?","?","E","?","R","BOSS","M","$","?","?","?","E","$","?","T","E","E","?","?","?","R","BOSS"],"build_version":"2018-11-01","purchased_purges":0,"victory":false,"max_hp_per_floor":[80,80,80,80,80,80,80,80,80,80,80,80,80,80,75,75,75,75,75,75,75,75,75,75,75,75,75,75,75,75,75,70,70,70,79,79,79,79,83,87,87,87,87,87,87,87,87,87,82,82],"card_choices":[{"not_picked":["Headbutt","Seeing Red"],"picked":"True Grit","floor":1},{"not_picked":["Iron Wave","Body Slam"],"picked":"Blood for Blood","floor":2},{"not_picked":["Evolve","Warcry"],"picked":"Clothesline","floor":5},{"not_picked":["Juggernaut","Sword Boomerang"],"picked":"Perfected Strike","floor":6},{"not_picked":["Body Slam","Spot Weakness"],"picked":"Infernal Blade","floor":10},{"not_picked":["Fiend Fire","Barricade"],"picked":"Immolate","floor":16},{"not_picked":["Headbutt","Intimidate+1"],"picked":"Wild Strike","floor":18},{"not_picked":["Thunderclap","Seeing Red+1"],"picked":"Shrug It Off+1","floor":23},{"not_picked":["Rupture+1","Shockwave+1"],"picked":"Iron Wave","floor":25},{"not_picked":["Ghostly Armor","Iron Wave"],"picked":"Twin Strike","floor":30},{"not_picked":["Brutality","Fiend Fire"],"picked":"Bludgeon","floor":33},{"not_picked":["Warcry","Clothesline"],"picked":"Uppercut+1","floor":35},{"not_picked":["Evolve","Heavy Blade"],"picked":"Sword Boomerang","floor":39},{"not_picked":["Intimidate","Body Slam+1"],"picked":"Dual Wield+1","floor":40},{"not_picked":["Carnage+1","Pommel Strike+1"],"picked":"Anger+1","floor":44},{"not_picked":["Cleave","Entrench+1"],"picked":"Demon Form","floor":45}],"player_experience":208728,"relics_obtained":[{"floor":6,"key":"Whetstone"},{"floor":9,"key":"Juzu Bracelet"},{"floor":23,"key":"War Paint"},{"floor":26,"key":"Mummified Hand"},{"floor":28,"key":"Boot"},{"floor":30,"key":"Tiny Chest"},{"floor":31,"key":"Letter Opener"},{"floor":39,"key":"Magic Flower"},{"floor":40,"key":"Pocketwatch"},{"floor":43,"key":"Dodecahedron"},{"floor":44,"key":"Blood Vial"},{"floor":45,"key":"Bronze Scales"},{"floor":46,"key":"Smiling Mask"}],"event_choices":[{"damage_healed":0,"gold_gain":0,"player_choice":"Grow","damage_taken":0,"max_hp_gain":0,"max_hp_loss":0,"event_name":"Living Wall","floor":3,"gold_loss":0,"cards_upgraded":["Havoc"]},{"damage_healed":0,"gold_gain":59,"player_choice":"Gained Gold","damage_taken":0,"max_hp_gain":0,"max_hp_loss":0,"event_name":"Golden Wing","floor":4,"gold_loss":0},{"damage_healed":0,"gold_gain":0,"player_choice":"Entered Light","damage_taken":16,"max_hp_gain":0,"max_hp_loss":0,"event_name":"Shining Light","floor":7,"gold_loss":0,"cards_upgraded":["Havoc","Defend_R"]},{"damage_healed":0,"gold_gain":0,"player_choice":"Take Wound","damage_taken":0,"relics_obtained":["Golden Idol"],"max_hp_gain":0,"max_hp_loss":0,"event_name":"Golden Idol","floor":8,"gold_loss":0,"cards_obtained":["Injury"]},{"damage_healed":0,"gold_gain":0,"player_choice":"Searched \u00273\u0027 times","damage_taken":0,"relics_obtained":["Paper Frog"],"max_hp_gain":0,"max_hp_loss":0,"event_name":"Dead Adventurer","floor":10,"gold_loss":0},{"damage_healed":20,"gold_gain":0,"player_choice":"Healed","damage_taken":0,"max_hp_gain":0,"max_hp_loss":0,"event_name":"The Cleric","floor":11,"gold_loss":35},{"damage_healed":0,"gold_gain":75,"player_choice":"Gather Gold","damage_taken":11,"max_hp_gain":0,"max_hp_loss":0,"event_name":"World of Goop","floor":14,"gold_loss":0},{"damage_healed":0,"gold_gain":0,"player_choice":"Gave Idol","damage_taken":0,"relics_obtained":["Bloody Idol"],"max_hp_gain":0,"max_hp_loss":0,"event_name":"Forgotten Altar","floor":20,"relics_lost":["Golden Idol"],"gold_loss":0},{"damage_healed":0,"gold_gain":0,"cards_transformed":["Havoc"],"player_choice":"Transformed","damage_taken":0,"max_hp_gain":0,"max_hp_loss":0,"event_name":"Transmorgrifier","floor":21,"gold_loss":0,"cards_obtained":["Reaper"]},{"damage_healed":0,"gold_gain":0,"player_choice":"Upgrade","damage_taken":0,"max_hp_gain":0,"max_hp_loss":0,"event_name":"Designer","floor":22,"gold_loss":40,"cards_upgraded":["Feed"]},{"damage_healed":0,"gold_gain":275,"player_choice":"Desecrate","damage_taken":0,"max_hp_gain":0,"max_hp_loss":0,"event_name":"Golden Shrine","floor":24,"gold_loss":0,"cards_obtained":["Regret"]},{"damage_healed":0,"gold_gain":0,"player_choice":"Simplicity","damage_taken":0,"max_hp_gain":0,"max_hp_loss":0,"event_name":"Back to Basics","floor":29,"gold_loss":0,"cards_upgraded":["Strike_R","Strike_R","Strike_R","Defend_R"]},{"damage_healed":0,"gold_gain":0,"player_choice":"Paid","damage_taken":0,"relics_obtained":["Red Mask"],"max_hp_gain":0,"max_hp_loss":0,"event_name":"Tomb of Lord Red Mask","floor":37,"gold_loss":109},{"cards_removed":["Regret"],"damage_healed":0,"gold_gain":0,"player_choice":"Purged","damage_taken":0,"max_hp_gain":0,"max_hp_loss":0,"event_name":"Purifier","floor":38,"gold_loss":0},{"damage_healed":0,"gold_gain":0,"player_choice":"Fight","damage_taken":0,"max_hp_gain":0,"max_hp_loss":0,"event_name":"MindBloom","floor":39,"gold_loss":0},{"damage_healed":22,"gold_gain":0,"player_choice":"Writhe","damage_taken":0,"max_hp_gain":0,"max_hp_loss":0,"event_name":"Winding Halls","floor":42,"gold_loss":0,"cards_obtained":["Writhe"]},{"cards_removed":["Sword Boomerang"],"damage_healed":0,"gold_gain":0,"player_choice":"Removed Attack","damage_taken":0,"max_hp_gain":0,"max_hp_loss":0,"event_name":"Falling","floor":48,"gold_loss":0}],"is_beta":false,"boss_relics":[{"not_picked":["Busted Crown","Empty Cage"],"picked":"Mark of Pain"},{"not_picked":["Astrolabe","Black Star"],"picked":"Lizard Tail"}],"items_purged_floors":[],"is_endless":false,"potions_floor_spawned":[1,2,16,23,33,35,39],"killed_by":"Donu and Deca","ascension_level":0}