{"gold_per_floor":[117,117,127,141,156,156,156,176,176,176,176,176,226,9,9,88,88,107,79,79,96,96,96,125,140,140,140,172,172,198,123,123,123],"floor_reached":33,"playtime":2754,"items_purged":["Strike_G"],"score":546,"play_id":"4bfd9207-b505-4653-ae28-f113305f2f65","local_time":"20190102214658","is_ascension_mode":true,"campfire_choices":[{"data":"Flechettes","floor":6,"key":"SMITH"},{"data":"Terror","floor":10,"key":"SMITH"},{"data":"Neutralize","floor":12,"key":"SMITH"},{"data":"Noxious Fumes","floor":15,"key":"SMITH"},{"floor":23,"key":"REST"},{"data":"Night Terror","floor":27,"key":"SMITH"},{"floor":32,"key":"REST"}],"neow_cost":"NONE","seed_source_timestamp":21193694746601,"circlet_count":0,"master_deck":["AscendersBane","Defend_G","Defend_G","Defend_G","Defend_G","Defend_G","Strike_G","Strike_G","Strike_G","Survivor","Neutralize+1","Terror+1","Poisoned Stab","Quick Slash","Flechettes+1","Escape Plan","Backflip","Noxious Fumes+1","Night Terror+1","Noxious Fumes","Bane+1","Footwork+1","Leg Sweep","Backflip"],"relics":["Ring of the Snake","Boot","Bag of Marbles","Runic Pyramid","Ninja Scroll","Frozen Egg 2","Paper Crane","Orichalcum","Art of War"],"potions_floor_usage":[24,25,28],"damage_taken":[{"damage":10,"enemies":"Jaw Worm","floor":1,"turns":5},{"damage":1,"enemies":"2 Louse","floor":3,"turns":3},{"damage":2,"enemies":"Cultist","floor":4,"turns":4},{"damage":11,"enemies":"2 Fungi Beasts","floor":5,"turns":3},{"damage":4,"enemies":"Looter","floor":8,"turns":3},{"damage":8,"enemies":"Hexaghost","floor":16,"turns":9},{"damage":7,"enemies":"3 Byrds","floor":18,"turns":4},{"damage":10,"enemies":"2 Thieves","floor":19,"turns":4},{"damage":0,"enemies":"Centurion and Healer","floor":21,"turns":5},{"damage":9,"enemies":"Gremlin Leader","floor":24,"turns":6},{"damage":4,"enemies":"Cultist and Chosen","floor":25,"turns":5},{"damage":42,"enemies":"Book of Stabbing","floor":28,"turns":7},{"damage":44,"enemies":"Collector","floor":33,"turns":5}],"seed_played":"7918269916775479847","potions_obtained":[{"floor":3,"key":"AttackPotion"},{"floor":4,"key":"SkillPotion"},{"floor":16,"key":"PowerPotion"},{"floor":24,"key":"Weak Potion"}],"is_trial":false,"path_per_floor":["M","?","M","M","M","R","?","M","T","R","?","R","?","$","R","B",null,"M","M","T","M","$","R","E","M","T","R","E","?","T","?","R","B"],"character_chosen":"THE_SILENT","items_purchased":["Backflip","Noxious Fumes"],"campfire_rested":2,"item_purchase_floors":[14,14],"current_hp_per_floor":[55,55,54,52,41,41,41,37,37,37,37,37,30,30,30,22,60,53,43,43,43,43,64,55,51,51,51,9,23,23,23,44,0],"gold":123,"neow_bonus":"TEN_PERCENT_HP_BONUS","is_prod":false,"is_daily":false,"chose_seed":false,"campfire_upgraded":5,"win_rate":0,"timestamp":1546476418,"path_taken":["M","?","M","M","M","R","?","?","T","R","?","R","?","$","R","BOSS","M","M","?","M","?","R","E","?","T","R","E","?","?","?","R","BOSS"],"build_version":"2018-12-20","purchased_purges":1,"victory":false,"max_hp_per_floor":[72,72,72,72,72,72,72,72,72,72,72,72,72,72,72,72,72,72,72,72,72,72,72,72,72,72,72,72,72,72,72,72,72],"card_choices":[{"not_picked":["Bane","Expertise"],"picked":"Terror","floor":1},{"not_picked":["Outmaneuver","Prepared"],"picked":"Poisoned Stab","floor":3},{"not_picked":["Infinite Blades","PiercingWail"],"picked":"Quick Slash","floor":4},{"not_picked":["Bouncing Flask","Prepared"],"picked":"Flechettes","floor":5},{"not_picked":["Blade Dance","Dagger Throw"],"picked":"Escape Plan","floor":8},{"not_picked":["Glass Knife","Unload"],"picked":"Night Terror","floor":16},{"not_picked":["Flying Knee","Backflip"],"picked":"Noxious Fumes","floor":18},{"not_picked":["Underhanded Strike","Acrobatics","Deadly Poison"],"picked":"SKIP","floor":19},{"not_picked":["Setup","Cloak And Dagger"],"picked":"Bane+1","floor":21},{"not_picked":["Dagger Throw","Blur+1"],"picked":"Footwork","floor":24},{"not_picked":["Acrobatics","Infinite Blades+1"],"picked":"Leg Sweep","floor":25},{"not_picked":["Accuracy+1","Dagger Spray"],"picked":"Backflip","floor":28}],"player_experience":668482,"relics_obtained":[{"floor":9,"key":"Bag of Marbles"},{"floor":20,"key":"Ninja Scroll"},{"floor":24,"key":"Frozen Egg 2"},{"floor":26,"key":"Paper Crane"},{"floor":28,"key":"Orichalcum"},{"floor":30,"key":"Art of War"}],"event_choices":[{"damage_healed":0,"gold_gain":0,"player_choice":"Ignored","damage_taken":0,"max_hp_gain":0,"max_hp_loss":0,"event_name":"Liars Game","floor":2,"gold_loss":0},{"damage_healed":0,"gold_gain":0,"player_choice":"Gave Potion","damage_taken":0,"relics_obtained":["Boot"],"max_hp_gain":0,"max_hp_loss":0,"event_name":"WeMeetAgain","floor":7,"gold_loss":0},{"damage_healed":0,"gold_gain":0,"player_choice":"Fled","damage_taken":0,"max_hp_gain":0,"max_hp_loss":0,"event_name":"Scrap Ooze","floor":11,"gold_loss":0},{"damage_healed":0,"gold_gain":50,"player_choice":"Touch","damage_taken":7,"max_hp_gain":0,"max_hp_loss":0,"event_name":"FaceTrader","floor":13,"gold_loss":0},{"damage_healed":14,"gold_gain":0,"player_choice":"Heal","damage_taken":0,"max_hp_gain":0,"max_hp_loss":0,"event_name":"The Library","floor":29,"gold_loss":0},{"cards_removed":["Strike_G"],"damage_healed":0,"gold_gain":0,"player_choice":"Gave Gold","damage_taken":0,"max_hp_gain":0,"max_hp_loss":0,"event_name":"Beggar","floor":31,"gold_loss":75}],"is_beta":false,"boss_relics":[{"not_picked":["Calling Bell","Pandora\u0027s Box"],"picked":"Runic Pyramid"}],"items_purged_floors":[14],"is_endless":false,"potions_floor_spawned":[3,4,16,24],"killed_by":"Collector","ascension_level":20}