{"gold_per_floor":[113,125,137,12,12,12,12,12,12,23,52,52,68,68,68,171,221,232,331,76,76,76,76,103,103,184,184,184,194,209,236,236,331,331,343,361,159,176,176,176,176,176,221,22,0,0,0,13,13,13],"floor_reached":51,"playtime":1949,"items_purged":["Strike_B","Strike_B","Defend_B+1"],"score":1094,"play_id":"81542f14-2602-4d63-8fc1-049498cb95d7","local_time":"20181114025315","is_ascension_mode":true,"campfire_choices":[{"data":"Defragment","floor":6,"key":"SMITH"},{"data":"Dualcast","floor":8,"key":"SMITH"},{"data":"Hologram","floor":12,"key":"SMITH"},{"data":"White Noise","floor":15,"key":"SMITH"},{"data":"Capacitor","floor":23,"key":"SMITH"},{"data":"White Noise","floor":25,"key":"SMITH"},{"floor":28,"key":"REST"},{"floor":32,"key":"REST"},{"data":"Loop","floor":40,"key":"SMITH"},{"data":"Coolheaded","floor":42,"key":"SMITH"},{"floor":46,"key":"REST"},{"floor":49,"key":"REST"}],"neow_cost":"NONE","seed_source_timestamp":20923003052265,"circlet_count":0,"master_deck":["AscendersBane","Strike_B+1","Strike_B+1","Defend_B+1","Defend_B+1","Defend_B+1","Zap+1","Dualcast+1","Defragment+1","Glacier","Ball Lightning","Hologram+1","White Noise+1","Electrodynamics+1","Cold Snap","Capacitor+1","White Noise+1","Leap","Conserve Battery","Stack","Coolheaded+1","Loop+1","Defragment+1","Impatience","Master of Strategy"],"relics":["Cracked Core","Matryoshka","Meat on the Bone","Pocketwatch","Darkstone Periapt","Tiny House","Omamori","Centennial Puzzle","Singing Bowl","WingedGreaves","Lizard Tail","PreservedInsect","DollysMirror","Red Mask"],"potions_floor_usage":[11,50,50,50],"damage_taken":[{"damage":7,"enemies":"2 Louse","floor":1,"turns":3},{"damage":8,"enemies":"Small Slimes","floor":2,"turns":4},{"damage":1,"enemies":"Cultist","floor":3,"turns":3},{"damage":9,"enemies":"Red Slaver","floor":10,"turns":3},{"damage":8,"enemies":"Gremlin Nob","floor":11,"turns":3},{"damage":8,"enemies":"Exordium Wildlife","floor":13,"turns":3},{"damage":0,"enemies":"The Guardian","floor":16,"turns":12},{"damage":7,"enemies":"Chosen","floor":18,"turns":5},{"damage":18,"enemies":"Book of Stabbing","floor":24,"turns":7},{"damage":4,"enemies":"Spheric Guardian","floor":29,"turns":4},{"damage":1,"enemies":"Chosen and Byrds","floor":30,"turns":4},{"damage":32,"enemies":"Gremlin Leader","floor":31,"turns":7},{"damage":12,"enemies":"Champ","floor":33,"turns":12},{"damage":5,"enemies":"Orb Walker","floor":35,"turns":6},{"damage":22,"enemies":"3 Shapes","floor":36,"turns":2},{"damage":6,"enemies":"3 Darklings","floor":38,"turns":2},{"damage":6,"enemies":"Sphere and 2 Shapes","floor":48,"turns":4},{"damage":100,"enemies":"Awakened One","floor":50,"turns":22}],"seed_played":"1511831937649985409","potions_obtained":[{"floor":2,"key":"FocusPotion"},{"floor":3,"key":"Strength Potion"},{"floor":10,"key":"Fire Potion"},{"floor":17,"key":"Ancient Potion"},{"floor":18,"key":"PowerPotion"},{"floor":24,"key":"Energy Potion"}],"is_trial":false,"path_per_floor":["M","M","M","$","?","R","?","R","T","M","E","R","M","$","R","B",null,"M","?","$","?","?","R","E","R","T","?","R","M","M","E","R","B",null,"M","M","$","M","?","R","$","R","T","$","?","R","?","M","R","B",null],"character_chosen":"DEFECT","items_purchased":["Ball Lightning","Capacitor","White Noise","Leap","Loop","DollysMirror"],"campfire_rested":4,"item_purchase_floors":[4,20,20,20,37,44],"current_hp_per_floor":[61,53,52,52,52,52,52,52,52,43,47,47,39,39,39,39,71,64,64,64,64,64,64,46,46,46,46,70,66,65,47,71,61,78,73,53,53,49,49,49,49,49,49,49,49,75,67,63,90,56],"gold":13,"neow_bonus":"UPGRADE_CARD","is_prod":false,"is_daily":false,"chose_seed":false,"campfire_upgraded":8,"win_rate":0,"timestamp":1542174795,"path_taken":["M","M","M","$","?","R","?","R","T","M","E","R","?","?","R","BOSS","M","?","$","?","?","R","E","R","T","?","R","M","?","E","R","BOSS","M","M","$","M","?","R","$","R","T","$","?","R","?","M","R","BOSS"],"build_version":"2018-11-08","purchased_purges":3,"victory":true,"max_hp_per_floor":[75,75,75,75,75,75,75,75,75,75,75,75,75,75,75,75,80,80,80,80,80,80,80,80,80,80,80,80,80,80,82,82,84,84,84,86,86,88,88,88,88,88,88,88,88,88,90,92,92,92],"card_choices":[{"not_picked":["Redo","Go for the Eyes","Barrage"],"picked":"SKIP","floor":1},{"not_picked":["Scrape","Gash"],"picked":"Defragment","floor":2},{"not_picked":["Compile Driver","Reprogram"],"picked":"Glacier","floor":3},{"not_picked":["Sweeping Beam","Storm","Auto Shields"],"picked":"SKIP","floor":10},{"not_picked":["Undo","Aggregate"],"picked":"Hologram","floor":11},{"not_picked":["Chaos","Barrage"],"picked":"White Noise","floor":13},{"not_picked":["Meteor Strike","Thunder Strike"],"picked":"Electrodynamics","floor":16},{"not_picked":["Ball Lightning","Self Repair"],"picked":"Cold Snap","floor":17},{"not_picked":["Reprogram","Genetic Algorithm","Static Discharge+1"],"picked":"SKIP","floor":18},{"not_picked":["Go for the Eyes","Ball Lightning+1","Sweeping Beam"],"picked":"SKIP","floor":24},{"not_picked":["Compile Driver","Turbo"],"picked":"Conserve Battery","floor":29},{"not_picked":["Beam Cell+1","Hello World"],"picked":"Stack","floor":30},{"not_picked":["Rebound","Auto Shields","Gash+1"],"picked":"Singing Bowl","floor":31},{"not_picked":["Fission","All For One","Biased Cognition"],"picked":"Singing Bowl","floor":33},{"not_picked":["Steam","Compile Driver"],"picked":"Coolheaded","floor":35},{"not_picked":["Streamline","Beam Cell","Sweeping Beam"],"picked":"Singing Bowl","floor":36},{"not_picked":["Beam Cell+1","Barrage+1","Undo"],"picked":"Singing Bowl","floor":38},{"not_picked":["Madness","Blind","Flash of Steel"],"picked":"Singing Bowl","floor":47},{"not_picked":["Dramatic Entrance","Secret Weapon"],"picked":"Impatience","floor":47},{"not_picked":["Madness","Forethought"],"picked":"Master of Strategy","floor":47},{"not_picked":["Coolheaded+1","Recycle+1","Streamline"],"picked":"Singing Bowl","floor":48}],"player_experience":375929,"relics_obtained":[{"floor":9,"key":"Meat on the Bone"},{"floor":9,"key":"Pocketwatch"},{"floor":11,"key":"Darkstone Periapt"},{"floor":24,"key":"Omamori"},{"floor":26,"key":"Centennial Puzzle"},{"floor":26,"key":"Singing Bowl"},{"floor":31,"key":"WingedGreaves"},{"floor":43,"key":"PreservedInsect"}],"event_choices":[{"damage_healed":0,"gold_gain":0,"player_choice":"Leave","damage_taken":0,"max_hp_gain":0,"max_hp_loss":0,"event_name":"The Cleric","floor":5,"gold_loss":0},{"damage_healed":0,"gold_gain":0,"player_choice":"Gave Potion","damage_taken":0,"relics_obtained":["Matryoshka"],"max_hp_gain":0,"max_hp_loss":0,"event_name":"WeMeetAgain","floor":7,"gold_loss":0},{"damage_healed":0,"gold_gain":99,"player_choice":"Stole From Cult","damage_taken":0,"max_hp_gain":0,"max_hp_loss":0,"event_name":"Nest","floor":19,"gold_loss":0},{"damage_healed":0,"gold_gain":0,"player_choice":"Ignored","damage_taken":0,"max_hp_gain":0,"max_hp_loss":0,"event_name":"Vampires","floor":21,"gold_loss":0},{"damage_healed":0,"gold_gain":0,"player_choice":"Simplicity","damage_taken":0,"max_hp_gain":0,"max_hp_loss":0,"event_name":"Back to Basics","floor":22,"gold_loss":0,"cards_upgraded":["Strike_B","Defend_B","Defend_B","Defend_B","Defend_B"]},{"damage_healed":0,"gold_gain":0,"player_choice":"Forge","damage_taken":0,"max_hp_gain":0,"max_hp_loss":0,"event_name":"Accursed Blacksmith","floor":27,"gold_loss":0,"cards_upgraded":["Electrodynamics"]},{"damage_healed":0,"gold_gain":0,"player_choice":"Ignored","damage_taken":0,"max_hp_gain":0,"max_hp_loss":0,"event_name":"Mysterious Sphere","floor":39,"gold_loss":0},{"damage_healed":0,"gold_gain":0,"player_choice":"Paid","damage_taken":0,"relics_obtained":["Red Mask"],"max_hp_gain":0,"max_hp_loss":0,"event_name":"Tomb of Lord Red Mask","floor":45,"gold_loss":22},{"damage_healed":0,"gold_gain":0,"player_choice":"Memory 3","damage_taken":10,"max_hp_gain":0,"max_hp_loss":0,"event_name":"SensoryStone","floor":47,"gold_loss":0}],"is_beta":false,"boss_relics":[{"not_picked":["Pandora\u0027s Box","Snecko Eye"],"picked":"Tiny House"},{"not_picked":["Calling Bell","Fusion Hammer"],"picked":"Lizard Tail"}],"items_purged_floors":[4,20,37],"is_endless":false,"potions_floor_spawned":[2,3,10,18,24,33,35,38],"ascension_level":10}