{"gold_per_floor":[115,133,144,144,216,241,241,251,298,298,11,11,39,59,59,160,160,180,180,19,39,13,13,13,40,40,67,5,5,5,23,23,124,124,137,137,148,223,8,8,20,20,91,91,14,14,14,114,114,114],"floor_reached":50,"playtime":5547,"items_purged":["Regret"],"score":582,"play_id":"ff8cdc1d-063c-41db-b5c6-42a452d36a37","local_time":"20190619225414","is_ascension_mode":true,"campfire_choices":[{"data":"Pommel Strike","floor":7.0,"key":"SMITH"},{"data":"Metallicize","floor":10.0,"key":"SMITH"},{"data":"Armaments","floor":12.0,"key":"SMITH"},{"data":"Feed","floor":15.0,"key":"SMITH"},{"floor":23,"key":"REST"},{"floor":30,"key":"REST"},{"floor":32,"key":"DIG"},{"floor":40,"key":"REST"},{"floor":44,"key":"DIG"},{"floor":47,"key":"DIG"},{"floor":49,"key":"DIG"}],"neow_cost":"NONE","seed_source_timestamp":0,"circlet_count":0,"master_deck":["Strike_R","Strike_R","Strike_R","Strike_R","Defend_R+1","Defend_R","Defend_R","Defend_R","Shockwave","Metallicize+1","Pommel Strike+1","Armaments+1","Feed+1","Shrug It Off+1","Fiend Fire","Twin Strike","Uppercut","Uppercut+1","Battle Trance+1","Thunderclap+1","Armaments+1","Shrug It Off+1","Carnage+1","Shrug It Off+1","Reaper+1","Feel No Pain","Thinking Ahead+1","Dark Shackles+1","Thunderclap+1","Shrug It Off+1","Intimidate+1","Power Through+1","Sentinel+1","Dark Shackles+1","Headbutt+1","Iron Wave+1","Madness+1","Madness+1"],"special_seed":0,"relics":["Burning Blood","NeowsBlessing","Ancient Tea Set","Letter Opener","Regal Pillow","PreservedInsect","Membership Card","Pen Nib","Dream Catcher","Lizard Tail","Toxic Egg 2","Molten Egg 2","Meat on the Bone","Shovel","Anchor","Blue Candle","Empty Cage","Lantern","Bronze Scales","Bottled Tornado","Bird Faced Urn","War Paint","Pantograph"],"potions_floor_usage":[21,25,25,27,33,41,50],"damage_taken":[{"damage":0.0,"enemies":"Cultist","floor":1.0,"turns":1.0},{"damage":0.0,"enemies":"Jaw Worm","floor":2.0,"turns":1.0},{"damage":0.0,"enemies":"Small Slimes","floor":3.0,"turns":1.0},{"damage":42.0,"enemies":"3 Sentries","floor":6.0,"turns":11.0},{"damage":4.0,"enemies":"Red Slaver","floor":8.0,"turns":3.0},{"damage":1.0,"enemies":"Gremlin Nob","floor":13.0,"turns":4.0},{"damage":4.0,"enemies":"Exordium Thugs","floor":14.0,"turns":4.0},{"damage":53.0,"enemies":"Hexaghost","floor":16.0,"turns":15.0},{"damage":27,"enemies":"3 Byrds","floor":18,"turns":10},{"damage":33,"enemies":"Spheric Guardian","floor":21,"turns":8},{"damage":34,"enemies":"Book of Stabbing","floor":25,"turns":7},{"damage":36,"enemies":"Gremlin Leader","floor":27,"turns":9},{"damage":27,"enemies":"Colosseum Slavers","floor":29,"turns":6},{"damage":3,"enemies":"Cultist and Chosen","floor":31,"turns":6},{"damage":105,"enemies":"Automaton","floor":33,"turns":15},{"damage":77,"enemies":"3 Darklings","floor":35,"turns":14},{"damage":4,"enemies":"Orb Walker","floor":37,"turns":4},{"damage":14,"enemies":"Maw","floor":41,"turns":10},{"damage":110,"enemies":"Awakened One","floor":50,"turns":20}],"seed_played":"-3085528298296644059","potions_obtained":[{"floor":2.0,"key":"EssenceOfSteel"},{"floor":3.0,"key":"Energy Potion"},{"floor":8.0,"key":"Ancient Potion"},{"floor":18,"key":"GamblersBrew"},{"floor":19,"key":"Weak Potion"},{"floor":31,"key":"FearPotion"},{"floor":33,"key":"Strength Potion"},{"floor":37,"key":"SteroidPotion"}],"is_trial":false,"path_per_floor":["M","M","M","?","T","E","R","M","T","R","$","R","E","M","R","B",null,"M","?","$","M","$","R","T","E","T","E","$","?","R","M","R","B",null,"M","?","M","?","$","R","M","?","T","R","$","?","R","?","R","B"],"character_chosen":"IRONCLAD","items_purchased":["Membership Card","Pen Nib","Armaments","Toxic Egg 2","SkillPotion","Thunderclap+1","Armaments+1","Shrug It Off+1","Lantern","EssenceOfSteel","Bronze Scales","Shrug It Off+1","Dark Shackles+1","Headbutt+1","Iron Wave+1"],"campfire_rested":3,"item_purchase_floors":[11,11,11,20,22,28,28,28,39,39,39,39,45,45,45],"current_hp_per_floor":[80,80,80,80,80,44,44,46,46,46,46,46,51,56,56,9,83,66,66,66,39,39,80,80,56,56,38,38,29,71,74,74,39,91,53,48,62,53,53,91,90,90,90,90,90,79,79,79,79,0],"gold":114,"neow_bonus":"THREE_ENEMY_KILL","is_prod":false,"is_daily":false,"chose_seed":false,"campfire_upgraded":4,"win_rate":0,"timestamp":1560948854,"path_taken":["M","M","M","?","?","E","R","M","T","R","$","R","E","M","R","BOSS","M","?","$","?","$","R","?","E","T","E","$","?","R","M","R","BOSS","M","?","M","?","$","R","?","?","T","R","?","?","R","?","R","BOSS"],"build_version":"2019-01-23","purchased_purges":1,"victory":false,"max_hp_per_floor":[80,80,80,80,80,80,80,80,80,80,80,80,80,83,83,83,83,87,87,87,87,87,87,87,91,91,91,91,91,91,91,91,91,91,91,91,91,91,91,91,91,91,91,91,91,91,91,91,91,91],"card_choices":[{"not_picked":["Warcry","Hemokinesis"],"picked":"Iron Wave","floor":1.0},{"not_picked":["Iron Wave","Clothesline"],"picked":"Shockwave","floor":2.0},{"not_picked":["Warcry","Perfected Strike"],"picked":"Metallicize","floor":3.0},{"not_picked":["True Grit","Headbutt"],"picked":"Pommel Strike","floor":6.0},{"not_picked":["Second Wind","Anger","Havoc"],"picked":"SKIP","floor":8.0},{"not_picked":["Warcry","Ghostly Armor"],"picked":"Feed","floor":13.0},{"not_picked":["True Grit","Body Slam"],"picked":"Shrug It Off","floor":14.0},{"not_picked":["Offering","Barricade"],"picked":"Fiend Fire","floor":16.0},{"not_picked":["Flex+1","Shrug It Off"],"picked":"Twin Strike","floor":18},{"not_picked":["Sentinel+1","Blood for Blood+1","Clothesline"],"picked":"SKIP","floor":21},{"not_picked":["Headbutt+1","Hemokinesis+1"],"picked":"Uppercut","floor":23},{"not_picked":["Bloodletting+1","Rupture+1"],"picked":"Uppercut+1","floor":25},{"not_picked":["Body Slam+1","Barricade"],"picked":"Battle Trance+1","floor":27},{"not_picked":["Dropkick+1","Iron Wave+1"],"picked":"Carnage+1","floor":30},{"not_picked":["Sentinel+1","Body Slam+1"],"picked":"Shrug It Off+1","floor":31},{"not_picked":["Berserk","Brutality"],"picked":"Reaper+1","floor":33},{"not_picked":["Armaments+1","Clash+1"],"picked":"Feel No Pain","floor":35},{"not_picked":["Mind Blast+1","Metamorphosis+1"],"picked":"Thinking Ahead+1","floor":36},{"not_picked":["Dramatic Entrance+1","HandOfGreed+1"],"picked":"Dark Shackles+1","floor":36},{"not_picked":["Sentinel+1","Clothesline+1"],"picked":"Thunderclap+1","floor":37},{"not_picked":["Anger+1","True Grit+1"],"picked":"Intimidate+1","floor":40},{"not_picked":["Flex+1","Cleave+1"],"picked":"Power Through+1","floor":41}],"player_experience":90330,"relics_obtained":[{"floor":5.0,"key":"Letter Opener"},{"floor":6.0,"key":"Regal Pillow"},{"floor":9.0,"key":"PreservedInsect"},{"floor":13.0,"key":"Dream Catcher"},{"floor":24,"key":"Molten Egg 2"},{"floor":25,"key":"Meat on the Bone"},{"floor":26,"key":"Shovel"},{"floor":27,"key":"Anchor"},{"floor":32,"key":"Blue Candle"},{"floor":43,"key":"Bottled Tornado"},{"floor":44,"key":"Bird Faced Urn"},{"floor":47,"key":"War Paint"},{"floor":49,"key":"Pantograph"}],"event_choices":[{"damage_healed":0.0,"max_hp_gain":0.0,"max_hp_loss":0.0,"gold_gain":0.0,"event_name":"Big Fish","player_choice":"Box","floor":4.0,"gold_loss":0.0,"damage_taken":0.0,"relics_obtained":["Ancient Tea Set"],"cards_obtained":["Regret"]},{"damage_healed":0,"gold_gain":0,"player_choice":"Got Potions","damage_taken":0,"max_hp_gain":0,"max_hp_loss":0,"event_name":"Lab","floor":19,"gold_loss":0},{"damage_healed":0,"gold_gain":0,"player_choice":"Fight","damage_taken":0,"max_hp_gain":0,"max_hp_loss":0,"event_name":"Colosseum","floor":29,"gold_loss":0},{"damage_healed":0,"gold_gain":0,"player_choice":"Fled From Nobs","damage_taken":0,"max_hp_gain":0,"max_hp_loss":0,"event_name":"Colosseum","floor":29,"gold_loss":0},{"damage_healed":0,"gold_gain":0,"player_choice":"Memory 2","damage_taken":5,"max_hp_gain":0,"max_hp_loss":0,"event_name":"SensoryStone","floor":36,"gold_loss":0},{"damage_healed":0,"gold_gain":75,"player_choice":"Touch","damage_taken":9,"max_hp_gain":0,"max_hp_loss":0,"event_name":"FaceTrader","floor":38,"gold_loss":0},{"damage_healed":0,"gold_gain":0,"cards_transformed":["Iron Wave"],"player_choice":"Transformed","damage_taken":0,"max_hp_gain":0,"max_hp_loss":0,"event_name":"Transmorgrifier","floor":42,"gold_loss":0,"cards_obtained":["Sentinel"]},{"damage_healed":0,"gold_gain":0,"player_choice":"Embrace Madness","damage_taken":11,"max_hp_gain":0,"max_hp_loss":0,"event_name":"Winding Halls","floor":46,"gold_loss":0,"cards_obtained":["Madness","Madness"]},{"damage_healed":0,"gold_gain":100,"player_choice":"Pray","damage_taken":0,"max_hp_gain":0,"max_hp_loss":0,"event_name":"Golden Shrine","floor":48,"gold_loss":0}],"is_beta":false,"boss_relics":[{"not_picked":["Black Blood","Tiny House"],"picked":"Lizard Tail"},{"not_picked":["Sozu","Runic Pyramid"],"picked":"Empty Cage"}],"items_purged_floors":[20],"is_endless":false,"potions_floor_spawned":[2,3,8,18,31,33,37],"killed_by":"Awakened One","ascension_level":1}