{"gold_per_floor":[112,132,207,227,227,227,3,3,30,30,74,89,89,128,128,259,259,278,301,135,135,234,275,190,155,202,202,202,202,202,202,202,328,328,349,682,682,702,414,414,68,102,184,184,184,184,138,138,138,138,138,138,48,80,80],"floor_reached":55,"playtime":3933,"items_purged":["Strike_G","Strike_G"],"score":810,"play_id":"6950b78a-d713-4839-949a-be3d48f3358d","local_time":"20181225195524","is_ascension_mode":true,"campfire_choices":[{"data":"Accuracy","floor":6,"key":"SMITH"},{"floor":13,"key":"REST"},{"floor":15,"key":"REST"},{"floor":32,"key":"REST"},{"data":"Accuracy","floor":40,"key":"SMITH"},{"data":"Cloak And Dagger","floor":44,"key":"SMITH"},{"data":"Cloak And Dagger","floor":46,"key":"SMITH"},{"floor":49,"key":"RECALL"},{"data":"Footwork","floor":52,"key":"SMITH"}],"neow_cost":"NONE","seed_source_timestamp":282462013288859,"circlet_count":0,"master_deck":["Defend_G+1","Defend_G","Defend_G","Defend_G","Defend_G","Strike_G","Strike_G","Survivor+1","Neutralize","Deep Breath","Cloak And Dagger+1","Cloak And Dagger+1","Accuracy+1","Well Laid Plans","Bullet Time","Terror","Die Die Die","Cloak And Dagger+1","Prepared","Footwork+1","Bandage Up","Infinite Blades","Footwork","PiercingWail","Storm of Steel","Prepared+1","Accuracy+1","Backflip","Dark Shackles","Escape Plan","PiercingWail","Skewer","Good Instincts","Calculated Gamble+1"],"relics":["Ring of the Snake","Kunai","Juzu Bracelet","Bag of Marbles","Lantern","Omamori","Sozu","Gremlin Horn","Ancient Tea Set","Centennial Puzzle","WingedGreaves","Meat on the Bone","MutagenicStrength","Eternal Feather","Paper Crane","PreservedInsect","FaceOfCleric","War Paint"],"potions_floor_usage":[11,16,23],"damage_taken":[{"damage":0,"enemies":"2 Louse","floor":1,"turns":3},{"damage":9,"enemies":"Jaw Worm","floor":2,"turns":6},{"damage":0,"enemies":"Cultist","floor":4,"turns":4},{"damage":19,"enemies":"Gremlin Nob","floor":11,"turns":4},{"damage":20,"enemies":"Gremlin Gang","floor":12,"turns":6},{"damage":7,"enemies":"3 Sentries","floor":14,"turns":9},{"damage":40,"enemies":"The Guardian","floor":16,"turns":11},{"damage":6,"enemies":"2 Thieves","floor":18,"turns":4},{"damage":9,"enemies":"3 Byrds","floor":19,"turns":5},{"damage":19,"enemies":"Book of Stabbing","floor":23,"turns":5},{"damage":15,"enemies":"Colosseum Slavers","floor":27,"turns":4},{"damage":33,"enemies":"Collector","floor":33,"turns":12},{"damage":35,"enemies":"3 Darklings","floor":35,"turns":7},{"damage":0,"enemies":"3 Shapes","floor":38,"turns":4},{"damage":5,"enemies":"Giant Head","floor":42,"turns":7},{"damage":27,"enemies":"Donu and Deca","floor":50,"turns":12},{"damage":60,"enemies":"Shield and Spear","floor":54,"turns":8},{"damage":23,"enemies":"The Heart","floor":55,"turns":3}],"seed_played":"1961715079761591371","potions_obtained":[{"floor":4,"key":"Fire Potion"},{"floor":12,"key":"Ancient Potion"},{"floor":14,"key":"Fire Potion"},{"floor":16,"key":"Poison Potion"}],"is_trial":false,"path_per_floor":["M","M","?","M","T","R","$","?","T","$","E","M","R","E","R","B",null,"M","M","$","?","?","E","?","$","T","?","?","?","?","?","R","B",null,"M","?","?","M","$","R","$","E","T","R","?","R","$","?","R","B",null,"R","$","E","B"],"character_chosen":"THE_SILENT","items_purchased":["Juzu Bracelet","Well Laid Plans","Footwork","Bandage Up","Footwork","Accuracy","Backflip","Dark Shackles","Paper Crane","PiercingWail","Good Instincts"],"campfire_rested":3,"item_purchase_floors":[7,7,20,20,25,39,39,39,41,47,53],"current_hp_per_floor":[70,61,50,50,50,50,50,50,50,50,31,11,30,23,42,2,65,59,50,50,50,50,35,35,35,35,24,24,24,24,24,43,26,65,34,34,34,34,34,52,52,51,51,65,65,65,65,65,65,43,66,66,66,23,0],"gold":80,"neow_bonus":"RANDOM_COLORLESS","is_prod":false,"is_daily":false,"chose_seed":false,"campfire_upgraded":5,"win_rate":0,"timestamp":1545796524,"path_taken":["M","M","?","M","?","R","$","?","T","?","E","M","R","E","R","BOSS","M","M","$","?","?","E","?","$","T","?","?","?","?","?","R","BOSS","M","?","?","M","?","R","$","E","T","R","?","R","$","?","R","BOSS","R","$","E","BOSS"],"build_version":"2018-12-20","purchased_purges":2,"victory":false,"max_hp_per_floor":[70,70,70,70,70,70,70,65,65,65,65,65,65,65,65,65,65,65,65,65,65,65,65,65,65,65,65,65,65,65,65,65,65,65,65,65,65,65,65,65,65,65,65,65,65,65,65,65,65,66,66,66,66,67,67],"card_choices":[{"not_picked":["Slice","Skewer"],"picked":"Cloak And Dagger","floor":1},{"not_picked":["Blade Dance","Riddle With Holes"],"picked":"Cloak And Dagger","floor":2},{"not_picked":["Cloak And Dagger","Distraction"],"picked":"Accuracy","floor":4},{"not_picked":["Outmaneuver","Dagger Spray","Sucker Punch"],"picked":"SKIP","floor":11},{"not_picked":["Terror","Flying Knee"],"picked":"Bullet Time","floor":12},{"not_picked":["All Out Attack","Bane"],"picked":"Terror","floor":14},{"not_picked":["Glass Knife","Wraith Form v2"],"picked":"Die Die Die","floor":16},{"not_picked":["Terror","Outmaneuver"],"picked":"Cloak And Dagger+1","floor":18},{"not_picked":["Poisoned Stab","Noxious Fumes"],"picked":"Prepared","floor":19},{"not_picked":["Acrobatics+1","Tactician"],"picked":"Infinite Blades","floor":23},{"not_picked":["Venomology","Phantasmal Killer"],"picked":"Storm of Steel","floor":33},{"not_picked":["Outmaneuver+1","Acrobatics"],"picked":"Prepared+1","floor":35},{"not_picked":["Outmaneuver+1","Slice+1","Poisoned Stab"],"picked":"SKIP","floor":38},{"not_picked":["Storm of Steel","Bane"],"picked":"Escape Plan","floor":42},{"not_picked":["Blade Dance","Flechettes+1"],"picked":"Calculated Gamble+1","floor":54}],"player_experience":92333,"relics_obtained":[{"floor":5,"key":"Kunai"},{"floor":9,"key":"Bag of Marbles"},{"floor":11,"key":"Lantern"},{"floor":14,"key":"Omamori"},{"floor":23,"key":"Gremlin Horn"},{"floor":26,"key":"Centennial Puzzle"},{"floor":42,"key":"PreservedInsect"},{"floor":54,"key":"War Paint"}],"event_choices":[{"damage_healed":0,"gold_gain":75,"player_choice":"Gather Gold","damage_taken":11,"max_hp_gain":0,"max_hp_loss":0,"event_name":"World of Goop","floor":3,"gold_loss":0},{"damage_healed":0,"gold_gain":0,"player_choice":"Lose Max HP","damage_taken":0,"relics_obtained":["Golden Idol"],"max_hp_gain":0,"max_hp_loss":5,"event_name":"Golden Idol","floor":8,"gold_loss":0},{"damage_healed":0,"gold_gain":0,"player_choice":"0 cards matched","damage_taken":0,"max_hp_gain":0,"max_hp_loss":0,"event_name":"Match and Keep!","floor":21,"gold_loss":0,"cards_obtained":[]},{"damage_healed":0,"gold_gain":0,"player_choice":"0 cards matched","damage_taken":0,"max_hp_gain":0,"max_hp_loss":0,"event_name":"Match and Keep!","floor":21,"gold_loss":0,"cards_obtained":[]},{"damage_healed":0,"gold_gain":99,"player_choice":"Stole From Cult","damage_taken":0,"max_hp_gain":0,"max_hp_loss":0,"event_name":"Nest","floor":22,"gold_loss":0},{"damage_healed":0,"gold_gain":0,"player_choice":"Obtained Relic","damage_taken":0,"relics_obtained":["Ancient Tea Set"],"max_hp_gain":0,"max_hp_loss":0,"event_name":"Addict","floor":24,"gold_loss":85},{"damage_healed":0,"gold_gain":0,"player_choice":"Fight","damage_taken":0,"max_hp_gain":0,"max_hp_loss":0,"event_name":"Colosseum","floor":27,"gold_loss":0},{"damage_healed":0,"gold_gain":0,"player_choice":"Fled From Nobs","damage_taken":0,"max_hp_gain":0,"max_hp_loss":0,"event_name":"Colosseum","floor":27,"gold_loss":0},{"damage_healed":0,"gold_gain":0,"player_choice":"Opened","damage_taken":0,"relics_obtained":["WingedGreaves"],"max_hp_gain":0,"max_hp_loss":0,"event_name":"The Mausoleum","floor":28,"gold_loss":0},{"damage_healed":0,"gold_gain":0,"player_choice":"Gave Potion","damage_taken":0,"relics_obtained":["Meat on the Bone"],"max_hp_gain":0,"max_hp_loss":0,"event_name":"WeMeetAgain","floor":29,"gold_loss":0},{"damage_healed":0,"gold_gain":0,"player_choice":"Read","damage_taken":0,"max_hp_gain":0,"max_hp_loss":0,"event_name":"The Library","floor":30,"gold_loss":0,"cards_obtained":["PiercingWail"]},{"damage_healed":0,"gold_gain":0,"player_choice":"Inject Mutagens","damage_taken":0,"relics_obtained":["MutagenicStrength"],"max_hp_gain":0,"max_hp_loss":0,"event_name":"Drug Dealer","floor":31,"gold_loss":0},{"damage_healed":0,"gold_gain":333,"player_choice":"Gave Idol","damage_taken":0,"max_hp_gain":0,"max_hp_loss":0,"event_name":"The Moai Head","floor":36,"relics_lost":["Golden Idol"],"gold_loss":0},{"damage_healed":0,"gold_gain":0,"player_choice":"Ignored","damage_taken":0,"max_hp_gain":0,"max_hp_loss":0,"event_name":"Tomb of Lord Red Mask","floor":37,"gold_loss":0},{"damage_healed":0,"gold_gain":0,"player_choice":"Trade","damage_taken":0,"relics_obtained":["FaceOfCleric"],"max_hp_gain":0,"max_hp_loss":0,"event_name":"FaceTrader","floor":45,"gold_loss":0},{"damage_healed":0,"gold_gain":0,"cards_transformed":["Strike_G"],"player_choice":"Transformed","damage_taken":0,"max_hp_gain":0,"max_hp_loss":0,"event_name":"Transmorgrifier","floor":48,"gold_loss":0,"cards_obtained":["Skewer"]}],"is_beta":false,"boss_relics":[{"not_picked":["Coffee Dripper","White Beast Statue"],"picked":"Sozu"},{"not_picked":["Runic Dome","Lizard Tail"],"picked":"Eternal Feather"}],"items_purged_floors":[39,41],"is_endless":false,"potions_floor_spawned":[4,12,14,16,18,33,35,38],"killed_by":"The Heart","ascension_level":2}