{"gold_per_floor":[115,19,31,48,62,62,78,110,137,153,171,55,55,75,75,149,149,163,195,207,20,33,33,33,64,88,120,39,39,39,54,54,128,128,139,239,38,54,65,90,90,107,107,107,107,127,127,160,160,160],"floor_reached":51,"playtime":2262,"items_purged":["Strike_G","Strike_G","Survivor"],"score":1414,"play_id":"0435e1e8-b87d-4f31-8b1b-bd378a70dd5f","local_time":"20190602233504","is_ascension_mode":true,"campfire_choices":[{"data":"Neutralize","floor":6.0,"key":"SMITH"},{"data":"Envenom","floor":15.0,"key":"SMITH"},{"floor":23,"key":"REST"},{"floor":32,"key":"REST"},{"floor":41,"key":"REST"},{"floor":44,"key":"REST"},{"floor":47,"key":"REST"},{"floor":49,"key":"REST"}],"neow_cost":"NONE","seed_source_timestamp":1625341914415389,"circlet_count":0,"master_deck":["AscendersBane","Defend_G+1","Defend_G+1","Defend_G+1","Defend_G+1","Defend_G+1","Strike_G+1","Strike_G+1","Strike_G+1","Neutralize+1","Deadly Poison","Quick Slash","Backstab","Dagger Throw","Blade Dance","Venomology","Dagger Spray","Envenom+1","Footwork","Crippling Poison","Malaise","Dagger Spray","Deadly Poison","Footwork","Regret","Backflip+1","Catalyst","Poisoned Stab","Corpse Explosion","Catalyst+1","Escape Plan+1","Noxious Fumes","Backflip","Deadly Poison","Clumsy","Blur","Leg Sweep"],"special_seed":0,"relics":["Ring of the Snake","PreservedInsect","Potion Belt","Juzu Bracelet","Cursed Key","Red Mask","Bronze Scales","Lantern","Snake Skull","Fusion Hammer","Bird Faced Urn","Blood Vial","Mummified Hand","Centennial Puzzle"],"potions_floor_usage":[16,16,18,18,19,19,19,25,25,27,27,27,33,33,33,38,38,40,40,40,42,46,46,50,50,50,50],"damage_taken":[{"damage":0.0,"enemies":"2 Louse","floor":1.0,"turns":5.0},{"damage":0.0,"enemies":"Cultist","floor":3.0,"turns":4.0},{"damage":7.0,"enemies":"Jaw Worm","floor":4.0,"turns":4.0},{"damage":1.0,"enemies":"Looter","floor":5.0,"turns":4.0},{"damage":16.0,"enemies":"Large Slime","floor":7.0,"turns":7.0},{"damage":4.0,"enemies":"Gremlin Nob","floor":8.0,"turns":3.0},{"damage":1.0,"enemies":"Blue Slaver","floor":10.0,"turns":4.0},{"damage":0.0,"enemies":"2 Fungi Beasts","floor":11.0,"turns":2.0},{"damage":5.0,"enemies":"3 Louse","floor":14.0,"turns":3.0},{"damage":19,"enemies":"The Guardian","floor":16,"turns":12},{"damage":23,"enemies":"Shell Parasite","floor":18,"turns":8},{"damage":4,"enemies":"Masked Bandits","floor":19,"turns":4},{"damage":0,"enemies":"3 Byrds","floor":20,"turns":5},{"damage":6,"enemies":"Snecko","floor":22,"turns":9},{"damage":16,"enemies":"Slavers","floor":25,"turns":5},{"damage":16,"enemies":"Book of Stabbing","floor":27,"turns":4},{"damage":0,"enemies":"Snake Plant","floor":31,"turns":5},{"damage":33,"enemies":"Champ","floor":33,"turns":14},{"damage":10,"enemies":"Orb Walker","floor":35,"turns":4},{"damage":4,"enemies":"Mind Bloom Boss Battle","floor":36,"turns":6},{"damage":38,"enemies":"3 Darklings","floor":38,"turns":5},{"damage":0,"enemies":"4 Shapes","floor":39,"turns":4},{"damage":15,"enemies":"Nemesis","floor":40,"turns":5},{"damage":8,"enemies":"Jaw Worm Horde","floor":42,"turns":2},{"damage":13,"enemies":"Writhing Mass","floor":46,"turns":5},{"damage":13,"enemies":"Giant Head","floor":48,"turns":5},{"damage":42,"enemies":"Donu and Deca","floor":50,"turns":5}],"seed_played":"-8324593976784844690","potions_obtained":[{"floor":5.0,"key":"SkillPotion"},{"floor":7.0,"key":"Block Potion"},{"floor":8.0,"key":"FearPotion"},{"floor":10.0,"key":"Explosive Potion"},{"floor":14.0,"key":"Energy Potion"},{"floor":18,"key":"Explosive Potion"},{"floor":25,"key":"Regen Potion"},{"floor":33,"key":"Strength Potion"},{"floor":35,"key":"PowerPotion"},{"floor":36,"key":"Dexterity Potion"},{"floor":42,"key":"Poison Potion"}],"is_trial":false,"path_per_floor":["M","?","M","M","M","R","M","E","T","M","M","$","?","M","R","B",null,"M","?","M","$","M","R","?","E","T","E","$","?","$","M","R","B",null,"M","?","$","M","M","E","R","M","T","R","$","M","R","E","R","B",null],"character_chosen":"THE_SILENT","items_purchased":["Footwork","Footwork","Catalyst","Noxious Fumes"],"campfire_rested":6,"item_purchase_floors":[12,21,28,37],"current_hp_per_floor":[65,65,65,58,57,57,41,37,37,36,36,36,36,31,31,12,57,34,30,30,30,24,45,45,29,29,27,27,27,27,27,48,15,58,48,44,44,14,16,7,28,24,24,45,45,38,59,56,72,36],"gold":160,"neow_bonus":"TEN_PERCENT_HP_BONUS","is_prod":false,"is_daily":false,"chose_seed":false,"campfire_upgraded":2,"win_rate":0,"timestamp":1559532904,"path_taken":["M","?","M","M","M","R","M","E","T","M","M","?","?","M","R","BOSS","M","?","M","$","M","R","?","E","T","E","$","?","?","M","R","BOSS","M","?","$","M","M","E","R","M","T","R","$","M","R","E","R","BOSS"],"build_version":"2019-01-23","purchased_purges":3,"victory":true,"max_hp_per_floor":[72,72,72,72,72,72,72,72,72,72,72,72,72,72,72,72,72,72,72,72,72,72,72,72,72,72,72,72,72,72,72,72,72,72,72,72,72,72,72,72,72,72,72,72,72,72,72,72,72,72],"card_choices":[{"not_picked":["Dodge and Roll","Blade Dance"],"picked":"Deadly Poison","floor":1.0},{"not_picked":["Distraction","Deflect"],"picked":"Quick Slash","floor":3.0},{"not_picked":["Slice","Blade Dance"],"picked":"Backstab","floor":4.0},{"not_picked":["Backflip","Caltrops"],"picked":"Dagger Throw","floor":5.0},{"not_picked":["Tactician","Backflip"],"picked":"Blade Dance","floor":7.0},{"not_picked":["Slice","Dagger Throw"],"picked":"Venomology","floor":8.0},{"not_picked":["Prepared","Bane"],"picked":"Dagger Spray","floor":10.0},{"not_picked":["Escape Plan","Quick Slash"],"picked":"Envenom","floor":11.0},{"not_picked":["Terror","Backstab"],"picked":"Crippling Poison","floor":14.0},{"not_picked":["Phantasmal Killer","Envenom"],"picked":"Malaise","floor":16},{"not_picked":["Distraction","Prepared","Blade Dance"],"picked":"SKIP","floor":18},{"not_picked":["Backflip","Terror"],"picked":"Dagger Spray","floor":19},{"not_picked":["Quick Slash","Outmaneuver"],"picked":"Deadly Poison","floor":20},{"not_picked":["Dagger Spray","Quick Slash","Accuracy"],"picked":"SKIP","floor":22},{"not_picked":["Envenom","Outmaneuver","Prepared"],"picked":"SKIP","floor":25},{"not_picked":["Dodge and Roll+1","Sucker Punch"],"picked":"Backflip+1","floor":27},{"not_picked":["Acrobatics","Dash+1"],"picked":"Poisoned Stab","floor":31},{"not_picked":["Tools of the Trade","Venomology"],"picked":"Corpse Explosion","floor":33},{"not_picked":["Acrobatics+1","Blade Dance+1"],"picked":"Catalyst+1","floor":35},{"not_picked":["Underhanded Strike","Blade Dance+1"],"picked":"Escape Plan+1","floor":36},{"not_picked":["Poisoned Stab","Dash","Flechettes"],"picked":"SKIP","floor":38},{"not_picked":["All Out Attack","Endless Agony","Night Terror"],"picked":"SKIP","floor":39},{"not_picked":["Slice","Masterful Stab+1"],"picked":"Backflip","floor":40},{"not_picked":["Bane","Quick Slash"],"picked":"Deadly Poison","floor":42},{"not_picked":["Slice","Distraction"],"picked":"Blur","floor":46},{"not_picked":["Finisher","Night Terror"],"picked":"Leg Sweep","floor":48}],"player_experience":760710,"relics_obtained":[{"floor":8.0,"key":"Potion Belt"},{"floor":9.0,"key":"Juzu Bracelet"},{"floor":19,"key":"Red Mask"},{"floor":25,"key":"Bronze Scales"},{"floor":26,"key":"Lantern"},{"floor":27,"key":"Snake Skull"},{"floor":36,"key":"Bird Faced Urn"},{"floor":40,"key":"Blood Vial"},{"floor":43,"key":"Mummified Hand"},{"floor":48,"key":"Centennial Puzzle"}],"event_choices":[{"damage_healed":0.0,"max_hp_gain":0.0,"max_hp_loss":0.0,"gold_gain":0.0,"event_name":"WeMeetAgain","player_choice":"Paid Gold","floor":2.0,"gold_loss":96.0,"damage_taken":0.0,"relics_obtained":["PreservedInsect"]},{"damage_healed":0.0,"max_hp_gain":0.0,"max_hp_loss":0.0,"gold_gain":0.0,"event_name":"Liars Game","player_choice":"Ignored","floor":13.0,"gold_loss":0.0,"damage_taken":0.0},{"damage_healed":0,"gold_gain":0,"player_choice":"Fought Bandits","damage_taken":0,"max_hp_gain":0,"max_hp_loss":0,"event_name":"Masked Bandits","floor":19,"gold_loss":0},{"damage_healed":0,"gold_gain":0,"player_choice":"Simplicity","damage_taken":0,"max_hp_gain":0,"max_hp_loss":0,"event_name":"Back to Basics","floor":24,"gold_loss":0,"cards_upgraded":["Defend_G","Defend_G","Defend_G","Defend_G","Defend_G","Strike_G","Strike_G","Strike_G"]},{"damage_healed":0,"gold_gain":0,"player_choice":"Fight","damage_taken":0,"max_hp_gain":0,"max_hp_loss":0,"event_name":"MindBloom","floor":36,"gold_loss":0}],"is_beta":false,"boss_relics":[{"not_picked":["Calling Bell","Ectoplasm"],"picked":"Cursed Key"},{"not_picked":["Empty Cage","Busted Crown"],"picked":"Fusion Hammer"}],"items_purged_floors":[12,21,37],"is_endless":false,"potions_floor_spawned":[5,7,8,10,14,18,25,33,35,36,42],"ascension_level":17}