{"gold_per_floor":[111,111,111,131,151,151,169,169,169,183,33,54,90,90,90,218,218,238,226,181,181,96,134,149,169,217,217,217,237,260,260,260,260],"floor_reached":33,"playtime":1483,"items_purged":["Pain"],"score":282,"play_id":"1ee28ec1-33c3-4161-b8da-c94120efb6ae","local_time":"20181011031055","is_ascension_mode":true,"campfire_choices":[{"data":"Redo","floor":6,"key":"SMITH"},{"data":"Lockon","floor":8,"key":"SMITH"},{"data":"Zap","floor":15,"key":"SMITH"},{"floor":28,"key":"REST"},{"floor":32,"key":"REST"}],"neow_cost":"NONE","seed_source_timestamp":12119926028192,"circlet_count":0,"master_deck":["Strike_B","Strike_B","Strike_B","Strike_B","Defend_B","Defend_B","Defend_B","Defend_B","Zap+1","Dualcast","Beam Cell","Redo+1","Lockon+1","Hologram","Capacitor","Conserve Battery","FTL","Genetic Algorithm","Ball Lightning","Chaos","Barrage","Stack","Auto Shields","Redo"],"relics":["Cracked Core","WarpedTongs","Golden Idol","Pear","Matryoshka","Velvet Choker","Ornamental Fan","Mercury Hourglass","Pen Nib","Regal Pillow","Vajra","Smiling Mask"],"potions_floor_usage":[13,16,16,31],"damage_taken":[{"damage":0,"enemies":"Small Slimes","floor":1,"turns":3},{"damage":3,"enemies":"Cultist","floor":4,"turns":2},{"damage":6,"enemies":"Jaw Worm","floor":5,"turns":3},{"damage":6,"enemies":"Large Slime","floor":7,"turns":4},{"damage":3,"enemies":"Looter","floor":10,"turns":2},{"damage":4,"enemies":"Blue Slaver","floor":12,"turns":2},{"damage":13,"enemies":"Lagavulin","floor":13,"turns":5},{"damage":18,"enemies":"Hexaghost","floor":16,"turns":8},{"damage":5,"enemies":"Chosen","floor":18,"turns":4},{"damage":18,"enemies":"2 Thieves","floor":19,"turns":4},{"damage":32,"enemies":"Book of Stabbing","floor":23,"turns":5},{"damage":6,"enemies":"Snake Plant","floor":24,"turns":4},{"damage":15,"enemies":"Centurion and Healer","floor":25,"turns":6},{"damage":35,"enemies":"Cultist and Chosen","floor":29,"turns":7},{"damage":0,"enemies":"Snake Plant","floor":31,"turns":3},{"damage":48,"enemies":"Automaton","floor":33,"turns":6}],"seed_played":"-5070446309272394075","potions_obtained":[{"floor":7,"key":"EssenceOfSteel"},{"floor":10,"key":"Ancient Potion"},{"floor":12,"key":"SpeedPotion"},{"floor":25,"key":"SmokeBomb"}],"is_trial":false,"path_per_floor":["M","?","?","M","M","R","M","R","T","M","$","M","E","?","R","B",null,"M","M","$","?","?","E","M","M","T","?","R","M","T","M","R"],"character_chosen":"DEFECT","items_purchased":["Capacitor","Ball Lightning"],"campfire_rested":2,"item_purchase_floors":[11,20],"current_hp_per_floor":[75,75,69,66,60,60,54,54,64,61,61,57,44,49,49,31,79,74,56,56,56,56,24,18,3,3,3,41,6,6,6,44,0],"gold":260,"neow_bonus":"THREE_CARDS","is_prod":false,"is_daily":false,"chose_seed":false,"campfire_upgraded":3,"win_rate":0,"timestamp":1539238255,"path_taken":["M","?","?","M","M","R","M","R","T","M","$","?","E","?","R","BOSS","M","?","$","?","?","E","M","?","T","?","R","M","?","M","R","BOSS"],"build_version":"2018-10-04v2","purchased_purges":1,"victory":false,"max_hp_per_floor":[75,75,69,69,69,69,69,69,79,79,79,79,79,79,79,79,79,79,79,79,79,79,79,79,79,79,79,79,79,79,79,79,79],"card_choices":[{"not_picked":["Sweeping Beam","Leap"],"picked":"Beam Cell","floor":0},{"not_picked":["Stack","Sweeping Beam"],"picked":"Redo","floor":1},{"not_picked":["Aggregate","Cold Snap"],"picked":"Lockon","floor":4},{"not_picked":["Hello World","Sweeping Beam"],"picked":"Hologram","floor":5},{"not_picked":["Steam","Reprogram","Streamline"],"picked":"SKIP","floor":7},{"not_picked":["Lockon","Stack"],"picked":"Redo","floor":10},{"not_picked":["Rebound","Hologram"],"picked":"Conserve Battery","floor":12},{"not_picked":["Beam Cell","All For One"],"picked":"FTL","floor":13},{"not_picked":["Hello World","Self Repair"],"picked":"Genetic Algorithm","floor":18},{"not_picked":["Self Repair","Rip and Tear","Redo"],"picked":"SKIP","floor":19},{"not_picked":["Streamline","Compile Driver"],"picked":"Barrage","floor":23},{"not_picked":["Compile Driver","Thunder Strike"],"picked":"Stack","floor":24},{"not_picked":["Scrape","Beam Cell"],"picked":"Auto Shields","floor":25},{"not_picked":["Streamline","Conserve Battery"],"picked":"Redo","floor":29}],"player_experience":126076,"relics_obtained":[{"floor":9,"key":"Pear"},{"floor":13,"key":"Matryoshka"},{"floor":23,"key":"Mercury Hourglass"},{"floor":26,"key":"Pen Nib"},{"floor":26,"key":"Regal Pillow"},{"floor":30,"key":"Vajra"},{"floor":30,"key":"Smiling Mask"}],"event_choices":[{"event_name":"Accursed Blacksmith","player_choice":"Rummage","floor":2,"damage_taken":0},{"event_name":"Golden Idol","player_choice":"Lose Max HP","floor":3,"damage_taken":0},{"event_name":"Bonfire Elementals","player_choice":"COMMON","floor":14,"damage_taken":0},{"event_name":"The Library","player_choice":"Read","floor":21,"damage_taken":0},{"event_name":"Addict","player_choice":"Obtained Relic","floor":22,"damage_taken":0},{"event_name":"Ghosts","player_choice":"Ignored","floor":27,"damage_taken":0}],"is_beta":false,"boss_relics":[{"not_picked":["Ectoplasm","Fusion Hammer"],"picked":"Velvet Choker"}],"items_purged_floors":[11],"is_endless":false,"potions_floor_spawned":[7,10,12,25,31],"killed_by":"Automaton","ascension_level":1}