{"gold_per_floor":[118,118,137,151,168,193,193,228,228,260,260,27,38,58,58,158,158,170,170,48,62,72,104,104,132,155,12,12,12,12,35,35,131,131,150,161,161,161],"floor_reached":38,"playtime":1432,"items_purged":[],"score":548,"play_id":"9cd36e93-5c95-4775-9f5b-861af819ecf0","local_time":"20181127220713","is_ascension_mode":true,"campfire_choices":[{"floor":7,"key":"REST"},{"floor":15,"key":"REST"},{"floor":24,"key":"REST"},{"floor":32,"key":"REST"}],"neow_cost":"CURSE","seed_source_timestamp":5109803062429343,"circlet_count":0,"master_deck":["Strike_B","Strike_B","Strike_B","Strike_B","Defend_B","Defend_B","Defend_B","Defend_B","Zap","Dualcast","Conserve Battery","Stack","Doom and Gloom","Hologram","Doom and Gloom","Ball Lightning","Bandage Up","Coolheaded","Sweeping Beam","Electrodynamics","Leap","Capacitor","Dramatic Entrance","Sunder+1","Auto Shields","Redo+1","Hyperbeam","Auto Shields","White Noise","Machine Learning","FTL","Rip and Tear","Madness","Madness"],"relics":["Cracked Core","Mango","Torii","Blue Candle","Cables","Boot","PreservedInsect","Velvet Choker","Orichalcum","Symbiotic Virus","Happy Flower","Pen Nib","Regal Pillow","Black Star"],"potions_floor_usage":[8,13,16,33,38],"damage_taken":[{"damage":2,"enemies":"Jaw Worm","floor":1,"turns":3},{"damage":0,"enemies":"Cultist","floor":3,"turns":3},{"damage":8,"enemies":"Small Slimes","floor":4,"turns":3},{"damage":26,"enemies":"Exordium Wildlife","floor":5,"turns":5},{"damage":49,"enemies":"Gremlin Nob","floor":6,"turns":5},{"damage":20,"enemies":"3 Sentries","floor":8,"turns":6},{"damage":18,"enemies":"Gremlin Nob","floor":10,"turns":3},{"damage":11,"enemies":"Red Slaver","floor":13,"turns":2},{"damage":0,"enemies":"3 Louse","floor":14,"turns":1},{"damage":15,"enemies":"The Guardian","floor":16,"turns":8},{"damage":15,"enemies":"Shell Parasite","floor":18,"turns":4},{"damage":7,"enemies":"Chosen","floor":21,"turns":3},{"damage":18,"enemies":"3 Cultists","floor":22,"turns":3},{"damage":0,"enemies":"Gremlin Leader","floor":23,"turns":4},{"damage":21,"enemies":"Book of Stabbing","floor":25,"turns":3},{"damage":74,"enemies":"Automaton","floor":33,"turns":12},{"damage":1,"enemies":"Orb Walker","floor":35,"turns":3},{"damage":14,"enemies":"3 Shapes","floor":36,"turns":3},{"damage":76,"enemies":"Writhing Mass","floor":38,"turns":5}],"seed_played":"-1114748114160191810","potions_obtained":[{"floor":4,"key":"FairyPotion"},{"floor":6,"key":"Swift Potion"},{"floor":10,"key":"SneckoOil"},{"floor":13,"key":"Weak Potion"},{"floor":23,"key":"FearPotion"},{"floor":25,"key":"GamblersBrew"}],"is_trial":false,"path_per_floor":["M","?","M","M","M","E","R","E","T","E","?","$","M","M","R","B",null,"M","?","$","M","M","E","R","E","T","$","?","$","?","T","R","B",null,"M","M","?","M"],"character_chosen":"DEFECT","items_purchased":["PreservedInsect","Bandage Up","Capacitor","Dramatic Entrance","Pen Nib"],"campfire_rested":4,"item_purchase_floors":[12,12,20,20,27],"current_hp_per_floor":[87,87,87,79,53,4,30,10,10,8,37,37,26,26,52,41,89,74,74,74,71,53,57,83,66,66,66,66,66,66,66,89,19,89,88,78,67,0],"gold":161,"neow_bonus":"ONE_RARE_RELIC","is_prod":false,"is_daily":false,"chose_seed":false,"campfire_upgraded":0,"win_rate":0,"timestamp":1543374433,"path_taken":["M","?","?","M","M","E","R","E","T","E","?","?","M","M","R","BOSS","M","?","$","M","?","E","R","E","T","$","?","?","?","?","R","BOSS","M","?","?","M"],"build_version":"2018-11-15","purchased_purges":0,"victory":false,"max_hp_per_floor":[89,89,89,89,89,89,89,89,89,89,89,89,89,89,89,89,89,89,89,89,89,89,89,89,89,89,89,89,89,89,89,89,89,89,89,89,89,89],"card_choices":[{"not_picked":["Compile Driver","Turbo"],"picked":"Conserve Battery","floor":1},{"not_picked":["Rebound","Steam"],"picked":"Stack","floor":3},{"not_picked":["Recycle","Rebound"],"picked":"Doom and Gloom","floor":4},{"not_picked":["Steam","Rebound"],"picked":"Hologram","floor":5},{"not_picked":["Skim","Double Energy"],"picked":"Doom and Gloom","floor":6},{"not_picked":["Steam Power","Chill"],"picked":"Ball Lightning","floor":8},{"not_picked":["Steam","Go for the Eyes"],"picked":"Biased Cognition","floor":10},{"not_picked":["Fusion","Rebound"],"picked":"Coolheaded","floor":13},{"not_picked":["Darkness","Reinforced Body"],"picked":"Sweeping Beam","floor":14},{"not_picked":["Hyperbeam","Thunder Strike"],"picked":"Electrodynamics","floor":16},{"not_picked":["Rip and Tear","Cold Snap"],"picked":"Leap","floor":18},{"not_picked":["Streamline","Gash+1"],"picked":"Sunder+1","floor":21},{"not_picked":["Reprogram","Conserve Battery"],"picked":"Auto Shields","floor":22},{"not_picked":["Reinforced Body","Beam Cell"],"picked":"Redo+1","floor":23},{"not_picked":["Recycle+1","Tempest"],"picked":"Hyperbeam","floor":25},{"not_picked":["Seek","Creative AI"],"picked":"Machine Learning","floor":33},{"not_picked":["Blizzard+1","Go for the Eyes"],"picked":"FTL","floor":35},{"not_picked":["Lockon","Double Energy+1"],"picked":"Rip and Tear","floor":36}],"player_experience":216185,"relics_obtained":[{"floor":6,"key":"Torii"},{"floor":8,"key":"Blue Candle"},{"floor":9,"key":"Cables"},{"floor":10,"key":"Boot"},{"floor":23,"key":"Orichalcum"},{"floor":25,"key":"Symbiotic Virus"},{"floor":26,"key":"Happy Flower"},{"floor":31,"key":"Regal Pillow"}],"event_choices":[{"cards_removed":["Writhe"],"damage_healed":0,"gold_gain":0,"player_choice":"Purged","damage_taken":0,"max_hp_gain":0,"max_hp_loss":0,"event_name":"Purifier","floor":2,"gold_loss":0},{"damage_healed":29,"gold_gain":0,"player_choice":"Banana","damage_taken":0,"max_hp_gain":0,"max_hp_loss":0,"event_name":"Big Fish","floor":11,"gold_loss":0},{"damage_healed":0,"gold_gain":0,"player_choice":"Ignored","damage_taken":0,"max_hp_gain":0,"max_hp_loss":0,"event_name":"Purifier","floor":19,"gold_loss":0},{"damage_healed":0,"gold_gain":0,"cards_transformed":["Biased Cognition"],"player_choice":"Transformed","damage_taken":0,"max_hp_gain":0,"max_hp_loss":0,"event_name":"Transmorgrifier","floor":28,"gold_loss":0,"cards_obtained":["Auto Shields"]},{"damage_healed":0,"gold_gain":0,"player_choice":"Read","damage_taken":0,"max_hp_gain":0,"max_hp_loss":0,"event_name":"The Library","floor":30,"gold_loss":0,"cards_obtained":["White Noise"]},{"damage_healed":0,"gold_gain":0,"player_choice":"Embrace Madness","damage_taken":11,"max_hp_gain":0,"max_hp_loss":0,"event_name":"Winding Halls","floor":37,"gold_loss":0,"cards_obtained":["Madness","Madness"]}],"is_beta":false,"boss_relics":[{"not_picked":["Pandora\u0027s Box","Runic Dome"],"picked":"Velvet Choker"},{"not_picked":["White Beast Statue","Eternal Feather"],"picked":"Black Star"}],"items_purged_floors":[],"is_endless":false,"potions_floor_spawned":[4,6,10,13,23,25],"killed_by":"Writhing Mass","ascension_level":4}