{"gold_per_floor":[112,112,112,112,37,67,67,85,85,85,113,131,144,176,176,278,328,340,358,358,376,393,428,445,445,445,445,478,27,56,73,73,73],"floor_reached":33,"playtime":3161,"items_purged":["Regret"],"score":330,"play_id":"d33ea8db-168e-492d-82a8-62206d8fe79f","local_time":"20190615180015","is_ascension_mode":false,"campfire_choices":[{"data":"Armaments","floor":7,"key":"SMITH"},{"floor":10,"key":"REST"},{"data":"Bludgeon","floor":15,"key":"SMITH"},{"data":"Rampage","floor":25,"key":"SMITH"},{"floor":27,"key":"REST"},{"floor":32,"key":"REST"}],"neow_cost":"NONE","seed_source_timestamp":167327065194900,"circlet_count":0,"master_deck":["Strike_R+1","Strike_R","Strike_R","Strike_R","Strike_R","Defend_R+1","Defend_R","Defend_R","Defend_R","Bash","Clash","Armaments+1","Rampage+1","Uppercut","Bludgeon+1","Feed","Evolve+1","Wild Strike+1","Good Instincts+1","Reaper","Shrug It Off+1","Twin Strike+1","Shrug It Off+1","Clothesline+1","Sword Boomerang+1","Chrysalis"],"relics":["Burning Blood","Blood Vial","Mercury Hourglass","Pen Nib","Oddly Smooth Stone","Lantern","Regal Pillow","Bag of Marbles","Tiny House","Letter Opener","Sundial","War Paint","Bottled Flame","Red Mask"],"potions_floor_usage":[19,23,28,33,33,33],"damage_taken":[{"damage":8,"enemies":"Small Slimes","floor":1,"turns":3},{"damage":33,"enemies":"3 Sentries","floor":6,"turns":8},{"damage":0,"enemies":"2 Louse","floor":8,"turns":3},{"damage":2,"enemies":"Gremlin Nob","floor":11,"turns":4},{"damage":0,"enemies":"Cultist","floor":12,"turns":2},{"damage":0,"enemies":"Large Slime","floor":13,"turns":4},{"damage":6,"enemies":"3 Sentries","floor":14,"turns":4},{"damage":27,"enemies":"Hexaghost","floor":16,"turns":8},{"damage":18,"enemies":"Shell Parasite","floor":18,"turns":4},{"damage":11,"enemies":"3 Byrds","floor":19,"turns":3},{"damage":10,"enemies":"Shelled Parasite and Fungi","floor":21,"turns":5},{"damage":13,"enemies":"Centurion and Healer","floor":22,"turns":5},{"damage":19,"enemies":"Gremlin Leader","floor":23,"turns":7},{"damage":27,"enemies":"3 Cultists","floor":24,"turns":6},{"damage":30,"enemies":"Book of Stabbing","floor":28,"turns":6},{"damage":21,"enemies":"Masked Bandits","floor":30,"turns":4},{"damage":26,"enemies":"Sentry and Sphere","floor":31,"turns":6},{"damage":123,"enemies":"Collector","floor":33,"turns":13}],"seed_played":"-5608047289053313464","potions_obtained":[{"floor":8,"key":"FairyPotion"},{"floor":12,"key":"Weak Potion"},{"floor":14,"key":"Weak Potion"},{"floor":16,"key":"Explosive Potion"},{"floor":21,"key":"Ancient Potion"},{"floor":31,"key":"SneckoOil"}],"is_trial":false,"path_per_floor":["M","?","?","?","$","E","R","M","T","R","E","M","M","E","R","B",null,"M","M","?","M","M","E","M","R","T","R","E","$","?","M","R","B"],"character_chosen":"IRONCLAD","items_purchased":["Chrysalis","Swift Potion","Bottled Flame"],"campfire_rested":3,"item_purchase_floors":[29,29,29],"current_hp_per_floor":[78,78,66,66,66,41,41,49,49,73,79,80,80,80,80,59,85,73,73,73,75,73,74,61,61,61,95,71,71,58,43,87,0],"gold":73,"neow_bonus":"RANDOM_COMMON_RELIC","is_prod":false,"is_daily":false,"chose_seed":false,"campfire_upgraded":3,"win_rate":0.0,"timestamp":1560585615,"path_taken":["M","?","?","?","?","E","R","?","T","R","E","M","M","E","R","BOSS","M","M","?","?","M","E","M","R","T","R","E","$","?","M","R","BOSS"],"build_version":"2019-01-23","purchased_purges":1,"victory":false,"max_hp_per_floor":[80,80,80,80,80,80,80,80,80,80,80,80,80,80,80,80,85,85,88,88,92,95,95,95,95,95,95,95,95,95,98,98,98],"card_choices":[{"not_picked":["Rupture","True Grit"],"picked":"Clash","floor":1},{"not_picked":["Feel No Pain","Pummel"],"picked":"Armaments","floor":6},{"not_picked":["Clothesline","Battle Trance","Feel No Pain"],"picked":"SKIP","floor":8},{"not_picked":["Flame Barrier","Intimidate"],"picked":"Rampage","floor":11},{"not_picked":["Rage","Metallicize"],"picked":"Uppercut","floor":12},{"not_picked":["Shrug It Off","Perfected Strike","Evolve"],"picked":"SKIP","floor":13},{"not_picked":["Heavy Blade","Clash"],"picked":"Bludgeon","floor":14},{"not_picked":["Bludgeon","Impervious"],"picked":"Feed","floor":16},{"not_picked":["Armaments","Thunderclap"],"picked":"Evolve+1","floor":18},{"not_picked":["Iron Wave","Thunderclap"],"picked":"Wild Strike+1","floor":19},{"not_picked":["Seeing Red+1","Evolve+1"],"picked":"Shrug It Off+1","floor":21},{"not_picked":["Seeing Red+1","Uppercut"],"picked":"Twin Strike+1","floor":22},{"not_picked":["Feed","Sword Boomerang"],"picked":"Shrug It Off+1","floor":23},{"not_picked":["Flex+1","Warcry"],"picked":"Clothesline+1","floor":24},{"not_picked":["Evolve","Bloodletting"],"picked":"Sword Boomerang+1","floor":28},{"not_picked":["Flex","Blood for Blood","Bloodletting"],"picked":"SKIP","floor":31}],"player_experience":30370,"relics_obtained":[{"floor":6,"key":"Oddly Smooth Stone"},{"floor":9,"key":"Lantern"},{"floor":11,"key":"Regal Pillow"},{"floor":14,"key":"Bag of Marbles"},{"floor":23,"key":"Letter Opener"},{"floor":26,"key":"Sundial"},{"floor":28,"key":"War Paint"},{"floor":30,"key":"Red Mask"}],"event_choices":[{"damage_healed":0,"gold_gain":0,"player_choice":"Ignored","damage_taken":0,"max_hp_gain":0,"max_hp_loss":0,"event_name":"Shining Light","floor":2,"gold_loss":0},{"damage_healed":0,"gold_gain":0,"player_choice":"Success","damage_taken":12,"relics_obtained":["Mercury Hourglass"],"max_hp_gain":0,"max_hp_loss":0,"event_name":"Scrap Ooze","floor":3,"gold_loss":0},{"damage_healed":0,"gold_gain":0,"player_choice":"Box","damage_taken":0,"relics_obtained":["Pen Nib"],"max_hp_gain":0,"max_hp_loss":0,"event_name":"Big Fish","floor":4,"gold_loss":0,"cards_obtained":["Regret"]},{"damage_healed":0,"gold_gain":0,"player_choice":"2 cards matched","damage_taken":0,"max_hp_gain":0,"max_hp_loss":0,"event_name":"Match and Keep!","floor":20,"gold_loss":0,"cards_obtained":["Good Instincts","Reaper"]},{"damage_healed":0,"gold_gain":0,"player_choice":"2 cards matched","damage_taken":0,"max_hp_gain":0,"max_hp_loss":0,"event_name":"Match and Keep!","floor":20,"gold_loss":0,"cards_obtained":["Good Instincts","Reaper"]},{"damage_healed":0,"gold_gain":0,"player_choice":"Fought Bandits","damage_taken":0,"max_hp_gain":0,"max_hp_loss":0,"event_name":"Masked Bandits","floor":30,"gold_loss":0}],"is_beta":false,"boss_relics":[{"not_picked":["Empty Cage","Ectoplasm"],"picked":"Tiny House"}],"items_purged_floors":[5],"is_endless":false,"potions_floor_spawned":[8,12,14,16,18,21,22,31],"killed_by":"Collector","ascension_level":0}