{"gold_per_floor":[119,119,16,16,27,53,53,88,164,177,196,196,3,19,19,96,96,110,110,160,137,156,156,156,169,224,243,243,271,10,22,22,22],"floor_reached":33,"playtime":1875,"items_purged":["Strike_G","Strike_G","Writhe"],"score":604,"play_id":"539ced32-3f19-4045-9b41-8bab37f92431","local_time":"20190326231613","is_ascension_mode":true,"campfire_choices":[{"data":"Adrenaline","floor":7,"key":"SMITH"},{"floor":12,"key":"REST"},{"data":"Well Laid Plans","floor":15,"key":"SMITH"},{"data":"A Thousand Cuts","floor":24,"key":"SMITH"},{"floor":28,"key":"REST"},{"floor":32,"key":"REST"}],"neow_cost":"NONE","seed_source_timestamp":1909680493894,"circlet_count":0,"master_deck":["AscendersBane","Defend_G","Defend_G","Defend_G","Defend_G","Defend_G","Strike_G","Strike_G","Strike_G","Survivor","Neutralize","Dagger Throw","Deadly Poison","Adrenaline+1","Poisoned Stab","Well Laid Plans+1","Escape Plan","Footwork","PiercingWail","A Thousand Cuts+1","Catalyst","PiercingWail","Backstab+1","Bane+1","Deflect","Footwork","Dodge and Roll","PiercingWail"],"relics":["Ring of the Snake","NeowsBlessing","Bronze Scales","Gremlin Horn","Ornamental Fan","Matryoshka","Sozu","Dream Catcher","Molten Egg 2","Tiny Chest","Ninja Scroll"],"potions_floor_usage":[11,25,29],"damage_taken":[{"damage":0,"enemies":"Small Slimes","floor":1,"turns":1},{"damage":0,"enemies":"2 Louse","floor":5,"turns":1},{"damage":0,"enemies":"Lagavulin","floor":6,"turns":1},{"damage":51,"enemies":"Gremlin Nob","floor":8,"turns":5},{"damage":0,"enemies":"Cultist","floor":10,"turns":3},{"damage":2,"enemies":"Lots of Slimes","floor":11,"turns":4},{"damage":0,"enemies":"Blue Slaver","floor":14,"turns":4},{"damage":16,"enemies":"The Guardian","floor":16,"turns":12},{"damage":5,"enemies":"Spheric Guardian","floor":18,"turns":6},{"damage":4,"enemies":"2 Thieves","floor":21,"turns":4},{"damage":0,"enemies":"Centurion and Healer","floor":22,"turns":8},{"damage":29,"enemies":"Sentry and Sphere","floor":25,"turns":8},{"damage":7,"enemies":"Snake Plant","floor":27,"turns":4},{"damage":5,"enemies":"Slavers","floor":29,"turns":7},{"damage":0,"enemies":"Cultist and Chosen","floor":31,"turns":8},{"damage":66,"enemies":"Automaton","floor":33,"turns":12}],"seed_played":"9040934541367784700","potions_obtained":[{"floor":6,"key":"SkillPotion"},{"floor":11,"key":"Energy Potion"},{"floor":14,"key":"Fire Potion"}],"is_trial":false,"path_per_floor":["M","?","$","?","M","E","R","E","T","M","M","R","$","M","R","B",null,"M","?","?","M","M","?","R","M","T","M","R","E","$","M","R","B"],"character_chosen":"THE_SILENT","items_purchased":["Poisoned Stab","Footwork","PiercingWail","Footwork","Dodge and Roll"],"campfire_rested":3,"item_purchase_floors":[3,13,13,30,30],"current_hp_per_floor":[59,59,59,59,59,59,59,8,8,8,6,25,25,25,25,9,52,47,47,47,43,43,43,43,14,14,7,26,21,21,21,40,0],"gold":22,"neow_bonus":"THREE_ENEMY_KILL","is_prod":false,"is_daily":false,"chose_seed":false,"campfire_upgraded":3,"win_rate":0,"timestamp":1553652973,"path_taken":["M","?","$","?","?","E","R","E","T","M","M","R","?","M","R","BOSS","M","?","?","M","M","?","R","M","T","M","R","E","$","M","R","BOSS"],"build_version":"2019-01-23","purchased_purges":3,"victory":false,"max_hp_per_floor":[66,66,66,66,66,66,66,66,66,66,66,66,66,66,66,66,66,66,66,66,66,66,66,66,66,66,66,66,66,66,66,66,66],"card_choices":[{"not_picked":["Backflip","Quick Slash"],"picked":"Dagger Throw","floor":1},{"not_picked":["Expertise","PiercingWail"],"picked":"Deadly Poison","floor":5},{"not_picked":["Cloak And Dagger","Tactician"],"picked":"Adrenaline","floor":6},{"not_picked":["Distraction","Bullet Time"],"picked":"Poisoned Stab","floor":8},{"not_picked":["Tactician","Underhanded Strike"],"picked":"Well Laid Plans","floor":10},{"not_picked":["Quick Slash","Distraction"],"picked":"Escape Plan","floor":11},{"not_picked":["Dagger Throw","Expertise","Endless Agony"],"picked":"SKIP","floor":14},{"not_picked":["Adrenaline","Phantasmal Killer"],"picked":"A Thousand Cuts","floor":16},{"not_picked":["Deadly Poison","Deflect"],"picked":"Catalyst","floor":18},{"not_picked":["Deadly Poison","Blade Dance"],"picked":"PiercingWail","floor":21},{"not_picked":["Tactician","Bane","Setup"],"picked":"SKIP","floor":22},{"not_picked":["Deadly Poison","Caltrops+1"],"picked":"Backstab+1","floor":25},{"not_picked":["Setup","Dagger Spray+1","Endless Agony+1"],"picked":"SKIP","floor":27},{"not_picked":["Poisoned Stab+1","Tactician"],"picked":"Bane+1","floor":28},{"not_picked":["Cloak And Dagger","Accuracy"],"picked":"Deflect","floor":29},{"not_picked":["Accuracy","Eviscerate+1","Storm of Steel"],"picked":"SKIP","floor":31},{"not_picked":["Terror","Setup"],"picked":"PiercingWail","floor":32}],"player_experience":980277,"relics_obtained":[{"floor":6,"key":"Gremlin Horn"},{"floor":8,"key":"Ornamental Fan"},{"floor":9,"key":"Matryoshka"},{"floor":26,"key":"Molten Egg 2"},{"floor":26,"key":"Tiny Chest"},{"floor":29,"key":"Ninja Scroll"}],"event_choices":[{"damage_healed":0,"gold_gain":0,"player_choice":"Leave","damage_taken":0,"max_hp_gain":0,"max_hp_loss":0,"event_name":"The Cleric","floor":2,"gold_loss":0},{"cards_removed":["Poisoned Stab"],"damage_healed":0,"gold_gain":0,"player_choice":"Gave Card","damage_taken":0,"relics_obtained":["Bronze Scales"],"max_hp_gain":0,"max_hp_loss":0,"event_name":"WeMeetAgain","floor":4,"gold_loss":0},{"damage_healed":0,"gold_gain":0,"player_choice":"Ignored","damage_taken":0,"max_hp_gain":0,"max_hp_loss":0,"event_name":"Ghosts","floor":19,"gold_loss":0},{"damage_healed":0,"gold_gain":50,"player_choice":"Stole From Cult","damage_taken":0,"max_hp_gain":0,"max_hp_loss":0,"event_name":"Nest","floor":20,"gold_loss":0},{"damage_healed":0,"gold_gain":0,"player_choice":"Opened","damage_taken":0,"relics_obtained":["Dream Catcher"],"max_hp_gain":0,"max_hp_loss":0,"event_name":"The Mausoleum","floor":23,"gold_loss":0,"cards_obtained":["Writhe"]}],"is_beta":false,"boss_relics":[{"not_picked":["Tiny House","WristBlade"],"picked":"Sozu"}],"items_purged_floors":[3,13,30],"is_endless":false,"potions_floor_spawned":[6,11,14,18,22,31],"killed_by":"Automaton","ascension_level":20}