{"gold_per_floor":[212,212,65,82,101,101,113,128,128,153,165,190,236,266,278,392,404,404,282,282,282,282,282,282,282,282,109,109,109,109,109,109,109,109,109,62,62,62,62,62,62,62,62,62,62,62,62,62,62,62,62,62,62,62,62],"floor_reached":56,"playtime":3022,"items_purged":["Strike_G","Strike_G"],"score":1351,"play_id":"a377c0fc-ec77-4b5a-a144-10f31d16699f","local_time":"20181223170541","is_ascension_mode":false,"campfire_choices":[{"data":"Poisoned Stab","floor":6,"key":"SMITH"},{"data":"Noxious Fumes","floor":11,"key":"SMITH"},{"data":"Burst","floor":15,"key":"SMITH"},{"data":"Catalyst","floor":24,"key":"SMITH"},{"floor":29,"key":"REST"},{"data":"Caltrops","floor":32,"key":"SMITH"},{"data":"PiercingWail","floor":40,"key":"SMITH"},{"floor":42,"key":"RECALL"},{"data":"Crippling Poison","floor":44,"key":"SMITH"},{"data":"Backflip","floor":49,"key":"SMITH"},{"data":"Blur","floor":52,"key":"SMITH"}],"neow_cost":"NONE","seed_source_timestamp":225364636287,"circlet_count":0,"master_deck":["Defend_G","Defend_G","Defend_G","Defend_G+1","Defend_G","Strike_G","Strike_G+1","Survivor","Neutralize+1","Catalyst+1","Caltrops+1","Poisoned Stab+1","Noxious Fumes+1","Calculated Gamble+1","Burst+1","Backflip+1","Crippling Poison+1","Venomology","Bouncing Flask+1","PiercingWail+1","Blur+1","Escape Plan+1","Dodge and Roll+1","Deflect+1","Burst+1","Deadly Poison+1","Deflect+1","Well Laid Plans+1","Expertise+1"],"relics":["Ring of the Snake","Oddly Smooth Stone","MawBank","War Paint","Ectoplasm","Toxic Egg 2","Red Mask","Whetstone","Omamori","Cursed Key","Juzu Bracelet","Orichalcum","Art of War"],"potions_floor_usage":[7,18,23,25,25,25,31,33,33,33,35,35,38,39,55,55,55],"damage_taken":[{"damage":0,"enemies":"2 Louse","floor":1,"turns":2},{"damage":0,"enemies":"Cultist","floor":4,"turns":5},{"damage":0,"enemies":"Jaw Worm","floor":5,"turns":6},{"damage":1,"enemies":"Blue Slaver","floor":7,"turns":4},{"damage":0,"enemies":"3 Louse","floor":8,"turns":4},{"damage":1,"enemies":"Looter","floor":10,"turns":4},{"damage":3,"enemies":"2 Fungi Beasts","floor":12,"turns":3},{"damage":0,"enemies":"Lagavulin","floor":13,"turns":6},{"damage":0,"enemies":"3 Louse","floor":14,"turns":4},{"damage":15,"enemies":"The Guardian","floor":16,"turns":7},{"damage":0,"enemies":"3 Byrds","floor":18,"turns":3},{"damage":12,"enemies":"Shell Parasite","floor":22,"turns":3},{"damage":12,"enemies":"Slavers","floor":23,"turns":5},{"damage":9,"enemies":"Masked Bandits","floor":25,"turns":4},{"damage":0,"enemies":"Cultist and Chosen","floor":28,"turns":4},{"damage":6,"enemies":"Book of Stabbing","floor":31,"turns":7},{"damage":0,"enemies":"Champ","floor":33,"turns":5},{"damage":0,"enemies":"3 Shapes","floor":35,"turns":3},{"damage":0,"enemies":"3 Darklings","floor":38,"turns":4},{"damage":0,"enemies":"Maw","floor":39,"turns":4},{"damage":0,"enemies":"Transient","floor":41,"turns":5},{"damage":0,"enemies":"3 Darklings","floor":45,"turns":6},{"damage":1,"enemies":"Writhing Mass","floor":46,"turns":5},{"damage":0,"enemies":"Reptomancer","floor":47,"turns":2},{"damage":4,"enemies":"Spire Growth","floor":48,"turns":5},{"damage":9,"enemies":"Time Eater","floor":50,"turns":3},{"damage":0,"enemies":"Shield and Spear","floor":54,"turns":8},{"damage":54,"enemies":"The Heart","floor":55,"turns":7}],"seed_played":"6004273231142554690","potions_obtained":[{"floor":4,"key":"Energy Potion"},{"floor":5,"key":"Fruit Juice"},{"floor":10,"key":"Energy Potion"},{"floor":12,"key":"SteroidPotion"},{"floor":18,"key":"PowerPotion"},{"floor":25,"key":"Energy Potion"}],"is_trial":false,"path_per_floor":["M","?","$","M","M","R","M","M","T","M","R","M","E","M","R","B",null,"M","$","?","?","M","E","R","?","T","$","M","R","T","E","R","B",null,"M","$","?","M","M","R","M","R","T","R","M","M","E","M","R","B",null,"R","$","E","B",null],"character_chosen":"THE_SILENT","items_purchased":["Oddly Smooth Stone","PiercingWail","Dodge and Roll+1","Deflect+1","Deadly Poison+1"],"campfire_rested":1,"item_purchase_floors":[3,19,27,27,36],"current_hp_per_floor":[70,70,70,70,70,70,74,74,74,73,73,70,70,70,70,55,75,75,75,75,75,63,51,51,42,42,42,42,64,64,58,58,58,75,75,75,71,71,71,71,71,71,71,71,71,70,70,66,66,57,71,71,71,71,32],"gold":62,"neow_bonus":"HUNDRED_GOLD","is_prod":false,"is_daily":false,"chose_seed":false,"campfire_upgraded":9,"win_rate":0,"timestamp":1545595541,"path_taken":["M","?","$","M","M","R","M","M","T","M","R","?","E","M","R","BOSS","M","$","?","?","M","E","R","?","T","$","M","R","?","E","R","BOSS","M","$","?","M","M","R","M","R","T","R","M","M","E","M","R","BOSS","R","$","E","BOSS"],"build_version":"2018-12-20","purchased_purges":2,"victory":true,"max_hp_per_floor":[70,70,70,70,70,70,75,75,75,75,75,75,75,75,75,75,75,75,75,75,75,75,75,75,75,75,75,75,75,75,75,75,75,75,75,75,71,71,71,71,71,71,71,71,71,71,71,71,71,71,71,71,71,71,71],"card_choices":[{"not_picked":["Prepared","Finisher"],"picked":"Catalyst","floor":1},{"not_picked":["PiercingWail","Deflect"],"picked":"Caltrops","floor":4},{"not_picked":["Dagger Throw","Choke"],"picked":"Poisoned Stab","floor":5},{"not_picked":["Distraction","Outmaneuver"],"picked":"Noxious Fumes","floor":7},{"not_picked":["Slice","Dagger Spray"],"picked":"Calculated Gamble","floor":8},{"not_picked":["Setup","Acrobatics"],"picked":"Burst","floor":10},{"not_picked":["Deadly Poison","Choke"],"picked":"Backflip","floor":12},{"not_picked":["Choke","Heel Hook"],"picked":"Crippling Poison","floor":13},{"not_picked":["Masterful Stab","Blade Dance","Slice"],"picked":"SKIP","floor":14},{"not_picked":["Glass Knife","Envenom"],"picked":"Venomology","floor":16},{"not_picked":["Concentrate+1","Quick Slash+1"],"picked":"Bouncing Flask+1","floor":18},{"not_picked":["Underhanded Strike","Eviscerate","Outmaneuver+1"],"picked":"SKIP","floor":22},{"not_picked":["Poisoned Stab","Outmaneuver+1"],"picked":"Escape Plan+1","floor":23},{"not_picked":["Bane","Slice","Backstab"],"picked":"SKIP","floor":28},{"not_picked":["Die Die Die","Flying Knee","Sucker Punch"],"picked":"SKIP","floor":31},{"not_picked":["Glass Knife","A Thousand Cuts"],"picked":"Burst+1","floor":33},{"not_picked":["Prepared+1","Dagger Spray","Distraction+1"],"picked":"SKIP","floor":35},{"not_picked":["Prepared+1","Deadly Poison+1"],"picked":"Deflect+1","floor":38},{"not_picked":["Blade Dance+1","Dagger Spray"],"picked":"Well Laid Plans+1","floor":39},{"not_picked":["Deadly Poison+1","Heel Hook","Sucker Punch"],"picked":"SKIP","floor":41},{"not_picked":["Slice","Outmaneuver+1","Deflect+1"],"picked":"SKIP","floor":45},{"not_picked":["Tactician+1","Quick Slash+1"],"picked":"Expertise+1","floor":46},{"not_picked":["Setup+1","Finisher","Dagger Spray"],"picked":"SKIP","floor":47},{"not_picked":["Tools of the Trade","Well Laid Plans","Blade Dance+1"],"picked":"SKIP","floor":48},{"not_picked":["Accuracy+1","Underhanded Strike","Slice"],"picked":"SKIP","floor":54}],"player_experience":616990,"relics_obtained":[{"floor":9,"key":"MawBank"},{"floor":13,"key":"War Paint"},{"floor":23,"key":"Toxic Egg 2"},{"floor":25,"key":"Red Mask"},{"floor":26,"key":"Whetstone"},{"floor":31,"key":"Omamori"},{"floor":43,"key":"Juzu Bracelet"},{"floor":47,"key":"Orichalcum"},{"floor":54,"key":"Art of War"}],"event_choices":[{"cards_removed":["Strike_G"],"damage_healed":0,"gold_gain":0,"player_choice":"Purged","damage_taken":0,"max_hp_gain":0,"max_hp_loss":0,"event_name":"Purifier","floor":2,"gold_loss":0},{"damage_healed":0,"gold_gain":0,"player_choice":"Read","damage_taken":0,"max_hp_gain":0,"max_hp_loss":0,"event_name":"The Library","floor":20,"gold_loss":0,"cards_obtained":["Blur"]},{"damage_healed":0,"gold_gain":0,"player_choice":"Ignored","damage_taken":0,"max_hp_gain":0,"max_hp_loss":0,"event_name":"Vampires","floor":21,"gold_loss":0},{"damage_healed":0,"gold_gain":0,"player_choice":"Fought Bandits","damage_taken":0,"max_hp_gain":0,"max_hp_loss":0,"event_name":"Masked Bandits","floor":25,"gold_loss":0},{"damage_healed":0,"gold_gain":0,"player_choice":"Max HP","damage_taken":0,"max_hp_gain":0,"max_hp_loss":4,"event_name":"Winding Halls","floor":37,"gold_loss":0}],"is_beta":false,"boss_relics":[{"not_picked":["Orrery","Runic Pyramid"],"picked":"Ectoplasm"},{"not_picked":["Calling Bell","Tiny House"],"picked":"Cursed Key"}],"items_purged_floors":[19,27],"is_endless":false,"potions_floor_spawned":[4,5,10,12,18,25,31,35,39,41],"ascension_level":0}