{"gold_per_floor":[111,130,143,143,162,187,187,218,241,241,241,241,241,258,258,353,403,419,163,177,177,190,221,221,231,257,272,272],"floor_reached":28,"playtime":1320,"items_purged":["Strike_B"],"score":325,"play_id":"f7b8ccfc-8cfe-40ed-8ecb-ba2d9b6efe91","local_time":"20190513171257","is_ascension_mode":true,"campfire_choices":[{"data":"Zap","floor":7,"key":"SMITH"},{"floor":10,"key":"REST"},{"data":"Capacitor","floor":13,"key":"SMITH"},{"data":"Chill","floor":15,"key":"SMITH"},{"floor":24,"key":"REST"}],"neow_cost":"NONE","seed_source_timestamp":1033540734598147,"circlet_count":0,"master_deck":["Strike_B","Strike_B","Defend_B+1","Defend_B","Defend_B","Defend_B","Zap+1","Dualcast","Capacitor+1","Cold Snap","White Noise+1","Ball Lightning","Compile Driver","Chill+1","Echo Form","Glacier","Hologram+1","Hello World","Go for the Eyes","Heatsinks","Loop","Conserve Battery","BootSequence+1"],"relics":["Cracked Core","Happy Flower","Blood Vial","Vajra","Regal Pillow","Tiny House","Oddly Smooth Stone","Mango","DataDisk"],"potions_floor_usage":[5,8,27,28,28],"damage_taken":[{"damage":1,"enemies":"Cultist","floor":1,"turns":4},{"damage":11,"enemies":"2 Louse","floor":2,"turns":4},{"damage":2,"enemies":"Small Slimes","floor":3,"turns":3},{"damage":0,"enemies":"Gremlin Gang","floor":5,"turns":3},{"damage":33,"enemies":"3 Sentries","floor":6,"turns":7},{"damage":18,"enemies":"Gremlin Nob","floor":8,"turns":3},{"damage":1,"enemies":"Looter","floor":14,"turns":2},{"damage":18,"enemies":"Slime Boss","floor":16,"turns":6},{"damage":15,"enemies":"Shell Parasite","floor":18,"turns":6},{"damage":12,"enemies":"2 Thieves","floor":20,"turns":4},{"damage":18,"enemies":"Sentry and Sphere","floor":22,"turns":7},{"damage":39,"enemies":"Book of Stabbing","floor":23,"turns":8},{"damage":40,"enemies":"Snake Plant","floor":25,"turns":5},{"damage":25,"enemies":"Shelled Parasite and Fungi","floor":27,"turns":7},{"damage":0,"enemies":"Colosseum Slavers","floor":28,"turns":5},{"damage":14,"enemies":"Colosseum Nobs","floor":28,"turns":4}],"seed_played":"6665975733386569800","potions_obtained":[{"floor":1,"key":"Explosive Potion"},{"floor":2,"key":"GamblersBrew"},{"floor":6,"key":"Poison Potion"},{"floor":17,"key":"SpeedPotion"},{"floor":20,"key":"Fire Potion"},{"floor":27,"key":"Dexterity Potion"}],"is_trial":false,"path_per_floor":["M","M","M","T","M","E","R","E","T","R","?","?","R","M","R","B",null,"M","$","M","?","M","E","R","M","T","M","?"],"character_chosen":"DEFECT","items_purchased":["Oddly Smooth Stone","Hello World"],"campfire_rested":2,"item_purchase_floors":[19,19],"current_hp_per_floor":[81,70,68,68,68,35,35,19,19,58,58,58,58,59,59,43,87,72,72,62,62,46,23,68,30,30,7,0],"gold":272,"neow_bonus":"TEN_PERCENT_HP_BONUS","is_prod":false,"is_daily":false,"chose_seed":false,"campfire_upgraded":3,"win_rate":0,"timestamp":1557781977,"path_taken":["M","M","M","?","M","E","R","E","T","R","?","?","R","M","R","BOSS","M","$","?","?","M","E","R","M","T","?","?"],"build_version":"2019-01-23","purchased_purges":1,"victory":false,"max_hp_per_floor":[82,82,82,82,82,82,82,82,82,82,82,82,82,82,82,82,87,87,87,87,87,87,101,101,101,101,101,101],"card_choices":[{"not_picked":["Scrape","Barrage"],"picked":"Capacitor","floor":1},{"not_picked":["Streamline","Leap"],"picked":"Cold Snap","floor":2},{"not_picked":["Redo","Storm"],"picked":"White Noise","floor":3},{"not_picked":["Melter","Fusion"],"picked":"Ball Lightning","floor":5},{"not_picked":["Skim","Hyperbeam"],"picked":"Compile Driver","floor":6},{"not_picked":["Lockon","Sweeping Beam","Recycle"],"picked":"SKIP","floor":8},{"not_picked":["Reprogram","Hologram"],"picked":"Chill","floor":14},{"not_picked":["Thunder Strike","Machine Learning"],"picked":"Echo Form","floor":16},{"not_picked":["Auto Shields","Stack"],"picked":"Glacier","floor":17},{"not_picked":["Barrage","Static Discharge"],"picked":"Hologram+1","floor":18},{"not_picked":["Steam","Heatsinks"],"picked":"Go for the Eyes","floor":20},{"not_picked":["White Noise","Scrape+1"],"picked":"Heatsinks","floor":22},{"not_picked":["Steam","Consume"],"picked":"Loop","floor":23},{"not_picked":["Beam Cell","Blizzard"],"picked":"Conserve Battery","floor":25},{"not_picked":["Genetic Algorithm","Conserve Battery"],"picked":"BootSequence+1","floor":27}],"player_experience":535012,"relics_obtained":[{"floor":4,"key":"Happy Flower"},{"floor":6,"key":"Blood Vial"},{"floor":8,"key":"Vajra"},{"floor":9,"key":"Regal Pillow"},{"floor":23,"key":"Mango"},{"floor":26,"key":"DataDisk"}],"event_choices":[{"damage_healed":0,"gold_gain":0,"player_choice":"Grow","damage_taken":0,"max_hp_gain":0,"max_hp_loss":0,"event_name":"Living Wall","floor":11,"gold_loss":0,"cards_upgraded":["White Noise"]},{"damage_healed":0,"gold_gain":0,"player_choice":"Bought 0 Potions","damage_taken":0,"max_hp_gain":0,"max_hp_loss":0,"event_name":"The Woman in Blue","floor":12,"gold_loss":0},{"cards_removed":["Strike_B"],"damage_healed":0,"gold_gain":0,"player_choice":"Offered Basic","damage_taken":0,"max_hp_gain":0,"max_hp_loss":0,"event_name":"Bonfire Elementals","floor":21,"gold_loss":0},{"damage_healed":0,"gold_gain":0,"player_choice":"Fight","damage_taken":0,"max_hp_gain":0,"max_hp_loss":0,"event_name":"Colosseum","floor":28,"gold_loss":0},{"damage_healed":0,"gold_gain":0,"player_choice":"Fought Nobs","damage_taken":0,"max_hp_gain":0,"max_hp_loss":0,"event_name":"Colosseum","floor":28,"gold_loss":0}],"is_beta":false,"boss_relics":[{"not_picked":["Eternal Feather","Coffee Dripper"],"picked":"Tiny House"}],"items_purged_floors":[19],"is_endless":false,"potions_floor_spawned":[1,2,6,20,27,28],"killed_by":"Colosseum Nobs","ascension_level":4}