{"gold_per_floor":[116,391,403,403,578,611,631,631,631,642,607,640,455,468,468,568,568,587,130,90,109,129,129,156,156,156,156,156,168,188,218,218,318,318,328,328,185,199,215,248,248,262,285,301,312,312,345,345,345,345],"floor_reached":51,"playtime":2733,"items_purged":[],"score":954,"play_id":"fe6deb99-1e8b-4c10-81e1-a7483d1dff5f","local_time":"20181204213106","is_ascension_mode":true,"campfire_choices":[{"data":"Loop","floor":8.0,"key":"SMITH"},{"floor":15.0,"key":"REST"},{"data":"Hello World","floor":23.0,"key":"SMITH"},{"data":"Electrodynamics","floor":25.0,"key":"SMITH"},{"data":"Conserve Battery","floor":32.0,"key":"SMITH"},{"floor":41,"key":"REST"},{"floor":49,"key":"REST"}],"neow_cost":"NONE","seed_source_timestamp":0,"circlet_count":0,"master_deck":["Strike_B","Strike_B","Strike_B","Strike_B","Defend_B","Defend_B","Defend_B","Defend_B+1","Zap","Dualcast","Conserve Battery+1","Regret","Loop+1","Doubt","Genetic Algorithm+1","Ball Lightning+1","Turbo+1","Tempest+1","Hello World+1","Chill+1","Electrodynamics+1","Double Energy+1","Apotheosis+1","Jack Of All Trades+1","Static Discharge","Streamline+1","Redo+1","Redo+1","RitualDagger","Double Energy+1","Capacitor","Writhe","Seek+1","Stack+1","Jack Of All Trades+1","Redo+1","Sweeping Beam+1","Melter+1","Go for the Eyes+1","Scrape","Conserve Battery+1","Genetic Algorithm+1","Recycle+1","Undo+1"],"special_seed":0,"relics":["Cracked Core","NeowsBlessing","Mercury Hourglass","Toxic Egg 2","War Paint","DataDisk","Eternal Feather","Dream Catcher","Incense Burner","Matryoshka","Tiny Chest","Busted Crown","Orichalcum","Boot","Whetstone","Shuriken","Lantern","Unceasing Top"],"potions_floor_usage":[40,45,47,50],"damage_taken":[{"damage":0.0,"enemies":"Small Slimes","floor":1.0,"turns":1.0},{"damage":0.0,"enemies":"Cultist","floor":3.0,"turns":1.0},{"damage":2.0,"enemies":"3 Sentries","floor":6.0,"turns":2.0},{"damage":2.0,"enemies":"2 Louse","floor":7.0,"turns":2.0},{"damage":16.0,"enemies":"Large Slime","floor":10.0,"turns":5.0},{"damage":18.0,"enemies":"Gremlin Nob","floor":12.0,"turns":3.0},{"damage":9.0,"enemies":"Lots of Slimes","floor":14.0,"turns":3.0},{"damage":42.0,"enemies":"Hexaghost","floor":16.0,"turns":9.0},{"damage":15.0,"enemies":"Chosen","floor":18.0,"turns":5.0},{"damage":0.0,"enemies":"3 Byrds","floor":21.0,"turns":4.0},{"damage":8.0,"enemies":"Sentry and Sphere","floor":22.0,"turns":4.0},{"damage":8.0,"enemies":"Book of Stabbing","floor":24.0,"turns":3.0},{"damage":9.0,"enemies":"Centurion and Healer","floor":29.0,"turns":5.0},{"damage":3.0,"enemies":"Snake Plant","floor":30.0,"turns":4.0},{"damage":68.0,"enemies":"Automaton","floor":33.0,"turns":8.0},{"damage":8,"enemies":"3 Darklings","floor":35,"turns":3},{"damage":8,"enemies":"Orb Walker","floor":38,"turns":5},{"damage":12,"enemies":"Transient","floor":39,"turns":5},{"damage":46,"enemies":"Giant Head","floor":40,"turns":7},{"damage":0,"enemies":"Sphere and 2 Shapes","floor":42,"turns":3},{"damage":8,"enemies":"Jaw Worm Horde","floor":44,"turns":6},{"damage":0,"enemies":"4 Shapes","floor":45,"turns":2},{"damage":12,"enemies":"Nemesis","floor":47,"turns":5},{"damage":87,"enemies":"Donu and Deca","floor":50,"turns":7}],"seed_played":"7844466673054646322","potions_obtained":[{"floor":1.0,"key":"Ancient Potion"},{"floor":10.0,"key":"EntropicBrew"},{"floor":16.0,"key":"FocusPotion"},{"floor":20.0,"key":"SneckoOil"},{"floor":20.0,"key":"Block Potion"},{"floor":20.0,"key":"FairyPotion"},{"floor":22.0,"key":"FairyPotion"},{"floor":29.0,"key":"SpeedPotion"},{"floor":30.0,"key":"SteroidPotion"},{"floor":38,"key":"SpeedPotion"},{"floor":40,"key":"Swift Potion"},{"floor":44,"key":"FocusPotion"},{"floor":47,"key":"Ancient Potion"}],"is_trial":false,"path_per_floor":["M","?","M","?","?","E","M","R","T","M","?","E","$","M","R","B",null,"M","$","?","M","M","R","E","R","T","?","$","M","M","?","R","B",null,"M","?","$","M","M","E","R","M","T","M","M","?","E","T","R","B",null],"character_chosen":"DEFECT","items_purchased":["DataDisk","Hello World","Apotheosis+1","Jack Of All Trades+1","Dream Catcher","Static Discharge","Jack Of All Trades+1","Redo+1"],"campfire_rested":3,"item_purchase_floors":[13,13,19,19,19,19,37,37],"current_hp_per_floor":[75,75,75,75,75,73,71,71,71,55,55,46,46,37,59,17,75,60,60,60,60,52,67,59,74,74,68,68,59,56,56,74,6,75,67,60,60,52,40,6,49,49,49,41,41,41,29,29,75,7],"gold":345,"neow_bonus":"THREE_ENEMY_KILL","is_prod":false,"is_daily":false,"chose_seed":false,"campfire_upgraded":4,"win_rate":0,"timestamp":1543977066,"path_taken":["M","?","?","?","?","E","M","R","T","M","?","E","$","M","R","BOSS","M","$","?","M","?","R","E","R","T","?","?","M","?","?","R","BOSS","M","?","$","M","M","E","R","M","T","?","M","?","E","?","R","BOSS"],"build_version":"2018-11-15","purchased_purges":0,"victory":true,"max_hp_per_floor":[75,75,75,75,75,75,75,75,75,75,75,75,75,75,75,75,75,75,75,75,75,75,75,75,75,75,75,75,75,75,75,75,75,75,75,75,75,75,75,75,75,75,75,75,75,75,75,75,75,75],"card_choices":[{"not_picked":["Reinforced Body","Recycle"],"picked":"Conserve Battery","floor":1.0},{"not_picked":["Turbo","Stack"],"picked":"Loop","floor":3.0},{"not_picked":["Cold Snap","Reinforced Body"],"picked":"Genetic Algorithm","floor":6.0},{"not_picked":["Rebound","Leap"],"picked":"Ball Lightning","floor":7.0},{"not_picked":["Aggregate+1","Steam+1"],"picked":"Turbo+1","floor":10.0},{"not_picked":["Thunder Strike","Doom and Gloom"],"picked":"Tempest+1","floor":12.0},{"not_picked":["Fusion+1","Leap+1"],"picked":"Chill+1","floor":14.0},{"not_picked":["Meteor Strike","Echo Form"],"picked":"Electrodynamics","floor":16.0},{"not_picked":["Glacier+1","Cold Snap"],"picked":"Double Energy+1","floor":18.0},{"not_picked":["Turbo+1","Beam Cell"],"picked":"Streamline+1","floor":21.0},{"not_picked":["Cold Snap","Steam Power+1"],"picked":"Redo+1","floor":22.0},{"not_picked":["Core Surge","Steam+1"],"picked":"Redo+1","floor":24.0},{"not_picked":["Ball Lightning","Conserve Battery+1"],"picked":"Double Energy+1","floor":29.0},{"not_picked":["Turbo+1","Leap+1"],"picked":"Capacitor","floor":30.0},{"not_picked":["Biased Cognition","Core Surge"],"picked":"Seek+1","floor":33.0},{"not_picked":[],"picked":"Stack+1","floor":35},{"not_picked":[],"picked":"Sweeping Beam","floor":38},{"not_picked":[],"picked":"Melter+1","floor":39},{"not_picked":[],"picked":"Go for the Eyes+1","floor":40},{"not_picked":[],"picked":"Scrape","floor":41},{"not_picked":[],"picked":"Conserve Battery+1","floor":42},{"not_picked":[],"picked":"Ball Lightning","floor":44},{"not_picked":[],"picked":"Genetic Algorithm+1","floor":45},{"not_picked":[],"picked":"Recycle+1","floor":47},{"not_picked":[],"picked":"Undo+1","floor":49}],"player_experience":240620,"relics_obtained":[{"floor":6.0,"key":"Mercury Hourglass"},{"floor":9.0,"key":"Toxic Egg 2"},{"floor":12.0,"key":"War Paint"},{"floor":24.0,"key":"Incense Burner"},{"floor":26.0,"key":"Matryoshka"},{"floor":40,"key":"Orichalcum"},{"floor":43,"key":"Boot"},{"floor":43,"key":"Whetstone"},{"floor":47,"key":"Shuriken"},{"floor":48,"key":"Lantern"},{"floor":48,"key":"Unceasing Top"}],"event_choices":[{"damage_healed":0.0,"max_hp_gain":0.0,"max_hp_loss":0.0,"gold_gain":275.0,"event_name":"Golden Shrine","player_choice":"Desecrate","floor":2.0,"gold_loss":0.0,"damage_taken":0.0,"cards_obtained":["Regret"]},{"damage_healed":0.0,"max_hp_gain":0.0,"max_hp_loss":0.0,"gold_gain":0.0,"event_name":"The Cleric","player_choice":"Leave","floor":4.0,"gold_loss":0.0,"damage_taken":0.0},{"damage_healed":0.0,"max_hp_gain":0.0,"max_hp_loss":0.0,"gold_gain":175.0,"event_name":"Liars Game","player_choice":"AGREE","floor":5.0,"gold_loss":0.0,"damage_taken":0.0,"cards_obtained":["Doubt"]},{"damage_healed":0.0,"max_hp_gain":0.0,"max_hp_loss":0.0,"gold_gain":0.0,"event_name":"World of Goop","player_choice":"Left Gold","floor":11.0,"gold_loss":35.0,"damage_taken":0.0},{"damage_healed":0.0,"max_hp_gain":0.0,"max_hp_loss":0.0,"gold_gain":0.0,"event_name":"The Woman in Blue","player_choice":"Bought 3 Potions","floor":20.0,"gold_loss":0.0,"damage_taken":0.0},{"damage_healed":0.0,"max_hp_gain":0.0,"max_hp_loss":0.0,"gold_gain":0.0,"event_name":"Nest","player_choice":"Joined the Cult","floor":27.0,"gold_loss":0.0,"damage_taken":6.0,"cards_obtained":["RitualDagger"]},{"damage_healed":0.0,"max_hp_gain":0.0,"max_hp_loss":0.0,"gold_gain":0.0,"event_name":"The Mausoleum","player_choice":"Opened","floor":31.0,"gold_loss":0.0,"damage_taken":0.0,"relics_obtained":["Tiny Chest"],"cards_obtained":["Writhe"]},{"damage_healed":0,"gold_gain":0,"player_choice":"Damaged","damage_taken":7,"max_hp_gain":0,"max_hp_loss":0,"event_name":"Wheel of Change","floor":36,"gold_loss":0},{"cards_removed":["Ball Lightning"],"damage_healed":0,"gold_gain":0,"player_choice":"Removed Attack","damage_taken":0,"max_hp_gain":0,"max_hp_loss":0,"event_name":"Falling","floor":46,"gold_loss":0}],"is_beta":false,"boss_relics":[{"not_picked":["Empty Cage","Coffee Dripper"],"picked":"Eternal Feather"},{"not_picked":["Philosopher\u0027s Stone","Nuclear Battery"],"picked":"Busted Crown"}],"items_purged_floors":[],"is_endless":false,"potions_floor_spawned":[1,10,16,22,29,30,38,40,44,47],"ascension_level":4}