{"gold_per_floor":[368,31,42,57,77,77,88,88,142,142,101,101,120,85,85,187,187,206,206,5,24,24],"floor_reached":22,"playtime":639,"items_purged":["Strike_B"],"score":273,"play_id":"8eab9e07-26d7-4b1f-bd54-b72dbf9e1904","local_time":"20181125011350","is_ascension_mode":true,"campfire_choices":[{"data":"Mayhem","floor":6,"key":"SMITH"},{"data":"Loop","floor":8,"key":"SMITH"},{"data":"Chaos","floor":10,"key":"SMITH"},{"data":"Streamline","floor":15,"key":"SMITH"}],"neow_cost":"TEN_PERCENT_HP_LOSS","seed_source_timestamp":18154524283265,"circlet_count":0,"master_deck":["AscendersBane","Strike_B","Strike_B","Strike_B","Defend_B","Defend_B","Defend_B","Defend_B","Zap+1","Dualcast","Chaos+1","Mayhem+1","Loop+1","Streamline+1","Coolheaded","Conserve Battery","Rainbow","Steam+1","Mayhem+1","Consume+1"],"relics":["Cracked Core","Centennial Puzzle","Inserter","DollysMirror"],"potions_floor_usage":[18,21,22],"damage_taken":[{"damage":2,"enemies":"Jaw Worm","floor":1,"turns":3},{"damage":0,"enemies":"Small Slimes","floor":3,"turns":3},{"damage":5,"enemies":"Cultist","floor":4,"turns":5},{"damage":13,"enemies":"Blue Slaver","floor":5,"turns":4},{"damage":13,"enemies":"Red Slaver","floor":7,"turns":3},{"damage":2,"enemies":"3 Louse","floor":13,"turns":3},{"damage":24,"enemies":"Slime Boss","floor":16,"turns":6},{"damage":29,"enemies":"3 Byrds","floor":18,"turns":4},{"damage":19,"enemies":"2 Thieves","floor":21,"turns":4},{"damage":23,"enemies":"Sentry and Sphere","floor":22,"turns":3}],"seed_played":"-1845593798507084757","potions_obtained":[{"floor":1,"key":"AttackPotion"},{"floor":3,"key":"EssenceOfSteel"},{"floor":4,"key":"Dexterity Potion"},{"floor":21,"key":"EssenceOfSteel"}],"is_trial":false,"path_per_floor":["M","$","M","M","M","R","M","R","T","R","?","?","M","?","R","B",null,"M","?","$","M","M"],"character_chosen":"DEFECT","items_purchased":["Mayhem","Loop","DollysMirror"],"campfire_rested":0,"item_purchase_floors":[2,2,20],"current_hp_per_floor":[66,66,66,61,48,48,35,35,35,35,35,35,33,50,50,26,58,29,34,34,15,0],"gold":24,"neow_bonus":"TWO_FIFTY_GOLD","is_prod":false,"is_daily":false,"chose_seed":false,"campfire_upgraded":4,"win_rate":0,"timestamp":1543119230,"path_taken":["M","$","M","M","M","R","M","R","T","R","?","?","?","?","R","BOSS","M","?","$","M","?"],"build_version":"2018-11-15","purchased_purges":1,"victory":false,"max_hp_per_floor":[68,68,68,68,68,68,68,68,68,68,68,68,68,68,68,68,68,68,68,68,68,68],"card_choices":[{"not_picked":["Cold Snap","Fusion"],"picked":"Chaos","floor":1},{"not_picked":["Tempest","Gash","Go for the Eyes"],"picked":"SKIP","floor":3},{"not_picked":["FTL","Go for the Eyes"],"picked":"Hologram","floor":4},{"not_picked":["Sunder","Sweeping Beam"],"picked":"Streamline","floor":5},{"not_picked":["Sweeping Beam","Go for the Eyes"],"picked":"Coolheaded","floor":7},{"not_picked":["Heatsinks","Auto Shields"],"picked":"Conserve Battery","floor":13},{"not_picked":["Seek","Fission"],"picked":"Rainbow","floor":16},{"not_picked":["Streamline","Fusion"],"picked":"Steam+1","floor":18},{"not_picked":["Loop","Leap"],"picked":"Consume+1","floor":21}],"player_experience":412820,"relics_obtained":[{"floor":9,"key":"Centennial Puzzle"}],"event_choices":[{"damage_healed":0,"gold_gain":0,"player_choice":"Left Gold","damage_taken":0,"max_hp_gain":0,"max_hp_loss":0,"event_name":"World of Goop","floor":11,"gold_loss":41},{"damage_healed":0,"gold_gain":0,"player_choice":"Upgraded","damage_taken":0,"max_hp_gain":0,"max_hp_loss":0,"event_name":"Upgrade Shrine","floor":12,"gold_loss":0,"cards_upgraded":["Zap"]},{"damage_healed":17,"gold_gain":0,"player_choice":"Healed","damage_taken":0,"max_hp_gain":0,"max_hp_loss":0,"event_name":"The Cleric","floor":14,"gold_loss":35},{"cards_removed":["Hologram"],"damage_healed":5,"gold_gain":0,"player_choice":"Offered Common","damage_taken":0,"max_hp_gain":0,"max_hp_loss":0,"event_name":"Bonfire Elementals","floor":19,"gold_loss":0},{"cards_removed":["Hologram"],"damage_healed":5,"gold_gain":0,"player_choice":"Offered Special","damage_taken":0,"max_hp_gain":0,"max_hp_loss":0,"event_name":"Bonfire Elementals","floor":19,"gold_loss":0}],"is_beta":false,"boss_relics":[{"not_picked":["Coffee Dripper","Runic Pyramid"],"picked":"Inserter"}],"items_purged_floors":[2],"is_endless":false,"potions_floor_spawned":[1,3,4,21],"killed_by":"Sentry and Sphere","ascension_level":11}