{"gold_per_floor":[112,112,132,147,167,167,179,179,179,238,248,248,213,228,228,305,305,324,524,535,263,279,279,279,279,309,309,309,97,97,117,117,195,195,213,213,213,292,33,33,67,67,67,77,0,100,100,100,100,100],"floor_reached":51,"playtime":2950,"items_purged":["Strike_B","Strike_B","Strike_B"],"score":1343,"play_id":"11d91007-2154-406b-a909-50745d7444ee","local_time":"20190104162137","is_ascension_mode":true,"campfire_choices":[{"data":"Zap","floor":6,"key":"SMITH"},{"data":"Coolheaded","floor":8,"key":"SMITH"},{"data":"Steam","floor":12,"key":"SMITH"},{"data":"Dualcast","floor":15,"key":"SMITH"},{"data":"Capacitor","floor":23,"key":"SMITH"},{"data":"Echo Form","floor":25,"key":"SMITH"},{"floor":27,"key":"REST"},{"floor":32,"key":"REST"},{"data":"Consume","floor":40,"key":"SMITH"},{"floor":42,"key":"REST"},{"floor":49,"key":"REST"}],"neow_cost":"NONE","seed_source_timestamp":11610077724730,"circlet_count":0,"master_deck":["AscendersBane","Defend_B","Defend_B","Defend_B","Zap+1","Dualcast+1","Sunder+1","Ball Lightning","Ball Lightning","Coolheaded+1","Glacier","Steam+1","Echo Form+1","Capacitor+1","BootSequence","Compile Driver","Coolheaded+1","Creative AI","Consume+1","Hologram","Glacier"],"relics":["FrozenCore","Matryoshka","Ornamental Fan","Velvet Choker","Tiny Chest","Anchor","Symbiotic Virus","Darkstone Periapt","Kunai","Calipers","Red Mask","Torii"],"potions_floor_usage":[14,20,24,33,33,41,50],"damage_taken":[{"damage":0,"enemies":"Small Slimes","floor":1,"turns":2},{"damage":0,"enemies":"Cultist","floor":3,"turns":3},{"damage":2,"enemies":"Jaw Worm","floor":4,"turns":2},{"damage":0,"enemies":"2 Fungi Beasts","floor":5,"turns":2},{"damage":2,"enemies":"Blue Slaver","floor":7,"turns":3},{"damage":21,"enemies":"3 Sentries","floor":10,"turns":5},{"damage":10,"enemies":"Gremlin Gang","floor":11,"turns":3},{"damage":5,"enemies":"Large Slime","floor":14,"turns":3},{"damage":27,"enemies":"The Guardian","floor":16,"turns":17},{"damage":16,"enemies":"Shell Parasite","floor":18,"turns":6},{"damage":0,"enemies":"3 Byrds","floor":20,"turns":3},{"damage":5,"enemies":"Sentry and Sphere","floor":22,"turns":5},{"damage":5,"enemies":"Chosen and Byrds","floor":24,"turns":3},{"damage":7,"enemies":"3 Cultists","floor":31,"turns":5},{"damage":21,"enemies":"Collector","floor":33,"turns":13},{"damage":3,"enemies":"3 Shapes","floor":35,"turns":7},{"damage":57,"enemies":"Reptomancer","floor":41,"turns":12},{"damage":0,"enemies":"Orb Walker","floor":44,"turns":4},{"damage":0,"enemies":"Mind Bloom Boss Battle","floor":46,"turns":6},{"damage":0,"enemies":"Time Eater","floor":50,"turns":14}],"seed_played":"-5132860805248301978","potions_obtained":[{"floor":7,"key":"LiquidBronze"},{"floor":11,"key":"Fire Potion"},{"floor":14,"key":"Swift Potion"},{"floor":22,"key":"Block Potion"},{"floor":44,"key":"AttackPotion"},{"floor":46,"key":"PowerPotion"}],"is_trial":false,"path_per_floor":["M","?","M","M","M","R","M","R","T","?","M","R","?","M","R","B",null,"M","?","M","$","M","R","M","R","T","R","?","$","?","M","R","B",null,"M","?","?","T","$","R","E","R","T","M","?","?","?","?","R","B",null],"character_chosen":"DEFECT","items_purchased":["Capacitor","SmokeBomb","PowerPotion","Compile Driver","Hologram","FocusPotion"],"campfire_rested":4,"item_purchase_floors":[21,21,29,29,39,39],"current_hp_per_floor":[64,64,64,62,62,62,60,60,60,39,29,29,46,41,41,14,57,41,41,41,41,36,36,31,31,31,52,52,52,52,45,66,45,65,62,62,62,62,62,62,5,25,25,25,25,25,25,25,45,45],"gold":100,"neow_bonus":"THREE_CARDS","is_prod":false,"is_daily":false,"chose_seed":false,"campfire_upgraded":7,"win_rate":0,"timestamp":1546629697,"path_taken":["M","?","M","?","M","R","M","R","T","?","M","R","?","M","R","BOSS","M","?","?","$","M","R","M","R","T","R","?","$","?","M","R","BOSS","M","?","?","?","$","R","E","R","T","?","?","?","?","?","R","BOSS"],"build_version":"2019-01-03v3","purchased_purges":3,"victory":true,"max_hp_per_floor":[71,71,71,71,71,71,71,71,71,71,71,71,71,71,71,71,71,71,71,71,71,71,71,71,71,71,71,71,71,71,71,71,71,71,71,71,67,67,67,67,67,67,67,67,67,67,67,67,67,67],"card_choices":[{"not_picked":["Sweeping Beam","Streamline"],"picked":"Sunder","floor":0},{"not_picked":["Coolheaded","Loop"],"picked":"Ball Lightning","floor":1},{"not_picked":["Steam Power","Darkness"],"picked":"Ball Lightning","floor":3},{"not_picked":["FTL","Gash"],"picked":"Coolheaded","floor":4},{"not_picked":["Coolheaded","Redo","Amplify"],"picked":"SKIP","floor":5},{"not_picked":["Redo","Sweeping Beam","Consume"],"picked":"SKIP","floor":7},{"not_picked":["Reinforced Body","Turbo"],"picked":"Glacier","floor":10},{"not_picked":["Recycle","Turbo"],"picked":"Steam","floor":11},{"not_picked":["Steam","Redo","Sunder"],"picked":"SKIP","floor":14},{"not_picked":["Thunder Strike","Reboot"],"picked":"Echo Form","floor":16},{"not_picked":["Skim","Hello World","Streamline"],"picked":"SKIP","floor":18},{"not_picked":["Sweeping Beam","Turbo","Leap"],"picked":"SKIP","floor":20},{"not_picked":["Turbo+1","Streamline"],"picked":"BootSequence","floor":22},{"not_picked":["Double Energy","Go for the Eyes"],"picked":"Coolheaded+1","floor":31},{"not_picked":["Rainbow","Buffer"],"picked":"Creative AI","floor":33},{"not_picked":["Beam Cell","Conserve Battery+1"],"picked":"Consume","floor":35},{"not_picked":["Steam","Compile Driver+1","Streamline"],"picked":"SKIP","floor":41},{"not_picked":["Rip and Tear","Recycle","Turbo+1"],"picked":"SKIP","floor":44},{"not_picked":["Consume","Barrage"],"picked":"Glacier","floor":46}],"player_experience":710319,"relics_obtained":[{"floor":9,"key":"Matryoshka"},{"floor":26,"key":"Tiny Chest"},{"floor":26,"key":"Anchor"},{"floor":38,"key":"Symbiotic Virus"},{"floor":38,"key":"Darkstone Periapt"},{"floor":41,"key":"Kunai"},{"floor":43,"key":"Calipers"},{"floor":46,"key":"Torii"}],"event_choices":[{"damage_healed":0,"gold_gain":0,"player_choice":"Upgraded","damage_taken":0,"max_hp_gain":0,"max_hp_loss":0,"event_name":"Upgrade Shrine","floor":2,"gold_loss":0,"cards_upgraded":["Sunder"]},{"damage_healed":0,"gold_gain":0,"player_choice":"Searched \u00272\u0027 times","damage_taken":0,"relics_obtained":["Ornamental Fan"],"max_hp_gain":0,"max_hp_loss":0,"event_name":"Dead Adventurer","floor":10,"gold_loss":0},{"damage_healed":17,"gold_gain":0,"player_choice":"Healed","damage_taken":0,"max_hp_gain":0,"max_hp_loss":0,"event_name":"The Cleric","floor":13,"gold_loss":35},{"damage_healed":0,"gold_gain":250,"player_choice":"Bet on Owner","damage_taken":0,"max_hp_gain":0,"max_hp_loss":0,"event_name":"The Joust","floor":19,"gold_loss":50},{"damage_healed":0,"gold_gain":0,"player_choice":"Ignored","damage_taken":0,"max_hp_gain":0,"max_hp_loss":0,"event_name":"Vampires","floor":28,"gold_loss":0},{"cards_removed":["Strike_B"],"damage_healed":0,"gold_gain":0,"player_choice":"Elegance","damage_taken":0,"max_hp_gain":0,"max_hp_loss":0,"event_name":"Back to Basics","floor":30,"gold_loss":0},{"damage_healed":0,"gold_gain":0,"player_choice":"Ignored","damage_taken":0,"max_hp_gain":0,"max_hp_loss":0,"event_name":"Mysterious Sphere","floor":36,"gold_loss":0},{"damage_healed":0,"gold_gain":0,"player_choice":"Max HP","damage_taken":0,"max_hp_gain":0,"max_hp_loss":4,"event_name":"Winding Halls","floor":37,"gold_loss":0},{"damage_healed":0,"gold_gain":0,"player_choice":"Paid","damage_taken":0,"relics_obtained":["Red Mask"],"max_hp_gain":0,"max_hp_loss":0,"event_name":"Tomb of Lord Red Mask","floor":45,"gold_loss":77},{"damage_healed":0,"gold_gain":0,"player_choice":"Fight","damage_taken":0,"max_hp_gain":0,"max_hp_loss":0,"event_name":"MindBloom","floor":46,"gold_loss":0},{"damage_healed":0,"gold_gain":0,"player_choice":"Memory 1","damage_taken":0,"max_hp_gain":0,"max_hp_loss":0,"event_name":"SensoryStone","floor":47,"gold_loss":0},{"cards_removed":["Defend_B"],"damage_healed":0,"gold_gain":0,"player_choice":"Removed Skill","damage_taken":0,"max_hp_gain":0,"max_hp_loss":0,"event_name":"Falling","floor":48,"gold_loss":0}],"is_beta":false,"boss_relics":[{"not_picked":["Runic Pyramid","Eternal Feather"],"picked":"Velvet Choker"},{"not_picked":["Empty Cage","Inserter"],"picked":"FrozenCore"}],"items_purged_floors":[21,29,39],"is_endless":false,"potions_floor_spawned":[7,11,14,18,22,44,46],"ascension_level":19}