{"gold_per_floor":[116,130,55,55,71,71,88,104,104,104,29,29,72,17,17,17],"floor_reached":16,"playtime":1737,"items_purged":["Strike_G"],"score":200,"play_id":"d4c75399-327d-411b-b539-79df98624c9f","local_time":"20190623102836","is_ascension_mode":true,"campfire_choices":[{"data":"Noxious Fumes","floor":6,"key":"SMITH"},{"floor":15,"key":"REST"}],"neow_cost":"NONE","seed_source_timestamp":922874728849485,"circlet_count":0,"master_deck":["AscendersBane","Defend_G","Defend_G","Defend_G","Defend_G","Defend_G","Strike_G","Strike_G","Strike_G","Survivor","Neutralize+1","Noxious Fumes+1","Deadly Poison","Poisoned Stab","Heel Hook","Dodge and Roll"],"relics":["Ring of the Snake","WarpedTongs","Blood Vial","Golden Idol","Snake Skull"],"potions_floor_usage":[13,13,16],"damage_taken":[{"damage":7,"enemies":"Jaw Worm","floor":1,"turns":7},{"damage":0,"enemies":"Cultist","floor":2,"turns":4},{"damage":4,"enemies":"2 Louse","floor":5,"turns":4},{"damage":21,"enemies":"Large Slime","floor":7,"turns":7},{"damage":16,"enemies":"3 Louse","floor":8,"turns":3},{"damage":3,"enemies":"Lagavulin","floor":13,"turns":5},{"damage":26,"enemies":"Slime Boss","floor":16,"turns":9}],"seed_played":"-8654799255361725159","potions_obtained":[{"floor":2,"key":"AttackPotion"},{"floor":7,"key":"LiquidBronze"}],"is_trial":false,"path_per_floor":["M","M","?","?","M","R","M","M","T","?","$","?","E","$","R","B"],"character_chosen":"THE_SILENT","items_purchased":["PowerPotion"],"campfire_rested":1,"item_purchase_floors":[14],"current_hp_per_floor":[52,52,52,52,48,48,27,11,11,11,11,4,3,3,21,0],"gold":17,"neow_bonus":"UPGRADE_CARD","is_prod":false,"is_daily":false,"chose_seed":false,"campfire_upgraded":1,"win_rate":0,"timestamp":1561256916,"path_taken":["M","M","?","?","M","R","M","?","T","?","$","?","E","$","R","BOSS"],"build_version":"2019-01-23","purchased_purges":1,"victory":false,"max_hp_per_floor":[66,66,66,66,66,66,66,66,66,60,60,60,60,60,60,60],"card_choices":[{"not_picked":["Acrobatics","Quick Slash"],"picked":"Noxious Fumes","floor":1},{"not_picked":["Prepared","Bane"],"picked":"Deadly Poison","floor":2},{"not_picked":["Dash","Terror"],"picked":"Poisoned Stab","floor":5},{"not_picked":["Eviscerate","Skewer"],"picked":"Heel Hook","floor":7},{"not_picked":["PiercingWail","Acrobatics"],"picked":"Dodge and Roll","floor":8},{"not_picked":["Choke","Flying Knee","Tools of the Trade"],"picked":"SKIP","floor":13}],"player_experience":995814,"relics_obtained":[{"floor":9,"key":"Blood Vial"},{"floor":13,"key":"Snake Skull"}],"event_choices":[{"cards_removed":["Strike_G"],"damage_healed":0,"gold_gain":0,"player_choice":"Card Removal","damage_taken":0,"max_hp_gain":0,"max_hp_loss":0,"event_name":"The Cleric","floor":3,"gold_loss":75},{"damage_healed":0,"gold_gain":0,"player_choice":"Rummage","damage_taken":0,"relics_obtained":["WarpedTongs"],"max_hp_gain":0,"max_hp_loss":0,"event_name":"Accursed Blacksmith","floor":4,"gold_loss":0,"cards_obtained":["Pain"]},{"damage_healed":0,"gold_gain":0,"player_choice":"Lose Max HP","damage_taken":0,"relics_obtained":["Golden Idol"],"max_hp_gain":0,"max_hp_loss":6,"event_name":"Golden Idol","floor":10,"gold_loss":0},{"cards_removed":["Pain"],"damage_healed":0,"gold_gain":0,"player_choice":"Card Removal","damage_taken":7,"max_hp_gain":0,"max_hp_loss":0,"event_name":"Golden Wing","floor":12,"gold_loss":0}],"is_beta":false,"boss_relics":[],"items_purged_floors":[11],"is_endless":false,"potions_floor_spawned":[2,7],"killed_by":"Slime Boss","ascension_level":20}