{"gold_per_floor":[119,119,84,102,28,56,71,71,143,93,106,122,122],"floor_reached":13,"playtime":750,"items_purged":[],"score":132,"play_id":"729734f8-536e-4931-a90e-c544789c4d56","local_time":"20181020155512","is_ascension_mode":true,"campfire_choices":[],"neow_cost":"NONE","seed_source_timestamp":1182749132083,"circlet_count":0,"master_deck":["Strike_B","Strike_B","Strike_B","Defend_B","Defend_B","Defend_B","Zap","Dualcast","Stack","Chaos","Coolheaded","Defragment","Ball Lightning","Genetic Algorithm","Hologram"],"relics":["Cracked Core","NeowsBlessing","Regal Pillow","Golden Idol","Bottled Lightning"],"potions_floor_usage":[12],"damage_taken":[{"damage":0,"enemies":"Jaw Worm","floor":1,"turns":1},{"damage":0,"enemies":"2 Louse","floor":4,"turns":1},{"damage":0,"enemies":"Lagavulin","floor":6,"turns":1},{"damage":0,"enemies":"Cultist","floor":7,"turns":4},{"damage":18,"enemies":"Exordium Thugs","floor":11,"turns":3},{"damage":15,"enemies":"Gremlin Gang","floor":12,"turns":5},{"damage":38,"enemies":"Gremlin Nob","floor":13,"turns":3}],"seed_played":"-5313019632002089234","potions_obtained":[{"floor":11,"key":"Poison Potion"},{"floor":12,"key":"Explosive Potion"}],"is_trial":false,"path_per_floor":["M","?","$","M","$","E","M","?","T","?","M","M"],"character_chosen":"DEFECT","items_purchased":["Chaos","Defragment"],"campfire_rested":0,"item_purchase_floors":[3,5],"current_hp_per_floor":[75,68,68,68,68,68,68,68,68,68,50,35,0],"gold":122,"neow_bonus":"THREE_ENEMY_KILL","is_prod":false,"is_daily":false,"chose_seed":false,"campfire_upgraded":0,"win_rate":0,"timestamp":1540061712,"path_taken":["M","?","$","?","$","E","M","?","T","?","M","?","E"],"build_version":"2018-10-18","purchased_purges":0,"victory":false,"max_hp_per_floor":[75,75,75,75,75,75,75,69,69,69,69,69,69],"card_choices":[{"not_picked":["Go for the Eyes","Turbo"],"picked":"Stack","floor":1},{"not_picked":["Doom and Gloom","Go for the Eyes"],"picked":"Coolheaded","floor":4},{"not_picked":["Beam Cell","Rebound","Compile Driver"],"picked":"SKIP","floor":6},{"not_picked":["Barrage","Hyperbeam"],"picked":"Ball Lightning","floor":7},{"not_picked":["Sweeping Beam","Stack"],"picked":"Genetic Algorithm","floor":11},{"not_picked":["Stack","Redo"],"picked":"Hologram","floor":12}],"player_experience":169626,"relics_obtained":[{"floor":6,"key":"Regal Pillow"},{"floor":9,"key":"Bottled Lightning"}],"event_choices":[{"cards_removed":["Defend_B"],"damage_healed":0,"gold_gain":0,"player_choice":"Card Removal","damage_taken":7,"max_hp_gain":0,"max_hp_loss":0,"event_name":"Golden Wing","floor":2,"gold_loss":0},{"damage_healed":0,"gold_gain":0,"player_choice":"Lose Max HP","damage_taken":0,"relics_obtained":["Golden Idol"],"max_hp_gain":0,"max_hp_loss":6,"event_name":"Golden Idol","floor":8,"gold_loss":0},{"cards_removed":["Strike_B"],"damage_healed":0,"gold_gain":0,"player_choice":"Card Removal","damage_taken":0,"max_hp_gain":0,"max_hp_loss":0,"event_name":"The Cleric","floor":10,"gold_loss":50}],"is_beta":false,"boss_relics":[],"items_purged_floors":[],"is_endless":false,"potions_floor_spawned":[11,12],"killed_by":"Gremlin Nob","ascension_level":4}