{"gold_per_floor":[369,294,307,307,319,319,337,337,337,337,347,361,380,380,380,380],"floor_reached":16,"playtime":1241,"items_purged":["Strike_G"],"score":136,"play_id":"4c3bfa92-b2f8-4f85-bd54-9620111c3d46","local_time":"20190612073726","is_ascension_mode":true,"campfire_choices":[{"data":"Neutralize","floor":6.0,"key":"SMITH"},{"data":"Survivor","floor":8.0,"key":"SMITH"},{"data":"Dagger Throw","floor":10.0,"key":"SMITH"},{"data":"Cloak And Dagger","floor":15,"key":"SMITH"}],"neow_cost":"TEN_PERCENT_HP_LOSS","seed_source_timestamp":0,"circlet_count":0,"master_deck":["Defend_G","Defend_G","Defend_G","Defend_G","Defend_G","Strike_G","Strike_G","Strike_G","Strike_G","Survivor+1","Neutralize+1","Dagger Throw+1","Calculated Gamble","PiercingWail","Cloak And Dagger+1"],"special_seed":0,"relics":["Ring of the Snake","Paper Crane","Ninja Scroll","Strawberry"],"potions_floor_usage":[16],"damage_taken":[{"damage":0.0,"enemies":"Cultist","floor":1.0,"turns":5.0},{"damage":0.0,"enemies":"2 Louse","floor":3.0,"turns":3.0},{"damage":2.0,"enemies":"Jaw Worm","floor":5.0,"turns":5.0},{"damage":0.0,"enemies":"2 Fungi Beasts","floor":7.0,"turns":4.0},{"damage":6.0,"enemies":"Exordium Thugs","floor":11.0,"turns":6.0},{"damage":0.0,"enemies":"Large Slime","floor":12.0,"turns":7.0},{"damage":0,"enemies":"2 Fungi Beasts","floor":13,"turns":3},{"damage":45,"enemies":"Hexaghost","floor":16,"turns":11}],"seed_played":"8495282383478439178","potions_obtained":[{"floor":5.0,"key":"PowerPotion"},{"floor":7.0,"key":"EssenceOfSteel"},{"floor":12,"key":"SteroidPotion"}],"is_trial":false,"path_per_floor":["M","$","M","?","M","R","M","R","T","R","M","M","M","?","R","B"],"character_chosen":"THE_SILENT","items_purchased":[],"campfire_rested":0,"item_purchase_floors":[],"current_hp_per_floor":[63,63,63,63,61,61,61,61,61,61,55,55,55,44,44,0],"gold":380,"neow_bonus":"TWO_FIFTY_GOLD","is_prod":false,"is_daily":false,"chose_seed":false,"campfire_upgraded":4,"win_rate":0,"timestamp":1560296246,"path_taken":["M","$","?","?","?","R","M","R","T","R","M","M","M","?","R","BOSS"],"build_version":"2019-01-23","purchased_purges":1,"victory":false,"max_hp_per_floor":[63,63,63,63,63,63,63,63,63,63,63,63,63,70,70,70],"card_choices":[{"not_picked":["Acrobatics","PiercingWail"],"picked":"Dagger Throw","floor":1.0},{"not_picked":["Dash","Outmaneuver"],"picked":"Dagger Throw","floor":3.0},{"not_picked":["Sucker Punch","PiercingWail"],"picked":"Calculated Gamble","floor":5.0},{"not_picked":["Sucker Punch","Bane","Terror"],"picked":"SKIP","floor":7.0},{"not_picked":["Deadly Poison","Flechettes","Skewer"],"picked":"SKIP","floor":11.0},{"not_picked":["Flying Knee","Bane"],"picked":"PiercingWail","floor":12},{"not_picked":["Flying Knee","Bullet Time"],"picked":"Cloak And Dagger","floor":13}],"player_experience":775807,"relics_obtained":[{"floor":9.0,"key":"Ninja Scroll"}],"event_choices":[{"cards_removed":["Dagger Throw"],"damage_healed":0.0,"max_hp_gain":0.0,"max_hp_loss":0.0,"gold_gain":0.0,"event_name":"WeMeetAgain","player_choice":"Gave Card","floor":4.0,"gold_loss":0.0,"damage_taken":0.0,"relics_obtained":["Paper Crane"]},{"damage_healed":0,"gold_gain":0,"player_choice":"Success","damage_taken":18,"relics_obtained":["Strawberry"],"max_hp_gain":0,"max_hp_loss":0,"event_name":"Scrap Ooze","floor":14,"gold_loss":0}],"is_beta":false,"boss_relics":[],"items_purged_floors":[2],"is_endless":false,"potions_floor_spawned":[5,7,12],"killed_by":"Hexaghost","ascension_level":9}