{"gold_per_floor":[114,114,126,141,106,131,131,150,150,177,205,274,298,162,162,162],"floor_reached":16,"playtime":1586,"items_purged":[],"score":173,"play_id":"e27a0fb5-378a-4063-85e2-d147bc3a3e02","local_time":"20181226203312","is_ascension_mode":true,"campfire_choices":[{"data":"Bash","floor":7,"key":"SMITH"},{"data":"Whirlwind","floor":15,"key":"SMITH"}],"neow_cost":"NONE","seed_source_timestamp":373479488717975,"circlet_count":0,"master_deck":["Strike_R","Strike_R","Strike_R","Strike_R","Strike_R","Defend_R","Defend_R","Defend_R","Defend_R","Bash+1","Heavy Blade","True Grit","Battle Trance","Feed","Inflame","Clothesline","Power Through+1","Headbutt","Dual Wield+1","Whirlwind+1"],"relics":["Burning Blood","Centennial Puzzle","Toxic Egg 2","MawBank","Tiny Chest"],"potions_floor_usage":[6,11,13,13,16],"damage_taken":[{"damage":8,"enemies":"Jaw Worm","floor":1,"turns":6},{"damage":6,"enemies":"2 Louse","floor":3,"turns":2},{"damage":0,"enemies":"Small Slimes","floor":4,"turns":3},{"damage":42,"enemies":"Lagavulin","floor":6,"turns":6},{"damage":5,"enemies":"2 Fungi Beasts","floor":8,"turns":3},{"damage":23,"enemies":"Large Slime","floor":10,"turns":9},{"damage":16,"enemies":"Exordium Wildlife","floor":11,"turns":6},{"damage":21,"enemies":"3 Sentries","floor":12,"turns":8},{"damage":13,"enemies":"Gremlin Gang","floor":13,"turns":6},{"damage":57,"enemies":"The Guardian","floor":16,"turns":13}],"seed_played":"-8048224561319241948","potions_obtained":[{"floor":3,"key":"Energy Potion"},{"floor":6,"key":"Regen Potion"},{"floor":10,"key":"Fruit Juice"},{"floor":12,"key":"Energy Potion"}],"is_trial":false,"path_per_floor":["M","?","M","M","?","E","R","M","T","M","M","E","M","$","R","B"],"character_chosen":"IRONCLAD","items_purchased":["Whirlwind","Regen Potion"],"campfire_rested":0,"item_purchase_floors":[14,14],"current_hp_per_floor":[78,60,60,66,88,52,52,56,56,42,40,28,39,39,39,0],"gold":162,"neow_bonus":"TEN_PERCENT_HP_BONUS","is_prod":false,"is_daily":false,"chose_seed":false,"campfire_upgraded":2,"win_rate":0,"timestamp":1545885192,"path_taken":["M","?","M","M","?","E","R","M","T","M","M","E","M","$","R","BOSS"],"build_version":"2018-12-20","purchased_purges":0,"victory":false,"max_hp_per_floor":[88,88,88,88,88,88,88,91,91,94,102,105,108,108,108,108],"card_choices":[{"not_picked":["Armaments","Shrug It Off"],"picked":"Heavy Blade","floor":1},{"not_picked":["Shrug It Off","Cleave"],"picked":"True Grit","floor":3},{"not_picked":["Metallicize","Feel No Pain"],"picked":"Battle Trance","floor":4},{"not_picked":["Rage","Metallicize"],"picked":"Feed","floor":6},{"not_picked":["True Grit+1","Fire Breathing"],"picked":"Inflame","floor":8},{"not_picked":["True Grit+1","Wild Strike"],"picked":"Clothesline","floor":10},{"not_picked":["Sword Boomerang","Infernal Blade+1"],"picked":"Power Through+1","floor":11},{"not_picked":["Flex+1","Body Slam"],"picked":"Headbutt","floor":12},{"not_picked":["Clash","Searing Blow"],"picked":"Dual Wield+1","floor":13}],"player_experience":131451,"relics_obtained":[{"floor":6,"key":"Toxic Egg 2"},{"floor":9,"key":"MawBank"},{"floor":12,"key":"Tiny Chest"}],"event_choices":[{"damage_healed":0,"gold_gain":0,"player_choice":"Success","damage_taken":18,"relics_obtained":["Centennial Puzzle"],"max_hp_gain":0,"max_hp_loss":0,"event_name":"Scrap Ooze","floor":2,"gold_loss":0},{"damage_healed":22,"gold_gain":0,"player_choice":"Healed","damage_taken":0,"max_hp_gain":0,"max_hp_loss":0,"event_name":"The Cleric","floor":5,"gold_loss":35}],"is_beta":false,"boss_relics":[],"items_purged_floors":[],"is_endless":false,"potions_floor_spawned":[3,6,10,12],"killed_by":"The Guardian","ascension_level":6}