{"gold_per_floor":[113,123,123,138,150,175,175,202,202,217,60,125,125,139,139,238,288,298,266,266,266,266,266,283,108,108,118,118,37,0,13,13,117,117,129,140,50,50,66,66,66],"floor_reached":41,"playtime":1750,"items_purged":[],"score":498,"play_id":"103bbaab-4451-43f8-af59-f4b2a02d5eca","local_time":"20181127233746","is_ascension_mode":true,"campfire_choices":[{"floor":7,"key":"REST"},{"floor":13,"key":"REST"},{"data":"Dash","floor":15,"key":"SMITH"},{"floor":23,"key":"REST"},{"floor":28,"key":"REST"},{"floor":32,"key":"REST"},{"floor":40,"key":"REST"}],"neow_cost":"NONE","seed_source_timestamp":5114918452892800,"circlet_count":0,"master_deck":["Defend_G","Defend_G","Defend_G","Defend_G","Strike_G","Strike_G","Strike_G","Strike_G","Strike_G","Survivor+1","Neutralize","Dash+1","Blade Dance","Accuracy","Blade Dance","Backstab","Poisoned Stab","Dagger Spray","Noxious Fumes","Poisoned Stab+1","Quick Slash+1","After Image","PiercingWail","Dash+1","Blade Dance+1","Shame","Blade Dance","Blade Dance","Poisoned Stab+1","Tools of the Trade","Infinite Blades","Dagger Throw+1","Finisher+1","A Thousand Cuts","Setup+1","Deflect","Dodge and Roll","Mind Blast+1","Parasite","Backstab+1"],"relics":["Ring of the Snake","Juzu Bracelet","The Courier","Paper Crane","Blood Vial","Molten Egg 2","Tiny House","Pantograph","Strawberry","Vajra","Girya","Busted Crown"],"potions_floor_usage":[6,6,12,16,24,31,31,33],"damage_taken":[{"damage":13,"enemies":"2 Louse","floor":1,"turns":3},{"damage":0,"enemies":"Cultist","floor":2,"turns":3},{"damage":0,"enemies":"Jaw Worm","floor":4,"turns":4},{"damage":8,"enemies":"3 Louse","floor":5,"turns":3},{"damage":18,"enemies":"3 Sentries","floor":6,"turns":7},{"damage":14,"enemies":"Lagavulin","floor":8,"turns":8},{"damage":7,"enemies":"Blue Slaver","floor":10,"turns":3},{"damage":6,"enemies":"Gremlin Nob","floor":12,"turns":4},{"damage":0,"enemies":"2 Fungi Beasts","floor":14,"turns":2},{"damage":26,"enemies":"Hexaghost","floor":16,"turns":9},{"damage":16,"enemies":"3 Byrds","floor":18,"turns":6},{"damage":24,"enemies":"2 Thieves","floor":19,"turns":5},{"damage":26,"enemies":"Snecko","floor":24,"turns":5},{"damage":14,"enemies":"Chosen and Byrds","floor":27,"turns":6},{"damage":16,"enemies":"Snake Plant","floor":31,"turns":5},{"damage":65,"enemies":"Collector","floor":33,"turns":11},{"damage":29,"enemies":"3 Shapes","floor":35,"turns":3},{"damage":18,"enemies":"Orb Walker","floor":36,"turns":3},{"damage":44,"enemies":"Writhing Mass","floor":39,"turns":6},{"damage":62,"enemies":"Reptomancer","floor":41,"turns":3}],"seed_played":"-3626388433932464586","potions_obtained":[{"floor":1,"key":"Weak Potion"},{"floor":5,"key":"SteroidPotion"},{"floor":8,"key":"Block Potion"},{"floor":12,"key":"AttackPotion"},{"floor":16,"key":"Strength Potion"},{"floor":17,"key":"Swift Potion"},{"floor":19,"key":"GamblersBrew"},{"floor":27,"key":"Energy Potion"}],"is_trial":false,"path_per_floor":["M","M","?","M","M","E","R","E","T","M","$","?","R","M","R","B",null,"M","M","?","?","?","R","M","$","T","M","R","$","?","M","R","B",null,"M","M","$","?","M","R","E"],"character_chosen":"THE_SILENT","items_purchased":["Blood Vial","Noxious Fumes","Blade Dance","Vajra","Poisoned Stab+1","Infinite Blades","Dagger Throw+1","Dodge and Roll","Mind Blast+1"],"campfire_rested":6,"item_purchase_floors":[11,11,25,25,25,29,29,37,37],"current_hp_per_floor":[64,64,64,64,56,38,61,47,47,40,40,36,59,61,61,37,82,66,44,44,51,34,62,38,38,38,26,54,54,54,40,68,29,94,65,49,49,49,7,35,0],"gold":66,"neow_bonus":"TEN_PERCENT_HP_BONUS","is_prod":false,"is_daily":false,"chose_seed":false,"campfire_upgraded":1,"win_rate":0,"timestamp":1543379866,"path_taken":["M","M","?","?","M","E","R","E","T","M","?","?","R","M","R","BOSS","M","M","?","?","?","R","M","?","T","M","R","$","?","M","R","BOSS","M","M","$","?","M","R","E"],"build_version":"2018-11-15","purchased_purges":0,"victory":false,"max_hp_per_floor":[77,77,77,77,77,77,77,77,77,77,77,77,77,77,77,77,82,82,82,82,89,94,94,94,94,94,94,94,94,94,94,94,94,94,94,94,94,94,94,94,94],"card_choices":[{"not_picked":["Deflect","Quick Slash"],"picked":"Dash","floor":1},{"not_picked":["Crippling Poison","Deadly Poison"],"picked":"Blade Dance","floor":2},{"not_picked":["PiercingWail","Underhanded Strike"],"picked":"Accuracy","floor":4},{"not_picked":["Finisher","Dagger Throw"],"picked":"Blade Dance","floor":5},{"not_picked":["Prepared","Riddle With Holes"],"picked":"Backstab","floor":6},{"not_picked":["Footwork","Backflip"],"picked":"Poisoned Stab","floor":8},{"not_picked":["PiercingWail","Bane"],"picked":"Dagger Spray","floor":10},{"not_picked":["Backflip","Acrobatics"],"picked":"Poisoned Stab+1","floor":12},{"not_picked":["Escape Plan","Venomology"],"picked":"Quick Slash+1","floor":14},{"not_picked":["Wraith Form v2","Bullet Time"],"picked":"After Image","floor":16},{"not_picked":["Sucker Punch+1","Flechettes+1"],"picked":"PiercingWail","floor":17},{"not_picked":["Deflect","Tactician+1"],"picked":"Dash+1","floor":18},{"not_picked":["Dodge and Roll","Poisoned Stab+1"],"picked":"Blade Dance+1","floor":19},{"not_picked":["Acrobatics","Dodge and Roll"],"picked":"Blade Dance","floor":24},{"not_picked":["Flechettes+1","Cloak And Dagger"],"picked":"Tools of the Trade","floor":27},{"not_picked":["Poisoned Stab+1","Calculated Gamble"],"picked":"Finisher+1","floor":31},{"not_picked":["Venomology","Corpse Explosion"],"picked":"A Thousand Cuts","floor":33},{"not_picked":[],"picked":"Setup+1","floor":35},{"not_picked":[],"picked":"Deflect","floor":36},{"not_picked":[],"picked":"Backstab+1","floor":39}],"player_experience":221193,"relics_obtained":[{"floor":6,"key":"Juzu Bracelet"},{"floor":8,"key":"The Courier"},{"floor":9,"key":"Paper Crane"},{"floor":26,"key":"Girya"}],"event_choices":[{"damage_healed":0,"gold_gain":0,"player_choice":"Ignored","damage_taken":0,"max_hp_gain":0,"max_hp_loss":0,"event_name":"Purifier","floor":3,"gold_loss":0},{"damage_healed":0,"gold_gain":0,"player_choice":"Searched \u00272\u0027 times","damage_taken":0,"relics_obtained":["Molten Egg 2"],"max_hp_gain":0,"max_hp_loss":0,"event_name":"Dead Adventurer","floor":12,"gold_loss":0},{"damage_healed":0,"gold_gain":0,"player_choice":"Stole Relic","damage_taken":0,"relics_obtained":["Pantograph"],"max_hp_gain":0,"max_hp_loss":0,"event_name":"Addict","floor":20,"gold_loss":0,"cards_obtained":["Shame"]},{"damage_healed":0,"gold_gain":0,"player_choice":"Opened","damage_taken":0,"relics_obtained":["Strawberry"],"max_hp_gain":0,"max_hp_loss":0,"event_name":"The Mausoleum","floor":21,"gold_loss":0},{"damage_healed":0,"gold_gain":0,"player_choice":"Shed Blood","damage_taken":22,"max_hp_gain":5,"max_hp_loss":0,"event_name":"Forgotten Altar","floor":22,"gold_loss":0},{"damage_healed":0,"gold_gain":0,"player_choice":"Paid Fearfully","damage_taken":0,"max_hp_gain":0,"max_hp_loss":0,"event_name":"Masked Bandits","floor":30,"gold_loss":37},{"cards_removed":["Defend_G"],"damage_healed":0,"gold_gain":0,"player_choice":"Removed Skill","damage_taken":0,"max_hp_gain":0,"max_hp_loss":0,"event_name":"Falling","floor":38,"gold_loss":0}],"is_beta":false,"boss_relics":[{"not_picked":["Lizard Tail","Orrery"],"picked":"Tiny House"},{"not_picked":["White Beast Statue","Fusion Hammer"],"picked":"Busted Crown"}],"items_purged_floors":[],"is_endless":false,"potions_floor_spawned":[1,5,8,12,16,19,27],"killed_by":"Reptomancer","ascension_level":1}