{"gold_per_floor":[114,114,189,189,204,234,264,279,279,294,324,152,167,182,182,282,282,297,209,209,119,149,149],"floor_reached":23,"playtime":1104,"items_purged":[],"score":229,"play_id":"cf82277d-82d2-4efc-a41a-1adbfa0f4290","local_time":"20190128132020","daily_mods":["Chimera","Flight","DeadlyEvents"],"is_ascension_mode":false,"campfire_choices":[{"floor":15,"key":"REST"}],"neow_cost":"","seed_source_timestamp":0,"circlet_count":0,"master_deck":["Bash","Survivor","Zap","Strike_R","Strike_G","Strike_B","Defend_R","Defend_G+1","Defend_B","Flex","Madness","True Grit","Rampage","Pummel","Wild Strike","Flex","Sword Boomerang","Anger","Iron Wave","Battle Trance","Pummel","Demon Form","Shrug It Off","Jack Of All Trades","Inflame+1"],"special_seed":17924,"relics":["Black Blood","Self Forming Clay","Question Card","Art of War","Paper Frog","Oddly Smooth Stone","Boot","Kunai","Regal Pillow"],"potions_floor_usage":[7,18,22,22,23],"damage_taken":[{"damage":0,"enemies":"Cultist","floor":1,"turns":4},{"damage":4,"enemies":"2 Louse","floor":5,"turns":4},{"damage":21,"enemies":"3 Sentries","floor":6,"turns":10},{"damage":33,"enemies":"Lagavulin","floor":7,"turns":7},{"damage":3,"enemies":"Small Slimes","floor":8,"turns":4},{"damage":7,"enemies":"3 Louse","floor":10,"turns":3},{"damage":6,"enemies":"3 Sentries","floor":11,"turns":8},{"damage":25,"enemies":"Exordium Thugs","floor":13,"turns":4},{"damage":5,"enemies":"Lots of Slimes","floor":14,"turns":4},{"damage":28,"enemies":"The Guardian","floor":16,"turns":10},{"damage":8,"enemies":"3 Byrds","floor":18,"turns":4},{"damage":28,"enemies":"Book of Stabbing","floor":22,"turns":5},{"damage":80,"enemies":"Slavers","floor":23,"turns":7}],"seed_played":"4127696918694319240","potions_obtained":[{"floor":6,"key":"Weak Potion"},{"floor":7,"key":"SpeedPotion"},{"floor":11,"key":"Dexterity Potion"},{"floor":14,"key":"BloodPotion"},{"floor":16,"key":"Energy Potion"},{"floor":18,"key":"PowerPotion"},{"floor":22,"key":"Energy Potion"}],"is_trial":false,"path_per_floor":["M","$","T","?","M","E","E","M","T","M","E","$","M","M","R","B",null,"M","$","?","?","E","E"],"character_chosen":"IRONCLAD","items_purchased":["Boot","Iron Wave","Jack Of All Trades"],"campfire_rested":1,"item_purchase_floors":[12,12,19],"current_hp_per_floor":[80,80,80,80,80,65,38,41,41,40,40,40,21,22,46,24,80,80,80,80,80,62,0],"gold":149,"neow_bonus":"","is_prod":false,"is_daily":true,"chose_seed":false,"campfire_upgraded":0,"win_rate":0,"timestamp":1548699620,"path_taken":["M","?","?","?","?","E","E","M","T","?","?","$","?","M","R","BOSS","M","$","?","?","?","E"],"build_version":"2019-01-23","purchased_purges":0,"victory":false,"max_hp_per_floor":[80,80,80,80,80,80,80,80,80,80,80,80,80,80,80,80,80,80,80,80,80,80,80],"card_choices":[{"not_picked":["Iron Wave","Pommel Strike"],"picked":"Flex","floor":1},{"not_picked":["Perfected Strike","Warcry"],"picked":"Rampage","floor":5},{"not_picked":["Seeing Red","Clothesline"],"picked":"Pummel","floor":6},{"not_picked":["Sentinel","Shrug It Off","Perfected Strike"],"picked":"Wild Strike","floor":7},{"not_picked":["Clash","Headbutt","Uppercut"],"picked":"Flex","floor":8},{"not_picked":["Fire Breathing","Heavy Blade","Body Slam"],"picked":"Sword Boomerang","floor":10},{"not_picked":["Shrug It Off","Bloodletting","Dark Embrace"],"picked":"Anger","floor":11},{"not_picked":["Combust","Uppercut","Corruption"],"picked":"Battle Trance","floor":13},{"not_picked":["Bloodletting","Iron Wave","Hemokinesis"],"picked":"Pummel","floor":14},{"not_picked":["Offering","Feed","Exhume"],"picked":"Demon Form","floor":16},{"not_picked":["Havoc","Twin Strike","Flex"],"picked":"Shrug It Off","floor":18},{"not_picked":["Combust","Dark Embrace","Hemokinesis"],"picked":"Inflame+1","floor":22}],"player_experience":343967,"relics_obtained":[{"floor":3,"key":"Self Forming Clay"},{"floor":6,"key":"Question Card"},{"floor":7,"key":"Art of War"},{"floor":9,"key":"Paper Frog"},{"floor":11,"key":"Oddly Smooth Stone"},{"floor":22,"key":"Regal Pillow"}],"event_choices":[{"damage_healed":0,"gold_gain":0,"player_choice":"2 cards matched","damage_taken":0,"max_hp_gain":0,"max_hp_loss":0,"event_name":"Match and Keep!","floor":4,"gold_loss":0,"cards_obtained":["Madness","True Grit"]},{"damage_healed":0,"gold_gain":0,"player_choice":"Opened","damage_taken":0,"relics_obtained":["Kunai"],"max_hp_gain":0,"max_hp_loss":0,"event_name":"The Mausoleum","floor":20,"gold_loss":0,"cards_obtained":["Writhe"]},{"cards_removed":["Writhe"],"damage_healed":0,"gold_gain":0,"player_choice":"Upgrade and Remove","damage_taken":0,"max_hp_gain":0,"max_hp_loss":0,"event_name":"Designer","floor":21,"gold_loss":90,"cards_upgraded":["Defend_G"]}],"is_beta":false,"boss_relics":[{"not_picked":["Runic Pyramid","Astrolabe"],"picked":"Black Blood"}],"items_purged_floors":[],"is_endless":false,"potions_floor_spawned":[6,7,11,14,16,18,22],"killed_by":"Slavers","ascension_level":0}