{"gold_per_floor":[109,109,184,197,214,246,90,90,90,104,139,139,104,116,116,116],"floor_reached":16,"playtime":607,"items_purged":[],"score":127,"play_id":"f17bf908-c97a-4a24-9017-49288f92d51e","local_time":"20180920223939","is_ascension_mode":true,"campfire_choices":[{"floor":8,"key":"REST"},{"floor":12,"key":"REST"},{"floor":15,"key":"REST"}],"neow_cost":"NONE","seed_source_timestamp":550198725558684,"circlet_count":0,"master_deck":["Strike_B","Strike_B","Strike_B","Strike_B","Defend_B","Defend_B","Defend_B","Zap","Dualcast","All For One","Stack","Chaos","Rebound","White Noise","Rainbow","Reinforced Body","Hologram","Stack"],"relics":["Cracked Core","Dodecahedron","Orichalcum","Mummified Hand","Smiling Mask"],"potions_floor_usage":[11,14],"damage_taken":[{"damage":0,"enemies":"Small Slimes","floor":1,"turns":3},{"damage":0,"enemies":"2 Louse","floor":4,"turns":2},{"damage":12,"enemies":"Jaw Worm","floor":5,"turns":2},{"damage":39,"enemies":"Lagavulin","floor":6,"turns":8},{"damage":6,"enemies":"2 Fungi Beasts","floor":10,"turns":4},{"damage":13,"enemies":"Gremlin Nob","floor":11,"turns":5},{"damage":15,"enemies":"Large Slime","floor":14,"turns":5},{"damage":75,"enemies":"Hexaghost","floor":16,"turns":16}],"seed_played":"-5152439448883797147","potions_obtained":[{"floor":4,"key":"SmokeBomb"},{"floor":10,"key":"PowerPotion"},{"floor":11,"key":"AttackPotion"},{"floor":14,"key":"SteroidPotion"}],"is_trial":false,"path_per_floor":["M","?","?","M","M","E","$","R","T","M","E","R","?","M","R"],"character_chosen":"DEFECT","items_purchased":["Orichalcum"],"campfire_rested":3,"item_purchase_floors":[7],"current_hp_per_floor":[75,75,64,64,52,13,13,35,35,36,23,45,63,55,75,0],"gold":116,"neow_bonus":"ONE_RANDOM_RARE_CARD","is_prod":false,"is_daily":false,"chose_seed":false,"campfire_upgraded":0,"win_rate":0,"timestamp":1537497579,"path_taken":["M","?","?","?","?","E","$","R","T","M","E","R","?","M","R","BOSS"],"build_version":"2018-09-20","purchased_purges":0,"victory":false,"max_hp_per_floor":[75,75,75,75,75,75,75,75,75,75,75,75,75,75,75,75],"card_choices":[{"not_picked":["Turbo","Cold Snap"],"picked":"Stack","floor":1},{"not_picked":["Tempest","Fusion"],"picked":"Rebound","floor":4},{"not_picked":["Self Repair","Stack"],"picked":"White Noise","floor":5},{"not_picked":["Steam Power","Undo"],"picked":"Rainbow","floor":6},{"not_picked":["Chill","Rebound"],"picked":"Reinforced Body","floor":10},{"not_picked":["Compile Driver","Beam Cell"],"picked":"Hologram","floor":11},{"not_picked":["Streamline","Steam"],"picked":"Stack","floor":14}],"player_experience":158498,"relics_obtained":[{"floor":6,"key":"Dodecahedron"},{"floor":9,"key":"Mummified Hand"},{"floor":11,"key":"Smiling Mask"}],"event_choices":[{"event_name":"Living Wall","player_choice":"Change","floor":2,"damage_taken":0},{"event_name":"World of Goop","player_choice":"Gather Gold","floor":3,"damage_taken":0},{"event_name":"The Cleric","player_choice":"Healed","floor":13,"damage_taken":0}],"is_beta":false,"boss_relics":[],"items_purged_floors":[],"is_endless":false,"potions_floor_spawned":[4,10,11,14],"killed_by":"Hexaghost","ascension_level":3}