{"gold_per_floor":[109,74,25,25,25,25,58,69,138,138,156,156,175,11,11,108,108,126,126,137,137,148,148,178,178,232,232,232,311,311,329,329,431,431,451,466,34,49,49,76,76,94,119,131,131,131,163,175,187,199,211,223,32,61,61],"floor_reached":55,"playtime":3498,"items_purged":["Strike_R"],"score":828,"play_id":"995d438f-37e6-4fb0-b05f-76b027a35077","local_time":"20190623131200","is_ascension_mode":true,"campfire_choices":[{"floor":6,"key":"DIG"},{"floor":10,"key":"DIG"},{"floor":12,"key":"DIG"},{"floor":15,"key":"DIG"},{"data":"Armaments","floor":23,"key":"SMITH"},{"floor":25,"key":"DIG"},{"floor":28,"key":"DIG"},{"floor":32,"key":"DIG"},{"floor":41,"key":"DIG"},{"floor":45,"key":"RECALL"},{"floor":49,"key":"DIG"},{"floor":52,"key":"DIG"}],"neow_cost":"PERCENT_DAMAGE","seed_source_timestamp":230958750851901,"circlet_count":0,"master_deck":["Strike_R","Strike_R+1","Strike_R","Defend_R","Defend_R","Defend_R","Defend_R","Bash","Sword Boomerang","Pommel Strike+1","Armaments+1","Flex","Feed","Whirlwind","Metallicize","Armaments","Impervious","Iron Wave+1","Shrug It Off+1","Clothesline","Demon Form+1","Pommel Strike+1","Finesse","Madness","Madness","Uppercut","Flex","Demon Form+1","Demon Form+1","Warcry+1"],"relics":["Black Blood","Shovel","CultistMask","Self Forming Clay","Bag of Marbles","Paper Frog","Bag of Preparation","Mummified Hand","Frozen Egg 2","Busted Crown","MutagenicStrength","Smiling Mask","StoneCalendar","Question Card","Letter Opener","Bronze Scales","Lee\u0027s Waffle","Anchor","Omamori","Calipers","Lantern","MawBank","Bird Faced Urn","Ornamental Fan","Happy Flower","Red Skull"],"potions_floor_usage":[13,13,16,22,31,40,46,50,54,54],"damage_taken":[{"damage":4,"enemies":"Jaw Worm","floor":1,"turns":5},{"damage":28,"enemies":"3 Sentries","floor":7,"turns":9},{"damage":0,"enemies":"2 Louse","floor":8,"turns":2},{"damage":0,"enemies":"Cultist","floor":11,"turns":1},{"damage":8,"enemies":"Red Slaver","floor":13,"turns":4},{"damage":38,"enemies":"Hexaghost","floor":16,"turns":14},{"damage":4,"enemies":"Spheric Guardian","floor":18,"turns":7},{"damage":0,"enemies":"3 Byrds","floor":20,"turns":5},{"damage":0,"enemies":"3 Cultists","floor":22,"turns":4},{"damage":15,"enemies":"Slavers","floor":24,"turns":5},{"damage":0,"enemies":"Snecko","floor":31,"turns":3},{"damage":62,"enemies":"Automaton","floor":33,"turns":11},{"damage":12,"enemies":"3 Shapes","floor":35,"turns":6},{"damage":12,"enemies":"3 Darklings","floor":36,"turns":3},{"damage":10,"enemies":"Transient","floor":38,"turns":5},{"damage":27,"enemies":"Nemesis","floor":40,"turns":7},{"damage":12,"enemies":"Sphere and 2 Shapes","floor":42,"turns":7},{"damage":10,"enemies":"3 Darklings","floor":44,"turns":4},{"damage":0,"enemies":"Maw","floor":46,"turns":2},{"damage":18,"enemies":"Giant Head","floor":47,"turns":6},{"damage":54,"enemies":"Time Eater","floor":50,"turns":7},{"damage":104,"enemies":"Shield and Spear","floor":54,"turns":8},{"damage":46,"enemies":"The Heart","floor":55,"turns":2}],"seed_played":"5453905483152553672","potions_obtained":[{"floor":7,"key":"Block Potion"},{"floor":11,"key":"PowerPotion"},{"floor":13,"key":"Regen Potion"},{"floor":18,"key":"GamblersBrew"},{"floor":20,"key":"Energy Potion"},{"floor":33,"key":"Explosive Potion"},{"floor":36,"key":"Ancient Potion"},{"floor":38,"key":"SmokeBomb"},{"floor":44,"key":"GamblersBrew"}],"is_trial":false,"path_per_floor":["M","?","$","?","?","R","E","M","T","R","M","R","M","$","R","B",null,"M","?","M","?","M","R","E","R","T","?","R","T","?","M","R","B",null,"M","M","$","M","?","E","R","M","T","M","R","M","E","?","R","B",null,"R","$","E","B"],"character_chosen":"IRONCLAD","items_purchased":["Pommel Strike","Metallicize","Armaments","Lee\u0027s Waffle","Anchor","Finesse","Happy Flower","PowerPotion"],"campfire_rested":0,"item_purchase_floors":[3,14,14,37,37,37,53,53],"current_hp_per_floor":[58,78,78,62,62,62,40,46,46,46,52,52,50,50,50,33,80,84,84,88,88,91,91,86,86,86,67,67,67,67,76,76,20,103,104,102,113,113,99,82,82,83,83,83,83,93,85,85,85,49,116,116,116,30,0],"gold":61,"neow_bonus":"ONE_RARE_RELIC","is_prod":false,"is_daily":false,"chose_seed":false,"campfire_upgraded":1,"win_rate":1,"timestamp":1561320720,"path_taken":["M","?","$","?","?","R","E","M","T","R","M","R","?","$","R","BOSS","M","?","?","?","M","R","E","R","T","?","R","?","?","M","R","BOSS","M","M","$","M","?","E","R","M","T","M","R","M","E","?","R","BOSS","R","$","E","BOSS"],"build_version":"2019-01-23","purchased_purges":1,"victory":false,"max_hp_per_floor":[80,80,80,80,80,80,80,80,80,80,80,80,80,80,80,80,80,84,84,88,88,91,91,95,95,95,100,100,100,100,103,103,103,103,106,106,113,113,113,113,113,116,116,116,116,116,116,116,116,116,116,116,116,116,116],"card_choices":[{"not_picked":["Heavy Blade","Carnage"],"picked":"Sword Boomerang","floor":1},{"not_picked":["Power Through","Body Slam"],"picked":"Armaments","floor":7},{"not_picked":["Sever Soul","Searing Blow"],"picked":"Flex","floor":8},{"not_picked":["Iron Wave","Spot Weakness"],"picked":"Feed","floor":11},{"not_picked":["Twin Strike","Body Slam"],"picked":"Whirlwind","floor":13},{"not_picked":["Double Tap","Dark Embrace+1"],"picked":"Impervious","floor":16},{"not_picked":["Warcry+1"],"picked":"SKIP","floor":18},{"not_picked":[],"picked":"Iron Wave+1","floor":20},{"not_picked":["Iron Wave"],"picked":"SKIP","floor":22},{"not_picked":[],"picked":"Shrug It Off+1","floor":24},{"not_picked":["Iron Wave"],"picked":"Clothesline","floor":31},{"not_picked":["Fiend Fire"],"picked":"Demon Form+1","floor":33},{"not_picked":["Body Slam+1","Warcry+1"],"picked":"SKIP","floor":35},{"not_picked":["Infernal Blade"],"picked":"Pommel Strike+1","floor":36},{"not_picked":["Body Slam","Dropkick"],"picked":"SKIP","floor":38},{"not_picked":["Burning Pact"],"picked":"Uppercut","floor":40},{"not_picked":["Iron Wave","Feel No Pain+1"],"picked":"SKIP","floor":42},{"not_picked":["Shrug It Off"],"picked":"Flex","floor":44},{"not_picked":["Whirlwind+1"],"picked":"Demon Form+1","floor":47},{"not_picked":["Anger"],"picked":"Warcry+1","floor":54}],"player_experience":12348,"relics_obtained":[{"floor":6,"key":"Self Forming Clay"},{"floor":7,"key":"Bag of Marbles"},{"floor":9,"key":"Paper Frog"},{"floor":10,"key":"Bag of Preparation"},{"floor":12,"key":"Mummified Hand"},{"floor":15,"key":"Frozen Egg 2"},{"floor":24,"key":"Smiling Mask"},{"floor":25,"key":"StoneCalendar"},{"floor":28,"key":"Question Card"},{"floor":29,"key":"Letter Opener"},{"floor":32,"key":"Bronze Scales"},{"floor":40,"key":"Omamori"},{"floor":41,"key":"Calipers"},{"floor":43,"key":"Lantern"},{"floor":47,"key":"MawBank"},{"floor":49,"key":"Bird Faced Urn"},{"floor":52,"key":"Ornamental Fan"},{"floor":54,"key":"Red Skull"}],"event_choices":[{"damage_healed":20,"gold_gain":0,"player_choice":"Healed","damage_taken":0,"max_hp_gain":0,"max_hp_loss":0,"event_name":"The Cleric","floor":2,"gold_loss":35},{"damage_healed":0,"gold_gain":0,"player_choice":"Entered Light","damage_taken":16,"max_hp_gain":0,"max_hp_loss":0,"event_name":"Shining Light","floor":4,"gold_loss":0,"cards_upgraded":["Strike_R","Pommel Strike"]},{"damage_healed":0,"gold_gain":0,"player_choice":"Trade","damage_taken":0,"relics_obtained":["CultistMask"],"max_hp_gain":0,"max_hp_loss":0,"event_name":"FaceTrader","floor":5,"gold_loss":0},{"cards_removed":["Strike_R"],"damage_healed":0,"gold_gain":0,"player_choice":"Offered Basic","damage_taken":0,"max_hp_gain":0,"max_hp_loss":0,"event_name":"Bonfire Elementals","floor":19,"gold_loss":0},{"damage_healed":0,"gold_gain":0,"player_choice":"Inject Mutagens","damage_taken":0,"relics_obtained":["MutagenicStrength"],"max_hp_gain":0,"max_hp_loss":0,"event_name":"Drug Dealer","floor":21,"gold_loss":0},{"damage_healed":0,"gold_gain":0,"player_choice":"Shed Blood","damage_taken":24,"max_hp_gain":5,"max_hp_loss":0,"event_name":"Forgotten Altar","floor":27,"gold_loss":0},{"damage_healed":0,"gold_gain":0,"player_choice":"Ignored","damage_taken":0,"max_hp_gain":0,"max_hp_loss":0,"event_name":"Ghosts","floor":30,"gold_loss":0},{"damage_healed":0,"gold_gain":0,"player_choice":"Embrace Madness","damage_taken":14,"max_hp_gain":0,"max_hp_loss":0,"event_name":"Winding Halls","floor":39,"gold_loss":0,"cards_obtained":["Madness","Madness"]},{"damage_healed":0,"gold_gain":0,"player_choice":"Copied","damage_taken":0,"max_hp_gain":0,"max_hp_loss":0,"event_name":"Duplicator","floor":48,"gold_loss":0,"cards_obtained":["Demon Form"]}],"is_beta":false,"boss_relics":[{"not_picked":["White Beast Statue","Runic Dome"],"picked":"Busted Crown"},{"not_picked":["Sozu","Empty Cage"],"picked":"Black Blood"}],"items_purged_floors":[14],"is_endless":false,"potions_floor_spawned":[7,11,13,18,20,33,36,38,44,46],"killed_by":"The Heart","ascension_level":1}