{"gold_per_floor":[362,75,90,90,109,138,138,138,138,165,165,176,176,176,176,275,575,588,588,588,0,0,0,26,125,149,164,164,164,164,183,183,283,283,301,301,301,11,21,21,51,51,120,220,220,231,244,270,270,270],"floor_reached":50,"playtime":3450,"items_purged":["Shame"],"score":910,"play_id":"5676faef-611d-44b0-a850-54cbf74e85aa","local_time":"20190622143017","is_ascension_mode":true,"campfire_choices":[{"floor":7.0,"key":"REST"},{"data":"Flame Barrier","floor":13.0,"key":"SMITH"},{"data":"Bash","floor":15.0,"key":"SMITH"},{"floor":23.0,"key":"REST"},{"floor":28.0,"key":"REST"},{"data":"Hemokinesis","floor":30.0,"key":"SMITH"},{"data":"Immolate","floor":32.0,"key":"SMITH"},{"floor":40.0,"key":"REST"},{"data":"Whirlwind","floor":42.0,"key":"SMITH"},{"floor":45.0,"key":"RECALL"},{"data":"Brutality","floor":49.0,"key":"SMITH"}],"neow_cost":"PERCENT_DAMAGE","seed_source_timestamp":0,"circlet_count":0,"master_deck":["AscendersBane","Strike_R","Strike_R","Strike_R","Strike_R","Strike_R","Defend_R","Defend_R","Defend_R","Bash+1","Spot Weakness+1","Hemokinesis+1","Flame Barrier+1","Iron Wave","Pummel","Reaper","Headbutt","Clothesline","Immolate+1","Parasite","Pommel Strike","Berserk","True Grit","Whirlwind+1","Limit Break","Second Wind+1","Dark Shackles","Brutality+1","Brutality","Metallicize","Sentinel"],"special_seed":0,"relics":["Burning Blood","Chemical X","Pear","Paper Frog","Thread and Needle","Kunai","Calling Bell","Omamori","Ornamental Fan","Old Coin","Nilry\u0027s Codex","FossilizedHelix","ClockworkSouvenir","Mummified Hand","Gremlin Horn","Regal Pillow","Matryoshka","Mark of Pain","Dead Branch","Strawberry","PreservedInsect","Prayer Wheel","Bag of Preparation"],"potions_floor_usage":[50],"damage_taken":[{"damage":4.0,"enemies":"Small Slimes","floor":1.0,"turns":5.0},{"damage":13.0,"enemies":"Jaw Worm","floor":3.0,"turns":3.0},{"damage":2.0,"enemies":"Cultist","floor":5.0,"turns":5.0},{"damage":38.0,"enemies":"3 Sentries","floor":6.0,"turns":10.0},{"damage":21.0,"enemies":"Lagavulin","floor":10.0,"turns":5.0},{"damage":2.0,"enemies":"Looter","floor":12.0,"turns":3.0},{"damage":42.0,"enemies":"Hexaghost","floor":16.0,"turns":9.0},{"damage":36.0,"enemies":"Shell Parasite","floor":18.0,"turns":5.0},{"damage":38.0,"enemies":"Gremlin Leader","floor":24.0,"turns":7.0},{"damage":24.0,"enemies":"2 Thieves","floor":27.0,"turns":3.0},{"damage":14.0,"enemies":"Cultist and Chosen","floor":31.0,"turns":6.0},{"damage":52.0,"enemies":"Collector","floor":33.0,"turns":9.0},{"damage":2.0,"enemies":"Orb Walker","floor":35.0,"turns":3.0},{"damage":42.0,"enemies":"3 Darklings","floor":39.0,"turns":3.0},{"damage":10.0,"enemies":"Reptomancer","floor":41.0,"turns":6.0},{"damage":8.0,"enemies":"Mind Bloom Boss Battle","floor":44.0,"turns":6.0},{"damage":2.0,"enemies":"Transient","floor":46.0,"turns":5.0},{"damage":0.0,"enemies":"Sphere and 2 Shapes","floor":47.0,"turns":1.0},{"damage":22.0,"enemies":"Giant Head","floor":48.0,"turns":7.0},{"damage":88,"enemies":"Time Eater","floor":50,"turns":8}],"seed_played":"6279783068409900988","potions_obtained":[{"floor":1.0,"key":"Fruit Juice"},{"floor":3.0,"key":"Energy Potion"},{"floor":16.0,"key":"AttackPotion"},{"floor":27.0,"key":"Ancient Potion"},{"floor":33.0,"key":"Strength Potion"},{"floor":41.0,"key":"Fire Potion"}],"is_trial":false,"path_per_floor":["M","$","M","?","M","E","R","T","T","E","?","M","R","?","R","B",null,"M","?","?","$","?","R","E","?","T","M","R","T","R","M","R","B",null,"M","?","?","$","M","R","E","R","T","?","R","M","M","E","R","B"],"character_chosen":"IRONCLAD","items_purchased":["Chemical X","Hemokinesis","PowerPotion","ClockworkSouvenir","Mummified Hand","Berserk","Dead Branch"],"campfire_rested":4,"item_purchase_floors":[2,2,2,21,21,21,38],"current_hp_per_floor":[53,53,51,51,55,33,61,61,61,46,46,50,50,50,50,14,75,45,29,29,29,29,57,37,37,37,35,78,78,78,78,78,32,79,83,83,83,83,47,90,93,93,93,91,91,95,101,87,87,0],"gold":270,"neow_bonus":"TWO_FIFTY_GOLD","is_prod":false,"is_daily":false,"chose_seed":false,"campfire_upgraded":6,"win_rate":0,"timestamp":1561239017,"path_taken":["M","$","M","?","M","E","R","?","T","E","?","?","R","?","R","BOSS","M","?","?","$","?","R","E","?","T","M","R","?","R","?","R","BOSS","M","?","?","$","M","R","E","R","T","?","R","?","M","E","R","BOSS"],"build_version":"2019-01-23","purchased_purges":1,"victory":false,"max_hp_per_floor":[80,80,85,85,85,95,95,95,95,95,95,95,95,95,95,95,95,95,95,95,95,95,95,95,95,95,95,95,95,95,95,95,95,95,95,95,95,95,95,95,102,102,102,102,102,102,102,102,102,102],"card_choices":[{"not_picked":["Evolve","Twin Strike"],"picked":"Spot Weakness","floor":1.0},{"not_picked":["Body Slam","Ghostly Armor"],"picked":"Flame Barrier","floor":3.0},{"not_picked":["Feel No Pain","Thunderclap"],"picked":"Iron Wave","floor":5.0},{"not_picked":["Clothesline","Sever Soul"],"picked":"Pummel","floor":6.0},{"not_picked":["Clash","Flex"],"picked":"Reaper","floor":10.0},{"not_picked":["Cleave","Sword Boomerang"],"picked":"Clothesline","floor":12.0},{"not_picked":["Berserk","Feed"],"picked":"Immolate","floor":16.0},{"not_picked":["Clash","Sword Boomerang"],"picked":"Pommel Strike","floor":18.0},{"not_picked":["Anger","Flex"],"picked":"True Grit","floor":24.0},{"not_picked":["Rage","Twin Strike","Body Slam+1"],"picked":"SKIP","floor":27.0},{"not_picked":["Flex+1","Blood for Blood"],"picked":"Whirlwind","floor":31.0},{"not_picked":["Fiend Fire","Feed"],"picked":"Limit Break","floor":33.0},{"not_picked":["Perfected Strike+1","Dual Wield"],"picked":"Second Wind+1","floor":35.0},{"not_picked":["Forethought","Finesse"],"picked":"Dark Shackles","floor":37.0},{"not_picked":["Cleave+1","Clash","Body Slam"],"picked":"SKIP","floor":39.0},{"not_picked":["Cleave+1","Clash","Body Slam"],"picked":"SKIP","floor":39.0},{"not_picked":["Infernal Blade","Headbutt"],"picked":"Brutality","floor":41.0},{"not_picked":["Flame Barrier","Pommel Strike"],"picked":"Brutality","floor":46.0},{"not_picked":["Armaments","Perfected Strike+1","Wild Strike"],"picked":"SKIP","floor":46.0},{"not_picked":["Wild Strike+1","Perfected Strike"],"picked":"Metallicize","floor":47.0},{"not_picked":["Warcry","Heavy Blade+1","Headbutt+1"],"picked":"SKIP","floor":47.0},{"not_picked":["Spot Weakness","Armaments"],"picked":"Sentinel","floor":48.0}],"player_experience":282715,"relics_obtained":[{"floor":6.0,"key":"Pear"},{"floor":8.0,"key":"Paper Frog"},{"floor":9.0,"key":"Thread and Needle"},{"floor":10.0,"key":"Kunai"},{"floor":17.0,"key":"Omamori"},{"floor":17.0,"key":"Ornamental Fan"},{"floor":17.0,"key":"Old Coin"},{"floor":19.0,"key":"Nilry\u0027s Codex"},{"floor":24.0,"key":"Gremlin Horn"},{"floor":26.0,"key":"Regal Pillow"},{"floor":29.0,"key":"Matryoshka"},{"floor":41.0,"key":"Strawberry"},{"floor":43.0,"key":"PreservedInsect"},{"floor":44.0,"key":"Prayer Wheel"},{"floor":48.0,"key":"Bag of Preparation"}],"event_choices":[{"damage_healed":0.0,"max_hp_gain":0.0,"max_hp_loss":0.0,"gold_gain":0.0,"cards_transformed":["Defend_R"],"event_name":"Living Wall","player_choice":"Change","floor":4.0,"gold_loss":0.0,"damage_taken":0.0,"cards_obtained":["Havoc"]},{"damage_healed":0.0,"max_hp_gain":0.0,"max_hp_loss":0.0,"gold_gain":0.0,"event_name":"Match and Keep!","player_choice":"1 cards matched","floor":11.0,"gold_loss":0.0,"damage_taken":0.0,"cards_obtained":["Headbutt"]},{"damage_healed":0.0,"max_hp_gain":0.0,"max_hp_loss":0.0,"gold_gain":0.0,"event_name":"Upgrade Shrine","player_choice":"Upgraded","floor":14.0,"gold_loss":0.0,"damage_taken":0.0,"cards_upgraded":["Spot Weakness"]},{"damage_healed":0.0,"max_hp_gain":0.0,"max_hp_loss":0.0,"gold_gain":0.0,"event_name":"Cursed Tome","player_choice":"Obtained Book","floor":19.0,"gold_loss":0.0,"damage_taken":16.0},{"damage_healed":0.0,"max_hp_gain":0.0,"max_hp_loss":0.0,"gold_gain":0.0,"event_name":"The Mausoleum","player_choice":"Opened","floor":20.0,"gold_loss":0.0,"damage_taken":0.0,"relics_obtained":["FossilizedHelix"],"cards_obtained":["Writhe"]},{"cards_removed":["Shame"],"damage_healed":0.0,"max_hp_gain":0.0,"max_hp_loss":0.0,"gold_gain":0.0,"event_name":"Back to Basics","player_choice":"Elegance","floor":22.0,"gold_loss":0.0,"damage_taken":0.0},{"damage_healed":0.0,"max_hp_gain":0.0,"max_hp_loss":0.0,"gold_gain":99.0,"event_name":"Nest","player_choice":"Stole From Cult","floor":25.0,"gold_loss":0.0,"damage_taken":0.0},{"cards_removed":["Havoc"],"damage_healed":0.0,"max_hp_gain":0.0,"max_hp_loss":0.0,"gold_gain":0.0,"event_name":"Falling","player_choice":"Removed Skill","floor":36.0,"gold_loss":0.0,"damage_taken":0.0},{"damage_healed":0.0,"max_hp_gain":0.0,"max_hp_loss":0.0,"gold_gain":0.0,"event_name":"SensoryStone","player_choice":"Memory 1","floor":37.0,"gold_loss":0.0,"damage_taken":0.0},{"damage_healed":0.0,"max_hp_gain":0.0,"max_hp_loss":0.0,"gold_gain":0.0,"event_name":"MindBloom","player_choice":"Fight","floor":44.0,"gold_loss":0.0,"damage_taken":0.0}],"is_beta":false,"boss_relics":[{"not_picked":["Philosopher\u0027s Stone","Sozu"],"picked":"Calling Bell"},{"not_picked":["White Beast Statue","Black Star"],"picked":"Mark of Pain"}],"items_purged_floors":[21],"is_endless":false,"potions_floor_spawned":[1,3,6,16,27,33,39,41],"killed_by":"Time Eater","ascension_level":12}