{"gold_per_floor":[114,57,132,132,282,282,282,6,59,87,140,152,178,213,225,335,347,377,389,414,341,37,37,37,37,37,37,37,37,80,98,98,98],"floor_reached":33,"playtime":1188,"items_purged":["Doubt"],"score":554,"play_id":"a9327413-c593-4d31-b677-5e2c50bd084e","local_time":"20190104133153","is_ascension_mode":true,"campfire_choices":[{"data":"Iron Wave","floor":6,"key":"SMITH"},{"data":"Bludgeon","floor":15,"key":"SMITH"},{"data":"Ghostly Armor","floor":23,"key":"SMITH"},{"data":"Ghostly Armor","floor":25,"key":"SMITH"},{"data":"Power Through","floor":27,"key":"SMITH"},{"floor":29,"key":"REST"},{"floor":32,"key":"REST"}],"neow_cost":"NONE","seed_source_timestamp":3194516061031,"circlet_count":0,"master_deck":["AscendersBane","Strike_R+1","Strike_R+1","Strike_R+1","Strike_R+1","Strike_R+1","Defend_R+1","Defend_R+1","Defend_R+1","Defend_R+1","Bash+1","Iron Wave+1","Anger","Ghostly Armor+1","Sword Boomerang","Clothesline","Ghostly Armor+1","Headbutt","Bludgeon+1","Offering","Power Through+1","Second Wind"],"relics":["Burning Blood","NeowsBlessing","Golden Idol","MawBank","Anchor","Regal Pillow","Velvet Choker","Paper Frog","Calipers","Pantograph","Enchiridion","Boot"],"potions_floor_usage":[30,33],"damage_taken":[{"damage":0,"enemies":"2 Louse","floor":1,"turns":1},{"damage":0,"enemies":"Small Slimes","floor":10,"turns":1},{"damage":0,"enemies":"3 Sentries","floor":11,"turns":1},{"damage":0,"enemies":"Jaw Worm","floor":13,"turns":3},{"damage":18,"enemies":"Exordium Thugs","floor":14,"turns":6},{"damage":18,"enemies":"Slime Boss","floor":16,"turns":8},{"damage":6,"enemies":"Chosen","floor":18,"turns":2},{"damage":8,"enemies":"3 Byrds","floor":20,"turns":6},{"damage":36,"enemies":"Slavers","floor":30,"turns":10},{"damage":13,"enemies":"Snake Plant","floor":31,"turns":4},{"damage":119,"enemies":"Automaton","floor":33,"turns":12}],"seed_played":"-5117964296436851830","potions_obtained":[{"floor":11,"key":"Weak Potion"},{"floor":14,"key":"BloodPotion"},{"floor":30,"key":"SneckoOil"}],"is_trial":false,"path_per_floor":["M","$","?","?","?","R","?","$","T","M","E","?","M","M","R","B",null,"M","?","M","?","$","R","?","R","T","R","?","R","E","M","R","B"],"character_chosen":"IRONCLAD","items_purchased":["Iron Wave","Anger","Ghostly Armor","Sword Boomerang","Calipers"],"campfire_rested":2,"item_purchase_floors":[2,8,8,8,22],"current_hp_per_floor":[74,74,63,63,63,63,63,63,63,68,68,33,39,27,27,15,55,55,55,53,53,53,53,53,53,53,53,32,67,37,30,65,0],"gold":98,"neow_bonus":"THREE_ENEMY_KILL","is_prod":false,"is_daily":false,"chose_seed":false,"campfire_upgraded":5,"win_rate":0,"timestamp":1546619513,"path_taken":["M","$","?","?","?","R","?","$","T","M","E","?","M","M","R","BOSS","M","?","M","?","$","R","?","R","T","R","?","R","E","?","R","BOSS"],"build_version":"2019-01-03v3","purchased_purges":1,"victory":false,"max_hp_per_floor":[75,75,75,75,75,75,68,68,68,68,68,68,68,68,68,68,68,68,68,68,68,68,68,68,68,68,68,68,68,68,68,68,68],"card_choices":[{"not_picked":["Perfected Strike","Bloodletting","Flex"],"picked":"SKIP","floor":1},{"not_picked":["Iron Wave","Armaments"],"picked":"Clothesline","floor":10},{"not_picked":["Pommel Strike","Havoc"],"picked":"Ghostly Armor","floor":11},{"not_picked":["Sentinel","Twin Strike"],"picked":"Headbutt","floor":13},{"not_picked":["Metallicize","Anger"],"picked":"Bludgeon","floor":14},{"not_picked":["Barricade","Immolate"],"picked":"Offering","floor":16},{"not_picked":["Dual Wield","Searing Blow"],"picked":"Power Through","floor":18},{"not_picked":["Clothesline+1","Flex","Warcry"],"picked":"SKIP","floor":20},{"not_picked":["Hemokinesis","Body Slam"],"picked":"Second Wind","floor":30},{"not_picked":["Headbutt","Havoc","Burning Pact+1"],"picked":"SKIP","floor":31}],"player_experience":704773,"relics_obtained":[{"floor":9,"key":"MawBank"},{"floor":11,"key":"Anchor"},{"floor":26,"key":"Pantograph"},{"floor":28,"key":"Enchiridion"},{"floor":30,"key":"Boot"}],"event_choices":[{"damage_healed":0,"gold_gain":75,"player_choice":"Gather Gold","damage_taken":11,"max_hp_gain":0,"max_hp_loss":0,"event_name":"World of Goop","floor":3,"gold_loss":0},{"damage_healed":0,"gold_gain":0,"player_choice":"Grow","damage_taken":0,"max_hp_gain":0,"max_hp_loss":0,"event_name":"Living Wall","floor":4,"gold_loss":0,"cards_upgraded":["Bash"]},{"damage_healed":0,"gold_gain":150,"player_choice":"AGREE","damage_taken":0,"max_hp_gain":0,"max_hp_loss":0,"event_name":"Liars Game","floor":5,"gold_loss":0,"cards_obtained":["Doubt"]},{"damage_healed":0,"gold_gain":0,"player_choice":"Lose Max HP","damage_taken":0,"relics_obtained":["Golden Idol"],"max_hp_gain":0,"max_hp_loss":7,"event_name":"Golden Idol","floor":7,"gold_loss":0},{"damage_healed":0,"gold_gain":0,"player_choice":"Success","damage_taken":35,"relics_obtained":["Regal Pillow"],"max_hp_gain":0,"max_hp_loss":0,"event_name":"Scrap Ooze","floor":12,"gold_loss":0},{"damage_healed":0,"gold_gain":0,"player_choice":"Ignored","damage_taken":0,"max_hp_gain":0,"max_hp_loss":0,"event_name":"Vampires","floor":19,"gold_loss":0},{"damage_healed":0,"gold_gain":0,"player_choice":"Obtained Relic","damage_taken":0,"relics_obtained":["Paper Frog"],"max_hp_gain":0,"max_hp_loss":0,"event_name":"Addict","floor":21,"gold_loss":85},{"damage_healed":0,"gold_gain":0,"player_choice":"Simplicity","damage_taken":0,"max_hp_gain":0,"max_hp_loss":0,"event_name":"Back to Basics","floor":24,"gold_loss":0,"cards_upgraded":["Strike_R","Strike_R","Strike_R","Strike_R","Strike_R","Defend_R","Defend_R","Defend_R","Defend_R"]},{"damage_healed":0,"gold_gain":0,"player_choice":"Obtained Book","damage_taken":21,"max_hp_gain":0,"max_hp_loss":0,"event_name":"Cursed Tome","floor":28,"gold_loss":0}],"is_beta":false,"boss_relics":[{"not_picked":["Runic Pyramid","Runic Cube"],"picked":"Velvet Choker"}],"items_purged_floors":[8],"is_endless":false,"potions_floor_spawned":[11,14,30],"killed_by":"Automaton","ascension_level":19}