{"gold_per_floor":[12,24,36,36,36,76,97,133,158,158,179,179,27,48,48,173,173,173,173,19,19,19,19],"floor_reached":23,"playtime":1095,"items_purged":["Injury"],"score":350,"play_id":"97398e02-6ff6-4b4a-b7c9-ea446850e2b3","local_time":"20190503173542","is_ascension_mode":true,"campfire_choices":[{"floor":12,"key":"REST"},{"floor":15,"key":"REST"}],"neow_cost":"NO_GOLD","seed_source_timestamp":171144554914711,"circlet_count":0,"master_deck":["AscendersBane","Defend_G","Defend_G","Defend_G","Defend_G","Defend_G","Strike_G+1","Strike_G+1","Strike_G","Strike_G","Strike_G","Survivor","Neutralize","Cloak And Dagger","Predator+1","Footwork","Corpse Explosion","Dagger Spray+1","Well Laid Plans","Dagger Spray","Cloak And Dagger","Bullet Time","All Out Attack","Predator","Crippling Poison","Poisoned Stab","Caltrops","Sucker Punch"],"relics":["Ring of the Snake","Mango","Mummified Hand","Golden Idol","Bag of Marbles","Potion Belt","Whetstone","Ectoplasm","Nilry\u0027s Codex"],"potions_floor_usage":[8,11,14,23,23,23],"damage_taken":[{"damage":1,"enemies":"Cultist","floor":1,"turns":5},{"damage":1,"enemies":"Jaw Worm","floor":2,"turns":6},{"damage":0,"enemies":"2 Louse","floor":3,"turns":2},{"damage":27,"enemies":"3 Sentries","floor":6,"turns":12},{"damage":6,"enemies":"Looter","floor":7,"turns":4},{"damage":18,"enemies":"Gremlin Nob","floor":8,"turns":4},{"damage":0,"enemies":"Exordium Wildlife","floor":11,"turns":3},{"damage":7,"enemies":"3 Louse","floor":14,"turns":3},{"damage":39,"enemies":"Slime Boss","floor":16,"turns":10},{"damage":9,"enemies":"3 Byrds","floor":18,"turns":3},{"damage":34,"enemies":"Shell Parasite","floor":19,"turns":5},{"damage":1,"enemies":"Cultist and Chosen","floor":21,"turns":3},{"damage":15,"enemies":"Book of Stabbing","floor":23,"turns":2}],"seed_played":"-1064159208838414462","potions_obtained":[{"floor":2,"key":"SkillPotion"},{"floor":6,"key":"Ancient Potion"},{"floor":14,"key":"Fruit Juice"},{"floor":16,"key":"PowerPotion"},{"floor":19,"key":"Dexterity Potion"}],"is_trial":false,"path_per_floor":["M","M","M","?","?","E","M","E","T","?","M","R","$","M","R","B",null,"M","M","$","M","?","E"],"character_chosen":"THE_SILENT","items_purchased":["Regen Potion","Crippling Poison","Poisoned Stab","Caltrops"],"campfire_rested":2,"item_purchase_floors":[13,20,20,20],"current_hp_per_floor":[76,75,75,72,72,45,39,21,21,4,4,29,29,27,53,14,70,61,27,27,26,10,0],"gold":19,"neow_bonus":"ONE_RARE_RELIC","is_prod":false,"is_daily":false,"chose_seed":false,"campfire_upgraded":0,"win_rate":0,"timestamp":1556919342,"path_taken":["M","?","M","?","?","E","M","E","T","?","M","R","$","M","R","BOSS","M","M","$","M","?","E"],"build_version":"2019-01-23","purchased_purges":1,"victory":false,"max_hp_per_floor":[84,84,84,84,84,84,84,84,84,84,84,84,84,89,89,89,89,89,89,89,89,89,89],"card_choices":[{"not_picked":["Bane","Blur"],"picked":"Cloak And Dagger","floor":1},{"not_picked":["Deadly Poison","Flying Knee"],"picked":"Predator","floor":2},{"not_picked":["Acrobatics","Endless Agony"],"picked":"Footwork","floor":3},{"not_picked":["Deadly Poison","Caltrops"],"picked":"Corpse Explosion","floor":6},{"not_picked":["Escape Plan","Terror"],"picked":"Dagger Spray","floor":7},{"not_picked":["Flechettes","Bane"],"picked":"Well Laid Plans","floor":8},{"not_picked":["Calculated Gamble","Blur"],"picked":"Dagger Spray","floor":11},{"not_picked":["Sucker Punch","Bane"],"picked":"Cloak And Dagger","floor":14},{"not_picked":["Adrenaline","Envenom"],"picked":"Bullet Time","floor":16},{"not_picked":["Dodge and Roll","Acrobatics"],"picked":"All Out Attack","floor":18},{"not_picked":["Poisoned Stab","Acrobatics"],"picked":"Predator","floor":19},{"not_picked":["Phantasmal Killer","PiercingWail"],"picked":"Sucker Punch","floor":21}],"player_experience":478129,"relics_obtained":[{"floor":6,"key":"Bag of Marbles"},{"floor":8,"key":"Potion Belt"},{"floor":9,"key":"Whetstone"},{"floor":22,"key":"Nilry\u0027s Codex"}],"event_choices":[{"damage_healed":0,"gold_gain":0,"player_choice":"Success","damage_taken":3,"relics_obtained":["Mummified Hand"],"max_hp_gain":0,"max_hp_loss":0,"event_name":"Scrap Ooze","floor":4,"gold_loss":0},{"damage_healed":0,"gold_gain":0,"player_choice":"Take Wound","damage_taken":0,"relics_obtained":["Golden Idol"],"max_hp_gain":0,"max_hp_loss":0,"event_name":"Golden Idol","floor":5,"gold_loss":0,"cards_obtained":["Injury"]},{"damage_healed":0,"gold_gain":0,"player_choice":"Entered Light","damage_taken":17,"max_hp_gain":0,"max_hp_loss":0,"event_name":"Shining Light","floor":10,"gold_loss":0,"cards_upgraded":["Strike_G","Predator"]},{"damage_healed":0,"gold_gain":0,"player_choice":"Obtained Book","damage_taken":16,"max_hp_gain":0,"max_hp_loss":0,"event_name":"Cursed Tome","floor":22,"gold_loss":0}],"is_beta":false,"boss_relics":[{"not_picked":["Pandora\u0027s Box","Tiny House"],"picked":"Ectoplasm"}],"items_purged_floors":[13],"is_endless":false,"potions_floor_spawned":[2,6,14,16,19],"killed_by":"Book of Stabbing","ascension_level":12}