{"gold_per_floor":[116,134,99,99,119,119,147,147,147,176,195,207,218,250,250,325,325,339,350,350],"floor_reached":20,"playtime":1600,"items_purged":[],"score":382,"play_id":"69aba6cb-eebe-4db1-a400-848948f8f6e7","local_time":"20190104010741","is_ascension_mode":true,"campfire_choices":[{"data":"Bash","floor":6,"key":"SMITH"},{"data":"Hemokinesis","floor":8,"key":"SMITH"},{"floor":15,"key":"REST"}],"neow_cost":"TEN_PERCENT_HP_LOSS","seed_source_timestamp":46121499787457,"circlet_count":0,"master_deck":["AscendersBane","Strike_R","Strike_R","Strike_R","Strike_R","Strike_R","Defend_R","Defend_R","Defend_R","Defend_R","Bash+1","Twin Strike","Impervious","Cleave","Hemokinesis+1","Armaments","Blood for Blood","Inflame","Limit Break"],"relics":["Burning Blood","Incense Burner","Letter Opener","Smiling Mask","Sundial","Ornamental Fan","Molten Egg 2","Busted Crown"],"potions_floor_usage":[5,16,16,19],"damage_taken":[{"damage":18,"enemies":"Jaw Worm","floor":1,"turns":6},{"damage":11,"enemies":"Small Slimes","floor":2,"turns":5},{"damage":6,"enemies":"Cultist","floor":5,"turns":3},{"damage":9,"enemies":"Gremlin Nob","floor":7,"turns":5},{"damage":33,"enemies":"Lagavulin","floor":10,"turns":5},{"damage":14,"enemies":"3 Louse","floor":11,"turns":4},{"damage":2,"enemies":"Exordium Wildlife","floor":12,"turns":3},{"damage":11,"enemies":"Lots of Slimes","floor":13,"turns":4},{"damage":20,"enemies":"3 Sentries","floor":14,"turns":8},{"damage":32,"enemies":"Hexaghost","floor":16,"turns":9},{"damage":19,"enemies":"2 Thieves","floor":18,"turns":4},{"damage":21,"enemies":"3 Byrds","floor":19,"turns":5},{"damage":33,"enemies":"3 Cultists","floor":20,"turns":3}],"seed_played":"-1389503233531006219","potions_obtained":[{"floor":1,"key":"LiquidBronze"},{"floor":2,"key":"Swift Potion"},{"floor":11,"key":"FearPotion"},{"floor":12,"key":"SpeedPotion"},{"floor":16,"key":"Poison Potion"}],"is_trial":false,"path_per_floor":["M","M","?","T","M","R","E","R","T","E","M","M","M","E","R","B",null,"M","M","M"],"character_chosen":"IRONCLAD","items_purchased":[],"campfire_rested":1,"item_purchase_floors":[],"current_hp_per_floor":[56,51,68,68,68,68,65,65,65,38,30,34,29,15,35,9,53,40,25,0],"gold":350,"neow_bonus":"ONE_RARE_RELIC","is_prod":false,"is_daily":false,"chose_seed":false,"campfire_upgraded":2,"win_rate":0,"timestamp":1546574861,"path_taken":["M","M","?","?","M","R","E","R","T","E","M","?","M","E","R","BOSS","M","M","M"],"build_version":"2019-01-03","purchased_purges":0,"victory":false,"max_hp_per_floor":[68,68,68,68,68,68,68,68,68,68,68,68,68,68,68,68,68,68,68,68],"card_choices":[{"not_picked":["Headbutt","Body Slam"],"picked":"Twin Strike","floor":1},{"not_picked":["Headbutt","Thunderclap"],"picked":"Impervious","floor":2},{"not_picked":["Rupture","Clothesline"],"picked":"Cleave","floor":5},{"not_picked":["Havoc","True Grit"],"picked":"Hemokinesis","floor":7},{"not_picked":["Havoc","Clash"],"picked":"Armaments","floor":10},{"not_picked":["Perfected Strike","Cleave","Sentinel"],"picked":"SKIP","floor":11},{"not_picked":["Twin Strike","Clash","Body Slam"],"picked":"SKIP","floor":12},{"not_picked":["Pummel","Clash"],"picked":"Blood for Blood","floor":13},{"not_picked":["Twin Strike","Hemokinesis"],"picked":"Inflame","floor":14},{"not_picked":["Barricade","Brutality"],"picked":"Limit Break","floor":16},{"not_picked":["Corruption"],"picked":"SKIP","floor":18},{"not_picked":["Clash+1"],"picked":"SKIP","floor":19}],"player_experience":700074,"relics_obtained":[{"floor":4,"key":"Letter Opener"},{"floor":7,"key":"Smiling Mask"},{"floor":9,"key":"Sundial"},{"floor":10,"key":"Ornamental Fan"},{"floor":14,"key":"Molten Egg 2"}],"event_choices":[{"damage_healed":17,"gold_gain":0,"player_choice":"Healed","damage_taken":0,"max_hp_gain":0,"max_hp_loss":0,"event_name":"The Cleric","floor":3,"gold_loss":35}],"is_beta":false,"boss_relics":[{"not_picked":["Fusion Hammer","Runic Pyramid"],"picked":"Busted Crown"}],"items_purged_floors":[],"is_endless":false,"potions_floor_spawned":[1,2,11,12,16],"killed_by":"3 Cultists","ascension_level":19}