{"gold_per_floor":[109,122,142,142,160,192,192,251,251,251,216,216,216,240,240,340,340,354,381,381,399,399,399,413,413,438,462,387,387,400,420,420,420],"floor_reached":33,"playtime":1738,"items_purged":[],"score":342,"play_id":"de7e7c23-1bae-48a4-b9f0-e17fc25e3ee5","local_time":"20190121215458","is_ascension_mode":true,"campfire_choices":[{"data":"Neutralize","floor":7,"key":"SMITH"},{"floor":10,"key":"REST"},{"floor":13,"key":"REST"},{"data":"Predator","floor":15,"key":"SMITH"},{"floor":23,"key":"REST"},{"floor":25,"key":"REST"},{"floor":32,"key":"REST"}],"neow_cost":"NONE","seed_source_timestamp":1101427897430894,"circlet_count":0,"master_deck":["Defend_G","Defend_G","Defend_G","Defend_G","Defend_G","Strike_G","Strike_G","Strike_G","Strike_G","Survivor","Neutralize+1","Dagger Throw","Bouncing Flask","Predator+1","Escape Plan","Deadly Poison","Distraction","A Thousand Cuts","Dagger Throw+1","Noxious Fumes+1","Blur","Poisoned Stab+1","Writhe","Dagger Spray+1","Prepared"],"relics":["Ring of the Snake","Orichalcum","Tiny Chest","Oddly Smooth Stone","Molten Egg 2","Bag of Preparation","Sozu","Red Mask","Vajra","Bag of Marbles","Boot"],"potions_floor_usage":[19,22,22],"damage_taken":[{"damage":1,"enemies":"Jaw Worm","floor":1,"turns":5},{"damage":1,"enemies":"2 Louse","floor":2,"turns":3},{"damage":0,"enemies":"Small Slimes","floor":3,"turns":3},{"damage":0,"enemies":"2 Fungi Beasts","floor":5,"turns":4},{"damage":20,"enemies":"Gremlin Nob","floor":6,"turns":4},{"damage":26,"enemies":"Lagavulin","floor":8,"turns":5},{"damage":14,"enemies":"The Guardian","floor":16,"turns":9},{"damage":7,"enemies":"Spheric Guardian","floor":18,"turns":3},{"damage":42,"enemies":"Masked Bandits","floor":19,"turns":5},{"damage":0,"enemies":"Chosen","floor":21,"turns":4},{"damage":19,"enemies":"Colosseum Slavers","floor":22,"turns":4},{"damage":10,"enemies":"Centurion and Healer","floor":24,"turns":6},{"damage":3,"enemies":"Snake Plant","floor":30,"turns":3},{"damage":0,"enemies":"3 Cultists","floor":31,"turns":3},{"damage":72,"enemies":"Automaton","floor":33,"turns":8}],"seed_played":"-2117169970259914311","potions_obtained":[{"floor":3,"key":"GamblersBrew"},{"floor":8,"key":"Energy Potion"},{"floor":16,"key":"Explosive Potion"}],"is_trial":false,"path_per_floor":["M","M","M","?","M","E","R","E","T","R","?","?","R","T","R","B",null,"M","?","?","M","?","R","M","R","T","T","?","?","M","M","R","B"],"character_chosen":"THE_SILENT","items_purchased":[],"campfire_rested":5,"item_purchase_floors":[],"current_hp_per_floor":[69,68,68,73,73,53,53,27,27,51,71,38,62,62,62,48,74,67,25,25,25,6,30,20,44,44,44,44,44,41,41,65,0],"gold":420,"neow_bonus":"TEN_PERCENT_HP_BONUS","is_prod":false,"is_daily":false,"chose_seed":false,"campfire_upgraded":2,"win_rate":0,"timestamp":1548125698,"path_taken":["M","M","M","?","M","E","R","E","T","R","?","?","R","?","R","BOSS","M","?","?","M","?","R","M","R","T","?","?","?","?","M","R","BOSS"],"build_version":"2019-01-17v2","purchased_purges":0,"victory":false,"max_hp_per_floor":[77,77,77,82,82,82,82,82,82,82,82,82,82,82,82,82,82,82,82,82,82,82,82,82,82,82,82,82,82,82,82,82,82],"card_choices":[{"not_picked":["Dodge and Roll","Infinite Blades"],"picked":"Dagger Throw","floor":1},{"not_picked":["Setup","Underhanded Strike"],"picked":"Bouncing Flask","floor":2},{"not_picked":["Riddle With Holes","Distraction"],"picked":"Predator","floor":3},{"not_picked":["Slice","Deflect"],"picked":"Escape Plan","floor":5},{"not_picked":["Concentrate","Distraction"],"picked":"Deadly Poison","floor":6},{"not_picked":["Outmaneuver","Eviscerate"],"picked":"Distraction","floor":8},{"not_picked":["Envenom","Storm of Steel"],"picked":"A Thousand Cuts","floor":16},{"not_picked":["Dodge and Roll","Endless Agony+1"],"picked":"Dagger Throw+1","floor":18},{"not_picked":["Finisher+1","Prepared+1"],"picked":"Noxious Fumes+1","floor":19},{"not_picked":["Escape Plan","Heel Hook+1"],"picked":"Blur","floor":21},{"not_picked":["Outmaneuver","Noxious Fumes"],"picked":"Poisoned Stab+1","floor":24},{"not_picked":["Slice+1","Dagger Throw+1"],"picked":"Dagger Spray+1","floor":30},{"not_picked":["Poisoned Stab+1","Quick Slash+1"],"picked":"Prepared","floor":31}],"player_experience":167305,"relics_obtained":[{"floor":6,"key":"Orichalcum"},{"floor":8,"key":"Tiny Chest"},{"floor":9,"key":"Oddly Smooth Stone"},{"floor":14,"key":"Bag of Preparation"},{"floor":19,"key":"Red Mask"},{"floor":26,"key":"Vajra"},{"floor":27,"key":"Bag of Marbles"}],"event_choices":[{"damage_healed":0,"gold_gain":0,"player_choice":"Donut","damage_taken":0,"max_hp_gain":5,"max_hp_loss":0,"event_name":"Big Fish","floor":4,"gold_loss":0},{"damage_healed":20,"gold_gain":0,"player_choice":"Healed","damage_taken":0,"max_hp_gain":0,"max_hp_loss":0,"event_name":"The Cleric","floor":11,"gold_loss":35},{"damage_healed":0,"gold_gain":0,"player_choice":"Success","damage_taken":33,"relics_obtained":["Molten Egg 2"],"max_hp_gain":0,"max_hp_loss":0,"event_name":"Scrap Ooze","floor":12,"gold_loss":0},{"damage_healed":0,"gold_gain":0,"player_choice":"Fought Bandits","damage_taken":0,"max_hp_gain":0,"max_hp_loss":0,"event_name":"Masked Bandits","floor":19,"gold_loss":0},{"damage_healed":0,"gold_gain":0,"player_choice":"Ignored","damage_taken":0,"max_hp_gain":0,"max_hp_loss":0,"event_name":"Vampires","floor":20,"gold_loss":0},{"damage_healed":0,"gold_gain":0,"player_choice":"Fight","damage_taken":0,"max_hp_gain":0,"max_hp_loss":0,"event_name":"Colosseum","floor":22,"gold_loss":0},{"damage_healed":0,"gold_gain":0,"player_choice":"Fled From Nobs","damage_taken":0,"max_hp_gain":0,"max_hp_loss":0,"event_name":"Colosseum","floor":22,"gold_loss":0},{"cards_removed":["Strike_G"],"damage_healed":0,"gold_gain":0,"player_choice":"Gave Gold","damage_taken":0,"max_hp_gain":0,"max_hp_loss":0,"event_name":"Beggar","floor":28,"gold_loss":75},{"damage_healed":0,"gold_gain":0,"player_choice":"Opened","damage_taken":0,"relics_obtained":["Boot"],"max_hp_gain":0,"max_hp_loss":0,"event_name":"The Mausoleum","floor":29,"gold_loss":0,"cards_obtained":["Writhe"]}],"is_beta":false,"boss_relics":[{"not_picked":["Orrery","Snecko Eye"],"picked":"Sozu"}],"items_purged_floors":[],"is_endless":false,"potions_floor_spawned":[3,8,16,18,19,22,24],"killed_by":"Automaton","ascension_level":7}