{"gold_per_floor":[114,114,189,204,219,219,249,249,249,279,279,294,324,354,354,454,454,469,104,104,66,81,111,126,156,181,196,196,226,241,271,271,371,371,386,401,401,401,67,97,97,127,152,152,177,207,207,207],"floor_reached":48,"playtime":2462,"items_purged":[],"score":664,"play_id":"f997e566-b117-4f6d-bed3-1895f499e654","local_time":"20181201225726","daily_mods":["Heirloom","Blue Cards","Elite Swarm"],"is_ascension_mode":false,"campfire_choices":[{"floor":6,"key":"REST"},{"data":"Bash","floor":8,"key":"SMITH"},{"floor":11,"key":"REST"},{"floor":15,"key":"REST"},{"data":"Chrysalis","floor":32,"key":"SMITH"},{"floor":44,"key":"REST"},{"floor":47,"key":"REST"}],"neow_cost":"","seed_source_timestamp":0,"circlet_count":0,"master_deck":["Strike_R+1","Strike_R","Strike_R","Strike_R","Strike_R","Defend_R+1","Defend_R","Defend_R","Defend_R+1","Bash+1","Spot Weakness","Clash","Uppercut","Impervious","Reaper","Coolheaded+1","Hyperbeam","Regret","Bludgeon","Shame","Clumsy","Shame","Cleave","Chrysalis+1","Heavy Blade","Reaper","Flash of Steel","Bash","Corruption","Ball Lightning","Reaper","Ball Lightning+1","Exhume","Havoc","Hyperbeam+1","Sword Boomerang+1","Creative AI","Impervious","Twin Strike+1","Whirlwind+1","Madness","Madness","Uppercut+1","Echo Form","Feed+1","Meteor Strike+1"],"special_seed":17867,"relics":["Black Blood","Calipers","Anchor","Red Skull","PreservedInsect","Orichalcum","Tiny Chest","Calling Bell","Vajra","Paper Frog","Incense Burner","War Paint","Pear","Nunchaku","Omamori","MutagenicStrength","Molten Egg 2","Magic Flower","FossilizedHelix","Shovel","Oddly Smooth Stone","Centennial Puzzle","Ancient Tea Set","Unceasing Top"],"potions_floor_usage":[7,16,24,29,31,33,36,41,42,46,48],"damage_taken":[{"damage":11,"enemies":"Jaw Worm","floor":1,"turns":3},{"damage":0,"enemies":"Small Slimes","floor":4,"turns":3},{"damage":0,"enemies":"Cultist","floor":5,"turns":3},{"damage":5,"enemies":"Gremlin Nob","floor":7,"turns":3},{"damage":47,"enemies":"Lagavulin","floor":10,"turns":7},{"damage":27,"enemies":"Exordium Thugs","floor":12,"turns":6},{"damage":28,"enemies":"Gremlin Nob","floor":13,"turns":4},{"damage":62,"enemies":"Hexaghost","floor":16,"turns":11},{"damage":23,"enemies":"2 Thieves","floor":18,"turns":4},{"damage":13,"enemies":"Shell Parasite","floor":22,"turns":8},{"damage":12,"enemies":"Gremlin Leader","floor":23,"turns":6},{"damage":32,"enemies":"Snake Plant","floor":24,"turns":5},{"damage":43,"enemies":"Slavers","floor":25,"turns":5},{"damage":9,"enemies":"Snecko","floor":27,"turns":4},{"damage":11,"enemies":"Book of Stabbing","floor":29,"turns":5},{"damage":4,"enemies":"Cultist and Chosen","floor":30,"turns":4},{"damage":4,"enemies":"Gremlin Leader","floor":31,"turns":3},{"damage":80,"enemies":"Automaton","floor":33,"turns":12},{"damage":16,"enemies":"3 Shapes","floor":35,"turns":5},{"damage":27,"enemies":"3 Darklings","floor":36,"turns":5},{"damage":56,"enemies":"Reptomancer","floor":40,"turns":6},{"damage":0,"enemies":"Transient","floor":41,"turns":5},{"damage":64,"enemies":"Giant Head","floor":42,"turns":10},{"damage":89,"enemies":"Reptomancer","floor":46,"turns":9},{"damage":58,"enemies":"Nemesis","floor":48,"turns":8}],"seed_played":"-7513026677109115873","potions_obtained":[{"floor":1,"key":"FearPotion"},{"floor":4,"key":"Strength Potion"},{"floor":12,"key":"SmokeBomb"},{"floor":23,"key":"Ancient Potion"},{"floor":24,"key":"EssenceOfSteel"},{"floor":29,"key":"Block Potion"},{"floor":30,"key":"Poison Potion"},{"floor":33,"key":"BloodPotion"},{"floor":35,"key":"Energy Potion"},{"floor":42,"key":"Block Potion"},{"floor":46,"key":"EssenceOfSteel"}],"is_trial":false,"path_per_floor":["M","?","?","M","M","R","E","R","T","E","R","M","E","?","R","B",null,"M","$","?","$","M","E","M","E","T","M","?","E","M","E","R","B",null,"M","M","?","?","$","E","M","E","T","R","T","E","R","E"],"character_chosen":"IRONCLAD","items_purchased":["Chrysalis","Heavy Blade","War Paint","Corruption","FossilizedHelix","Uppercut+1"],"campfire_rested":5,"item_purchase_floors":[19,19,19,21,39,39],"current_hp_per_floor":[75,59,48,54,60,80,80,80,80,39,63,50,34,34,58,15,80,63,63,63,63,64,84,58,46,46,66,66,69,71,73,73,25,90,90,90,79,79,79,58,73,38,38,65,65,25,52,0],"gold":207,"neow_bonus":"","is_prod":false,"is_daily":true,"chose_seed":false,"campfire_upgraded":2,"win_rate":0,"timestamp":1543723046,"path_taken":["M","?","?","M","M","R","E","R","T","E","R","M","E","?","R","BOSS","M","$","?","?","M","E","?","E","T","M","?","E","M","E","R","BOSS","M","M","?","?","$","E","M","E","T","R","?","E","R","E"],"build_version":"2018-11-15","purchased_purges":0,"victory":false,"max_hp_per_floor":[80,80,80,80,80,80,80,80,80,80,80,80,80,80,80,80,80,80,80,80,80,80,90,90,90,90,90,90,90,90,90,90,90,90,90,90,90,90,90,90,90,90,90,90,90,90,90,90],"card_choices":[{"not_picked":["Glacier","Double Energy"],"picked":"Spot Weakness","floor":1},{"not_picked":["Go for the Eyes","Barrage"],"picked":"Clash","floor":4},{"not_picked":["Wild Strike","Perfected Strike"],"picked":"Uppercut","floor":5},{"not_picked":["Reboot","Multi-Cast"],"picked":"Impervious","floor":7},{"not_picked":["Multi-Cast","Thunder Strike"],"picked":"Reaper","floor":10},{"not_picked":["Pommel Strike","Leap"],"picked":"Coolheaded","floor":12},{"not_picked":["Reaper","Amplify"],"picked":"Hyperbeam","floor":13},{"not_picked":["Biased Cognition","Meteor Strike"],"picked":"Bludgeon","floor":16},{"not_picked":["Redo","Clash"],"picked":"Cleave","floor":18},{"not_picked":["Flame Barrier","Steam Power"],"picked":"Ball Lightning","floor":22},{"not_picked":["All For One","Multi-Cast"],"picked":"Reaper","floor":23},{"not_picked":["Beam Cell","Sweeping Beam+1"],"picked":"Ball Lightning+1","floor":24},{"not_picked":["Rainbow","Juggernaut"],"picked":"Exhume","floor":25},{"not_picked":["Hologram","Sever Soul"],"picked":"Havoc","floor":27},{"not_picked":["Juggernaut","Fission"],"picked":"Hyperbeam","floor":29},{"not_picked":["Cold Snap+1","Melter+1"],"picked":"Sword Boomerang+1","floor":30},{"not_picked":["Offering","Limit Break"],"picked":"Creative AI","floor":31},{"not_picked":["Rainbow","Dark Embrace"],"picked":"Impervious","floor":33},{"not_picked":["Bloodletting","Dropkick+1"],"picked":"Twin Strike+1","floor":35},{"not_picked":["Redo+1","Scrape+1"],"picked":"Whirlwind+1","floor":36},{"not_picked":["Barricade","Offering"],"picked":"Echo Form","floor":40},{"not_picked":["Amplify","Barricade"],"picked":"Feed+1","floor":42},{"not_picked":["Reboot","Biased Cognition"],"picked":"Meteor Strike+1","floor":46}],"player_experience":227625,"relics_obtained":[{"floor":7,"key":"Anchor"},{"floor":9,"key":"Red Skull"},{"floor":10,"key":"PreservedInsect"},{"floor":13,"key":"Orichalcum"},{"floor":17,"key":"Vajra"},{"floor":17,"key":"Paper Frog"},{"floor":17,"key":"Incense Burner"},{"floor":23,"key":"Pear"},{"floor":25,"key":"Nunchaku"},{"floor":26,"key":"Omamori"},{"floor":29,"key":"Molten Egg 2"},{"floor":31,"key":"Magic Flower"},{"floor":40,"key":"Shovel"},{"floor":42,"key":"Oddly Smooth Stone"},{"floor":43,"key":"Centennial Puzzle"},{"floor":45,"key":"Ancient Tea Set"},{"floor":46,"key":"Unceasing Top"}],"event_choices":[{"damage_healed":0,"gold_gain":0,"player_choice":"Entered Light","damage_taken":16,"max_hp_gain":0,"max_hp_loss":0,"event_name":"Shining Light","floor":2,"gold_loss":0,"cards_upgraded":["Defend_R","Strike_R"]},{"damage_healed":0,"gold_gain":75,"player_choice":"Gather Gold","damage_taken":11,"max_hp_gain":0,"max_hp_loss":0,"event_name":"World of Goop","floor":3,"gold_loss":0},{"damage_healed":0,"gold_gain":0,"player_choice":"Box","damage_taken":0,"relics_obtained":["Tiny Chest"],"max_hp_gain":0,"max_hp_loss":0,"event_name":"Big Fish","floor":14,"gold_loss":0,"cards_obtained":["Regret"]},{"damage_healed":0,"gold_gain":0,"player_choice":"3 cards matched","damage_taken":0,"max_hp_gain":0,"max_hp_loss":0,"event_name":"Match and Keep!","floor":20,"gold_loss":0,"cards_obtained":["Reaper","Flash of Steel","Bash"]},{"damage_healed":0,"gold_gain":0,"player_choice":"Inject Mutagens","damage_taken":0,"relics_obtained":["MutagenicStrength"],"max_hp_gain":0,"max_hp_loss":0,"event_name":"Drug Dealer","floor":28,"gold_loss":0},{"damage_healed":0,"gold_gain":0,"player_choice":"Embrace Madness","damage_taken":11,"max_hp_gain":0,"max_hp_loss":0,"event_name":"Winding Halls","floor":37,"gold_loss":0,"cards_obtained":["Madness","Madness"]},{"damage_healed":0,"gold_gain":0,"player_choice":"Ignored","damage_taken":0,"max_hp_gain":0,"max_hp_loss":0,"event_name":"Tomb of Lord Red Mask","floor":38,"gold_loss":0}],"is_beta":false,"boss_relics":[{"not_picked":["Tiny House","Empty Cage"],"picked":"Calling Bell"},{"not_picked":["White Beast Statue","Velvet Choker"],"picked":"Black Blood"}],"items_purged_floors":[],"is_endless":false,"potions_floor_spawned":[1,4,12,23,24,29,30,33,35,41,42,46],"killed_by":"Nemesis","ascension_level":0}