{"gold_per_floor":[117,117,117,117,82,117,117,157,157,182,182,197,238,238,238,331,331,354,453,453,478,498,498,542,542,565,96,114,52,52,68,68,164,164,177,196,196,196,212,212,233,249,328,328,349,134,134,28,28,28],"floor_reached":51,"playtime":2395,"items_purged":["Pain","Pain"],"score":1361,"play_id":"baad8c7a-72e8-4ee8-adc7-6c58de52df03","local_time":"20190508130549","is_ascension_mode":true,"campfire_choices":[{"data":"Neutralize","floor":7,"key":"SMITH"},{"data":"Dash","floor":11,"key":"SMITH"},{"data":"Quick Slash","floor":15,"key":"SMITH"},{"floor":23,"key":"REST"},{"floor":25,"key":"REST"},{"data":"Neutralize","floor":30,"key":"SMITH"},{"floor":32,"key":"REST"},{"floor":40,"key":"REST"},{"floor":44,"key":"REST"},{"floor":47,"key":"REST"},{"floor":49,"key":"REST"}],"neow_cost":"NONE","seed_source_timestamp":585637604223770,"circlet_count":0,"master_deck":["AscendersBane","Defend_G+1","Defend_G","Defend_G","Defend_G","Defend_G","Strike_G","Strike_G","Strike_G","Strike_G+1","Strike_G","Survivor","Neutralize+1","Injury","Predator+1","Dagger Throw","Dash+1","Quick Slash+1","Dodge and Roll","Wraith Form v2+1","Crippling Poison","Neutralize+1","Storm of Steel","Footwork+1","Blur","Blur","Caltrops+1","Footwork+1","Accuracy+1","Infinite Blades+1","Well Laid Plans+1","Noxious Fumes+1","Noxious Fumes+1","Well Laid Plans+1","A Thousand Cuts+1","Parasite","Footwork+1","Writhe","Parasite","Backflip","Footwork+1","Prepared+1","Terror"],"relics":["Ring of the Snake","NeowsBlessing","Golden Idol","Unceasing Top","Bottled Flame","Du-Vu Doll","Incense Burner","Frozen Egg 2","Lizard Tail","The Courier","MawBank","Bag of Preparation","Calling Bell","Bag of Marbles","Kunai","Tough Bandages","Mercury Hourglass","OrangePellets"],"potions_floor_usage":[13,22,24,33,39,50],"damage_taken":[{"damage":0,"enemies":"Small Slimes","floor":1,"turns":1},{"damage":0,"enemies":"Gremlin Nob","floor":6,"turns":1},{"damage":0,"enemies":"3 Sentries","floor":8,"turns":1},{"damage":0,"enemies":"2 Louse","floor":10,"turns":2},{"damage":0,"enemies":"Jaw Worm","floor":12,"turns":3},{"damage":3,"enemies":"Gremlin Nob","floor":13,"turns":4},{"damage":18,"enemies":"Slime Boss","floor":16,"turns":11},{"damage":21,"enemies":"Shell Parasite","floor":18,"turns":7},{"damage":9,"enemies":"Spheric Guardian","floor":21,"turns":5},{"damage":6,"enemies":"Snake Plant","floor":22,"turns":4},{"damage":3,"enemies":"Book of Stabbing","floor":24,"turns":7},{"damage":0,"enemies":"Snecko","floor":28,"turns":5},{"damage":7,"enemies":"Chosen and Byrds","floor":31,"turns":8},{"damage":8,"enemies":"Automaton","floor":33,"turns":9},{"damage":2,"enemies":"Orb Walker","floor":35,"turns":4},{"damage":32,"enemies":"3 Darklings","floor":36,"turns":4},{"damage":32,"enemies":"Spire Growth","floor":39,"turns":9},{"damage":15,"enemies":"Writhing Mass","floor":41,"turns":8},{"damage":28,"enemies":"Sphere and 2 Shapes","floor":42,"turns":8},{"damage":25,"enemies":"4 Shapes","floor":45,"turns":5},{"damage":55,"enemies":"Donu and Deca","floor":50,"turns":13}],"seed_played":"2541353569045212621","potions_obtained":[{"floor":6,"key":"Block Potion"},{"floor":16,"key":"FearPotion"},{"floor":21,"key":"FearPotion"},{"floor":24,"key":"Ancient Potion"},{"floor":28,"key":"Weak Potion"},{"floor":42,"key":"FairyPotion"},{"floor":45,"key":"SkillPotion"}],"is_trial":false,"path_per_floor":["M","?","?","?","?","E","R","E","T","M","R","M","E","?","R","B",null,"M","?","?","M","M","R","E","R","T","$","M","$","R","M","R","B",null,"M","M","?","?","M","R","M","M","T","R","M","$","R","$","R","B",null],"character_chosen":"THE_SILENT","items_purchased":["Caltrops+1","Footwork+1","Bag of Preparation","Accuracy+1","Infinite Blades+1","Well Laid Plans+1","Noxious Fumes+1","Noxious Fumes+1","OrangePellets","Terror"],"campfire_rested":7,"item_purchase_floors":[27,27,27,27,27,27,27,29,46,48],"current_hp_per_floor":[59,59,46,34,50,50,50,50,50,50,50,50,47,47,47,29,57,36,36,36,27,21,40,37,56,56,56,56,56,56,49,66,58,64,62,30,47,47,15,34,19,29,29,48,23,23,42,42,61,6],"gold":28,"neow_bonus":"THREE_ENEMY_KILL","is_prod":false,"is_daily":false,"chose_seed":false,"campfire_upgraded":4,"win_rate":0,"timestamp":1557335149,"path_taken":["M","?","?","?","?","E","R","E","T","M","R","M","E","?","R","BOSS","M","?","?","?","M","R","E","R","T","$","M","?","R","M","R","BOSS","M","M","?","?","?","R","M","M","T","R","M","$","R","$","R","BOSS"],"build_version":"2019-01-23","purchased_purges":2,"victory":true,"max_hp_per_floor":[66,66,66,66,66,66,66,66,66,66,66,66,66,66,66,66,66,66,66,66,66,66,66,66,66,66,66,66,66,66,66,66,66,66,66,66,66,66,66,66,66,66,66,66,66,66,66,66,66,66],"card_choices":[{"not_picked":["Flying Knee","Outmaneuver","Prepared"],"picked":"SKIP","floor":1},{"not_picked":["Flying Knee","Choke"],"picked":"Predator","floor":6},{"not_picked":["Concentrate","Flying Knee"],"picked":"Dagger Throw","floor":8},{"not_picked":["Cloak And Dagger","Caltrops"],"picked":"Dash","floor":10},{"not_picked":["Outmaneuver","Sucker Punch"],"picked":"Quick Slash","floor":12},{"not_picked":["Setup","Outmaneuver"],"picked":"Dodge and Roll","floor":13},{"not_picked":["Grand Finale","Malaise"],"picked":"Wraith Form v2+1","floor":16},{"not_picked":["Acrobatics","Infinite Blades+1"],"picked":"Crippling Poison","floor":18},{"not_picked":["Sucker Punch","Riddle With Holes"],"picked":"Footwork+1","floor":21},{"not_picked":["Riddle With Holes","Deflect"],"picked":"Blur","floor":22},{"not_picked":["Sucker Punch","Prepared+1"],"picked":"Blur","floor":24},{"not_picked":["Flying Knee","Outmaneuver","Poisoned Stab"],"picked":"SKIP","floor":28},{"not_picked":["Poisoned Stab","Quick Slash"],"picked":"Well Laid Plans+1","floor":31},{"not_picked":["Phantasmal Killer","Unload"],"picked":"A Thousand Cuts+1","floor":33},{"not_picked":["Skewer+1","Finisher"],"picked":"Footwork+1","floor":35},{"not_picked":["Dagger Throw+1","Sucker Punch+1","Distraction"],"picked":"SKIP","floor":36},{"not_picked":["Deadly Poison","Underhanded Strike","Cloak And Dagger"],"picked":"SKIP","floor":39},{"not_picked":["All Out Attack+1","Dodge and Roll"],"picked":"Backflip","floor":41},{"not_picked":["Dagger Throw","Blur"],"picked":"Footwork+1","floor":42},{"not_picked":["Slice+1","Bane"],"picked":"Prepared+1","floor":45}],"player_experience":500114,"relics_obtained":[{"floor":6,"key":"Bottled Flame"},{"floor":8,"key":"Du-Vu Doll"},{"floor":9,"key":"Incense Burner"},{"floor":13,"key":"Frozen Egg 2"},{"floor":24,"key":"The Courier"},{"floor":26,"key":"MawBank"},{"floor":34,"key":"Bag of Marbles"},{"floor":34,"key":"Kunai"},{"floor":34,"key":"Tough Bandages"},{"floor":43,"key":"Mercury Hourglass"}],"event_choices":[{"damage_healed":0,"gold_gain":0,"player_choice":"Take Wound","damage_taken":0,"relics_obtained":["Golden Idol"],"max_hp_gain":0,"max_hp_loss":0,"event_name":"Golden Idol","floor":2,"gold_loss":0,"cards_obtained":["Injury"]},{"damage_healed":0,"gold_gain":0,"player_choice":"Entered Light","damage_taken":13,"max_hp_gain":0,"max_hp_loss":0,"event_name":"Shining Light","floor":3,"gold_loss":0,"cards_upgraded":["Strike_G","Defend_G"]},{"damage_healed":0,"gold_gain":0,"player_choice":"Success","damage_taken":12,"relics_obtained":["Unceasing Top"],"max_hp_gain":0,"max_hp_loss":0,"event_name":"Scrap Ooze","floor":4,"gold_loss":0},{"damage_healed":16,"gold_gain":0,"player_choice":"Healed","damage_taken":0,"max_hp_gain":0,"max_hp_loss":0,"event_name":"The Cleric","floor":5,"gold_loss":35},{"damage_healed":0,"gold_gain":0,"player_choice":"Grow","damage_taken":0,"max_hp_gain":0,"max_hp_loss":0,"event_name":"Living Wall","floor":14,"gold_loss":0,"cards_upgraded":["Predator"]},{"damage_healed":0,"gold_gain":99,"player_choice":"Stole From Cult","damage_taken":0,"max_hp_gain":0,"max_hp_loss":0,"event_name":"Nest","floor":19,"gold_loss":0},{"damage_healed":0,"gold_gain":0,"player_choice":"2 cards matched","damage_taken":0,"max_hp_gain":0,"max_hp_loss":0,"event_name":"Match and Keep!","floor":20,"gold_loss":0,"cards_obtained":["Neutralize","Storm of Steel"]},{"damage_healed":17,"gold_gain":0,"player_choice":"Writhe","damage_taken":0,"max_hp_gain":0,"max_hp_loss":0,"event_name":"Winding Halls","floor":37,"gold_loss":0,"cards_obtained":["Writhe"]},{"damage_healed":0,"gold_gain":0,"cards_transformed":["Regret"],"player_choice":"Transformed","damage_taken":0,"max_hp_gain":0,"max_hp_loss":0,"event_name":"Transmorgrifier","floor":38,"gold_loss":0,"cards_obtained":["Pain"]}],"is_beta":false,"boss_relics":[{"not_picked":["Ectoplasm","Busted Crown"],"picked":"Lizard Tail"},{"not_picked":["White Beast Statue","HoveringKite"],"picked":"Calling Bell"}],"items_purged_floors":[46,48],"is_endless":false,"potions_floor_spawned":[6,16,21,24,28,42,45],"ascension_level":14}