{"gold_per_floor":[117,128,53,71,87,87,87,87,117,131,143,143,162,162,162,162],"floor_reached":16,"playtime":1412,"items_purged":[],"score":183,"play_id":"4a4754a2-4cf2-4283-9ad2-083c1219aeaf","local_time":"20190103234102","is_ascension_mode":true,"campfire_choices":[{"data":"Rage","floor":6,"key":"SMITH"},{"floor":8,"key":"REST"},{"floor":15,"key":"REST"}],"neow_cost":"NONE","seed_source_timestamp":41112165848761,"circlet_count":0,"master_deck":["AscendersBane","Strike_R","Strike_R","Strike_R","Defend_R","Defend_R","Defend_R","Defend_R","Bash+1","Pummel+1","Pommel Strike+1","Disarm","Rage+1","Clothesline","Carnage","Demon Form"],"relics":["Burning Blood","Tiny Chest","Mercury Hourglass","Whetstone"],"potions_floor_usage":[11],"damage_taken":[{"damage":7,"enemies":"2 Louse","floor":1,"turns":3},{"damage":7,"enemies":"Small Slimes","floor":2,"turns":3},{"damage":0,"enemies":"Cultist","floor":4,"turns":3},{"damage":62,"enemies":"Exordium Thugs","floor":5,"turns":6},{"damage":17,"enemies":"Exordium Wildlife","floor":10,"turns":4},{"damage":19,"enemies":"Lots of Slimes","floor":11,"turns":7},{"damage":13,"enemies":"Large Slime","floor":13,"turns":5},{"damage":29,"enemies":"Hexaghost","floor":16,"turns":9}],"seed_played":"2644686929872717116","potions_obtained":[{"floor":2,"key":"EssenceOfSteel"},{"floor":5,"key":"Poison Potion"},{"floor":13,"key":"Ancient Potion"}],"is_trial":false,"path_per_floor":["M","M","?","M","M","R","?","R","T","M","M","T","M","T","R","B"],"character_chosen":"IRONCLAD","items_purchased":[],"campfire_rested":2,"item_purchase_floors":[],"current_hp_per_floor":[67,66,66,72,16,16,16,38,38,27,14,14,7,7,29,0],"gold":162,"neow_bonus":"UPGRADE_CARD","is_prod":false,"is_daily":false,"chose_seed":false,"campfire_upgraded":1,"win_rate":0,"timestamp":1546569662,"path_taken":["M","M","?","M","M","R","?","R","T","M","?","?","M","?","R","BOSS"],"build_version":"2019-01-03","purchased_purges":0,"victory":false,"max_hp_per_floor":[75,75,75,75,75,75,75,75,75,75,75,75,75,75,75,75],"card_choices":[{"not_picked":["Heavy Blade","Shrug It Off"],"picked":"Pummel","floor":1},{"not_picked":["Flex","Power Through"],"picked":"Pommel Strike","floor":2},{"not_picked":["Seeing Red","Armaments"],"picked":"Disarm","floor":4},{"not_picked":["Intimidate","Power Through"],"picked":"Rage","floor":5},{"not_picked":["Perfected Strike","True Grit"],"picked":"Clothesline","floor":10},{"not_picked":["Iron Wave","True Grit"],"picked":"Carnage","floor":11},{"not_picked":["Iron Wave","Armaments"],"picked":"Demon Form","floor":13}],"player_experience":695139,"relics_obtained":[{"floor":9,"key":"Tiny Chest"},{"floor":12,"key":"Mercury Hourglass"},{"floor":14,"key":"Whetstone"}],"event_choices":[{"cards_removed":["Strike_R"],"damage_healed":0,"gold_gain":0,"player_choice":"Card Removal","damage_taken":0,"max_hp_gain":0,"max_hp_loss":0,"event_name":"The Cleric","floor":3,"gold_loss":75},{"cards_removed":["Strike_R"],"damage_healed":0,"gold_gain":0,"player_choice":"Purged","damage_taken":0,"max_hp_gain":0,"max_hp_loss":0,"event_name":"Purifier","floor":7,"gold_loss":0}],"is_beta":false,"boss_relics":[],"items_purged_floors":[],"is_endless":false,"potions_floor_spawned":[2,5,13],"killed_by":"Hexaghost","ascension_level":19}