{"gold_per_floor":[110,124,124,139,155,194,194,238,238,238,263,263,345,59,59,188,188,203,219,19,38,38,72,22,22,101,126,165,113,113,151,151,280,280,305,305,133,147,247,288,301,344,418,436,436,436,436,455,455,455],"floor_reached":51,"playtime":2564,"items_purged":[],"score":1323,"play_id":"b6c1bb65-14ea-477c-91d6-dbce1af27153","local_time":"20190621233518","is_ascension_mode":true,"campfire_choices":[{"data":"Double Tap","floor":7.0,"key":"SMITH"},{"floor":15.0,"key":"REST"},{"data":"Offering","floor":25.0,"key":"SMITH"},{"floor":32.0,"key":"DIG"},{"floor":45.0,"key":"DIG"},{"floor":47.0,"key":"REST"},{"floor":49.0,"key":"REST"}],"neow_cost":"NONE","seed_source_timestamp":0,"circlet_count":0,"master_deck":["AscendersBane","Strike_R","Strike_R+1","Strike_R","Strike_R+1","Strike_R","Defend_R","Defend_R","Defend_R+1","Defend_R","Bash","Wild Strike","True Grit","Thunderclap","Wild Strike","Double Tap+1","Perfected Strike+1","Perfected Strike+1","Offering+1","Disarm","Perfected Strike","Headbutt+1","Headbutt","Flame Barrier+1","Fiend Fire","Perfected Strike","RitualDagger","Exhume","Warcry+1","Infernal Blade","Havoc","Havoc","Shockwave+1","Pommel Strike+1","Master of Strategy","Headbutt+1","Barricade","Parasite","Armaments+1","Thunderclap+1","Armaments+1","Violence+1","Heavy Blade+1","Havoc+1"],"special_seed":0,"relics":["Burning Blood","Golden Idol","Oddly Smooth Stone","Whetstone","Bronze Scales","Bottled Lightning","Thread and Needle","Sozu","Red Skull","Self Forming Clay","Meat on the Bone","Dead Branch","Shovel","Strawberry","Orrery","Toxic Egg 2","Molten Egg 2","Paper Frog","Dream Catcher"],"potions_floor_usage":[],"damage_taken":[{"damage":2.0,"enemies":"Small Slimes","floor":1.0,"turns":4.0},{"damage":1.0,"enemies":"2 Louse","floor":2.0,"turns":2.0},{"damage":1.0,"enemies":"Cultist","floor":4.0,"turns":3.0},{"damage":4.0,"enemies":"2 Fungi Beasts","floor":5.0,"turns":4.0},{"damage":40.0,"enemies":"Lagavulin","floor":6.0,"turns":5.0},{"damage":8.0,"enemies":"3 Sentries","floor":8.0,"turns":5.0},{"damage":14.0,"enemies":"Looter","floor":11.0,"turns":2.0},{"damage":17.0,"enemies":"The Guardian","floor":16.0,"turns":10.0},{"damage":0.0,"enemies":"Shell Parasite","floor":18.0,"turns":2.0},{"damage":2.0,"enemies":"Chosen","floor":19.0,"turns":2.0},{"damage":3.0,"enemies":"Snecko","floor":21.0,"turns":3.0},{"damage":6.0,"enemies":"Slavers","floor":23.0,"turns":3.0},{"damage":5.0,"enemies":"Centurion and Healer","floor":27.0,"turns":3.0},{"damage":7.0,"enemies":"Gremlin Leader","floor":28.0,"turns":3.0},{"damage":6.0,"enemies":"Book of Stabbing","floor":31.0,"turns":3.0},{"damage":60.0,"enemies":"Champ","floor":33.0,"turns":7.0},{"damage":32.0,"enemies":"3 Shapes","floor":35.0,"turns":3.0},{"damage":0.0,"enemies":"Orb Walker","floor":38.0,"turns":2.0},{"damage":44.0,"enemies":"Giant Head","floor":40.0,"turns":7.0},{"damage":14.0,"enemies":"Writhing Mass","floor":41.0,"turns":4.0},{"damage":23.0,"enemies":"Nemesis","floor":42.0,"turns":3.0},{"damage":6.0,"enemies":"Sphere and 2 Shapes","floor":44.0,"turns":5.0},{"damage":18.0,"enemies":"3 Darklings","floor":48.0,"turns":3.0},{"damage":34,"enemies":"Awakened One","floor":50,"turns":18}],"seed_played":"-7952543052123058523","potions_obtained":[{"floor":5.0,"key":"Explosive Potion"},{"floor":6.0,"key":"Explosive Potion"},{"floor":11.0,"key":"GamblersBrew"}],"is_trial":false,"path_per_floor":["M","M","?","M","M","E","R","E","T","?","M","?","T","$","R","B",null,"M","M","$","M","?","E","?","R","T","M","E","$","?","E","R","B",null,"M","?","$","M","?","E","M","E","T","M","R","?","R","M","R","B",null],"character_chosen":"IRONCLAD","items_purchased":["Thread and Needle","Perfected Strike","Red Skull","Perfected Strike","Master of Strategy"],"campfire_rested":3,"item_purchase_floors":[14,20,20,29,37],"current_hp_per_floor":[76,80,74,74,74,40,40,38,38,23,15,15,15,15,37,26,62,68,72,72,74,74,74,74,74,74,74,73,73,67,67,74,32,69,55,55,55,61,61,35,39,34,34,46,46,46,70,58,81,53],"gold":455,"neow_bonus":"THREE_CARDS","is_prod":false,"is_daily":false,"chose_seed":false,"campfire_upgraded":2,"win_rate":0,"timestamp":1561174518,"path_taken":["M","M","?","M","M","E","R","E","T","?","M","?","?","$","R","BOSS","M","M","$","M","?","E","?","R","T","?","E","$","?","E","R","BOSS","M","?","$","M","?","E","M","E","T","?","R","?","R","M","R","BOSS"],"build_version":"2019-01-23","purchased_purges":0,"victory":true,"max_hp_per_floor":[80,80,74,74,74,74,74,74,74,74,74,74,74,74,74,74,74,74,74,74,74,74,74,74,74,74,74,74,74,74,74,81,81,81,81,81,81,81,81,81,81,81,81,81,81,81,81,81,81,81],"card_choices":[{"not_picked":["Havoc","Clash"],"picked":"Wild Strike","floor":0.0},{"not_picked":["Havoc","Sentinel"],"picked":"Sword Boomerang","floor":1.0},{"not_picked":["Wild Strike","Seeing Red"],"picked":"True Grit","floor":2.0},{"not_picked":["Sword Boomerang","Bloodletting"],"picked":"Thunderclap","floor":4.0},{"not_picked":["Thunderclap","True Grit"],"picked":"Wild Strike","floor":5.0},{"not_picked":["Headbutt","Ghostly Armor"],"picked":"Double Tap","floor":6.0},{"not_picked":["Iron Wave","Searing Blow"],"picked":"Perfected Strike","floor":8.0},{"not_picked":["Sword Boomerang","Twin Strike"],"picked":"Perfected Strike","floor":11.0},{"not_picked":["Double Tap","Berserk"],"picked":"Offering","floor":16.0},{"not_picked":["Intimidate","Pummel+1","Burning Pact"],"picked":"SKIP","floor":18.0},{"not_picked":["Shrug It Off","Clash"],"picked":"Disarm","floor":19.0},{"not_picked":["True Grit","Armaments"],"picked":"Headbutt+1","floor":21.0},{"not_picked":["Shrug It Off+1","Armaments"],"picked":"Headbutt","floor":23.0},{"not_picked":["Clothesline","Rampage+1"],"picked":"Flame Barrier+1","floor":27.0},{"not_picked":["Feel No Pain","Pommel Strike"],"picked":"Fiend Fire","floor":28.0},{"not_picked":["Entrench","Fire Breathing","Combust"],"picked":"SKIP","floor":31.0},{"not_picked":["Barricade","Impervious"],"picked":"Exhume","floor":33.0},{"not_picked":["Hemokinesis","Combust"],"picked":"Warcry+1","floor":34.0},{"not_picked":["Bloodletting+1","Dual Wield"],"picked":"Infernal Blade","floor":34.0},{"not_picked":["Second Wind","Wild Strike+1"],"picked":"Havoc","floor":34.0},{"not_picked":["Entrench","Wild Strike+1"],"picked":"Havoc","floor":34.0},{"not_picked":["Dual Wield","Cleave+1"],"picked":"Shockwave+1","floor":34.0},{"not_picked":["Body Slam+1","Evolve"],"picked":"Pommel Strike+1","floor":35.0},{"not_picked":["True Grit","Hemokinesis"],"picked":"Headbutt+1","floor":38.0},{"not_picked":["Pommel Strike","Entrench"],"picked":"Barricade","floor":40.0},{"not_picked":["Bloodletting+1","Dropkick+1"],"picked":"Armaments+1","floor":41.0},{"not_picked":["True Grit+1","Clothesline+1"],"picked":"Thunderclap+1","floor":42.0},{"not_picked":["Warcry+1","Clothesline+1"],"picked":"Armaments+1","floor":44.0},{"not_picked":["Flash of Steel+1","Blind+1"],"picked":"Violence+1","floor":46.0},{"not_picked":["Anger+1","Intimidate+1"],"picked":"Heavy Blade+1","floor":48.0},{"not_picked":["Twin Strike+1","Clash+1"],"picked":"Havoc+1","floor":49.0}],"player_experience":852154,"relics_obtained":[{"floor":6.0,"key":"Oddly Smooth Stone"},{"floor":8.0,"key":"Whetstone"},{"floor":9.0,"key":"Bronze Scales"},{"floor":13.0,"key":"Bottled Lightning"},{"floor":23.0,"key":"Self Forming Clay"},{"floor":26.0,"key":"Meat on the Bone"},{"floor":28.0,"key":"Dead Branch"},{"floor":31.0,"key":"Shovel"},{"floor":32.0,"key":"Strawberry"},{"floor":40.0,"key":"Toxic Egg 2"},{"floor":42.0,"key":"Molten Egg 2"},{"floor":43.0,"key":"Paper Frog"},{"floor":45.0,"key":"Dream Catcher"}],"event_choices":[{"damage_healed":0.0,"max_hp_gain":0.0,"max_hp_loss":6.0,"gold_gain":0.0,"event_name":"Golden Idol","player_choice":"Lose Max HP","floor":3.0,"gold_loss":0.0,"damage_taken":0.0,"relics_obtained":["Golden Idol"]},{"damage_healed":0.0,"max_hp_gain":0.0,"max_hp_loss":0.0,"gold_gain":0.0,"event_name":"Shining Light","player_choice":"Entered Light","floor":10.0,"gold_loss":0.0,"damage_taken":15.0,"cards_upgraded":["Perfected Strike","Defend_R"]},{"damage_healed":0.0,"max_hp_gain":0.0,"max_hp_loss":0.0,"gold_gain":0.0,"event_name":"Living Wall","player_choice":"Grow","floor":12.0,"gold_loss":0.0,"damage_taken":0.0,"cards_upgraded":["Perfected Strike"]},{"damage_healed":0.0,"max_hp_gain":0.0,"max_hp_loss":0.0,"gold_gain":0.0,"event_name":"Vampires","player_choice":"Ignored","floor":22.0,"gold_loss":0.0,"damage_taken":0.0},{"damage_healed":0.0,"max_hp_gain":0.0,"max_hp_loss":0.0,"gold_gain":0.0,"event_name":"The Joust","player_choice":"Bet on Murderer","floor":24.0,"gold_loss":50.0,"damage_taken":0.0},{"damage_healed":0.0,"max_hp_gain":0.0,"max_hp_loss":0.0,"gold_gain":0.0,"event_name":"Nest","player_choice":"Joined the Cult","floor":30.0,"gold_loss":0.0,"damage_taken":6.0,"cards_obtained":["RitualDagger"]},{"cards_removed":["Sword Boomerang"],"damage_healed":0.0,"max_hp_gain":0.0,"max_hp_loss":0.0,"gold_gain":0.0,"event_name":"Falling","player_choice":"Removed Attack","floor":36.0,"gold_loss":0.0,"damage_taken":0.0},{"damage_healed":0.0,"max_hp_gain":0.0,"max_hp_loss":0.0,"gold_gain":100.0,"event_name":"Golden Shrine","player_choice":"Pray","floor":39.0,"gold_loss":0.0,"damage_taken":0.0},{"damage_healed":0.0,"max_hp_gain":0.0,"max_hp_loss":0.0,"gold_gain":0.0,"event_name":"SensoryStone","player_choice":"Memory 1","floor":46.0,"gold_loss":0.0,"damage_taken":0.0}],"is_beta":false,"boss_relics":[{"not_picked":["Cursed Key","White Beast Statue"],"picked":"Sozu"},{"not_picked":["Pandora\u0027s Box","Busted Crown"],"picked":"Orrery"}],"items_purged_floors":[],"is_endless":false,"potions_floor_spawned":[5,6,11,18,31,33,38,44],"ascension_level":11}