{"gold_per_floor":[111,161,179,189,77,77,95,95,95,95,110,124,124,154,154,233,283,295,305,305,320,320,320],"floor_reached":23,"playtime":1202,"items_purged":["Strike_G"],"score":347,"play_id":"a00b9eb5-8d06-4cf6-994e-65a107176ea7","local_time":"20190618085221","is_ascension_mode":true,"campfire_choices":[{"data":"1","floor":6,"key":"LIFT"},{"data":"2","floor":8,"key":"LIFT"},{"data":"3","floor":10,"key":"LIFT"},{"data":"Dagger Spray","floor":13,"key":"SMITH"},{"floor":15,"key":"REST"}],"neow_cost":"TEN_PERCENT_HP_LOSS","seed_source_timestamp":485637418736710,"circlet_count":0,"master_deck":["AscendersBane","Defend_G","Defend_G","Defend_G","Defend_G","Defend_G","Strike_G","Strike_G","Strike_G+1","Survivor","Neutralize","Infinite Blades","Blade Dance","Footwork","Dagger Spray+1","Backstab","Cloak And Dagger+1","Adrenaline","Cloak And Dagger","PiercingWail+1","Blur"],"relics":["Ring of the Snake","Girya","Meat on the Bone","Blue Candle","Tiny House"],"potions_floor_usage":[14,16,18,21,21,23],"damage_taken":[{"damage":0,"enemies":"2 Louse","floor":1,"turns":4},{"damage":4,"enemies":"Cultist","floor":3,"turns":4},{"damage":6,"enemies":"Jaw Worm","floor":4,"turns":7},{"damage":14,"enemies":"Lots of Slimes","floor":7,"turns":7},{"damage":0,"enemies":"Looter","floor":11,"turns":4},{"damage":10,"enemies":"Red Slaver","floor":12,"turns":4},{"damage":19,"enemies":"Lagavulin","floor":14,"turns":5},{"damage":23,"enemies":"Slime Boss","floor":16,"turns":12},{"damage":8,"enemies":"Chosen","floor":18,"turns":5},{"damage":12,"enemies":"2 Thieves","floor":19,"turns":4},{"damage":19,"enemies":"Cultist and Chosen","floor":21,"turns":6},{"damage":35,"enemies":"Book of Stabbing","floor":23,"turns":5}],"seed_played":"-6452200618610794015","potions_obtained":[{"floor":1,"key":"Dexterity Potion"},{"floor":11,"key":"Strength Potion"},{"floor":12,"key":"SkillPotion"},{"floor":16,"key":"Weak Potion"},{"floor":17,"key":"GhostInAJar"},{"floor":18,"key":"LiquidBronze"},{"floor":21,"key":"EssenceOfSteel"}],"is_trial":false,"path_per_floor":["M","?","M","M","$","R","M","R","T","R","M","M","R","E","R","B",null,"M","M","?","M","?","E"],"character_chosen":"THE_SILENT","items_purchased":["Footwork"],"campfire_rested":1,"item_purchase_floors":[5],"current_hp_per_floor":[59,53,49,43,43,43,29,29,29,29,41,31,31,24,42,31,58,50,38,38,31,31,0],"gold":320,"neow_bonus":"ONE_RARE_RELIC","is_prod":false,"is_daily":false,"chose_seed":false,"campfire_upgraded":1,"win_rate":0,"timestamp":1560819141,"path_taken":["M","?","M","?","?","R","M","R","T","R","M","M","R","E","R","BOSS","M","M","?","?","?","E"],"build_version":"2019-01-23","purchased_purges":1,"victory":false,"max_hp_per_floor":[60,60,60,60,60,60,60,60,60,60,60,60,60,60,60,60,65,65,65,65,65,65,65],"card_choices":[{"not_picked":["Distraction","Dodge and Roll"],"picked":"Infinite Blades","floor":1},{"not_picked":["Dash","Noxious Fumes"],"picked":"Blade Dance","floor":3},{"not_picked":["Acrobatics","Skewer","Deflect"],"picked":"SKIP","floor":4},{"not_picked":["Bane","Acrobatics","Terror"],"picked":"SKIP","floor":7},{"not_picked":["PiercingWail","Envenom"],"picked":"Dagger Spray","floor":11},{"not_picked":["Blade Dance","Calculated Gamble"],"picked":"Backstab","floor":12},{"not_picked":["Backflip","Doppelganger"],"picked":"Cloak And Dagger","floor":14},{"not_picked":["Doppelganger","Phantasmal Killer"],"picked":"Adrenaline","floor":16},{"not_picked":["Deflect","PiercingWail"],"picked":"Cloak And Dagger","floor":17},{"not_picked":["Poisoned Stab","Slice"],"picked":"PiercingWail+1","floor":18},{"not_picked":["PiercingWail+1","Bane"],"picked":"Blur","floor":19},{"not_picked":["Finisher","Outmaneuver","Acrobatics"],"picked":"SKIP","floor":21}],"player_experience":907138,"relics_obtained":[{"floor":9,"key":"Meat on the Bone"},{"floor":14,"key":"Blue Candle"}],"event_choices":[{"damage_healed":0,"gold_gain":50,"player_choice":"Touch","damage_taken":6,"max_hp_gain":0,"max_hp_loss":0,"event_name":"FaceTrader","floor":2,"gold_loss":0},{"cards_removed":["Strike_G"],"damage_healed":0,"gold_gain":0,"player_choice":"Purged","damage_taken":0,"max_hp_gain":0,"max_hp_loss":0,"event_name":"Purifier","floor":20,"gold_loss":0},{"damage_healed":0,"gold_gain":0,"player_choice":"Upgraded","damage_taken":0,"max_hp_gain":0,"max_hp_loss":0,"event_name":"Upgrade Shrine","floor":22,"gold_loss":0,"cards_upgraded":["Cloak And Dagger"]}],"is_beta":false,"boss_relics":[{"not_picked":["White Beast Statue","Runic Dome"],"picked":"Tiny House"}],"items_purged_floors":[5],"is_endless":false,"potions_floor_spawned":[1,11,12,16,18,21],"killed_by":"Book of Stabbing","ascension_level":16}