{"gold_per_floor":[116,133,150,165,176,176,176,202,502,517,545,556,569,251,251,353,353,364,364,194,194,194,223,243,243,267,297,316,334,352,352],"floor_reached":31,"playtime":1271,"items_purged":["Strike_G"],"score":506,"play_id":"c00c0336-fa16-4c50-acc2-343718d10edc","local_time":"20190326022124","is_ascension_mode":true,"campfire_choices":[{"floor":6,"key":"REST"},{"floor":15,"key":"REST"}],"neow_cost":"NONE","seed_source_timestamp":1069594838088228,"circlet_count":0,"master_deck":["AscendersBane","Defend_G+1","Defend_G+1","Defend_G+1","Defend_G+1","Defend_G+1","Strike_G+1","Strike_G+1","Strike_G+1","Survivor","Neutralize","Backstab","Sucker Punch+1","All Out Attack+1","Cloak And Dagger","Deadly Poison","A Thousand Cuts","Predator+1","Predator+1","Catalyst","Dagger Spray+1","PiercingWail","Mind Blast+1","After Image","Terror","Predator+1","Dramatic Entrance+1","Writhe","All Out Attack+1","Quick Slash+1","Malaise","Blur","Quick Slash+1","Quick Slash+1"],"relics":["Lizard Tail","Molten Egg 2","Old Coin","Kunai","Juzu Bracelet","Fusion Hammer","Pocketwatch","Whetstone","Bottled Tornado","Lantern","Matryoshka"],"potions_floor_usage":[8,10,12,23,31],"damage_taken":[{"damage":2,"enemies":"Cultist","floor":1,"turns":6},{"damage":6,"enemies":"Jaw Worm","floor":2,"turns":4},{"damage":0,"enemies":"2 Louse","floor":3,"turns":2},{"damage":11,"enemies":"Lots of Slimes","floor":4,"turns":3},{"damage":7,"enemies":"Large Slime","floor":5,"turns":6},{"damage":37,"enemies":"Lagavulin","floor":8,"turns":7},{"damage":8,"enemies":"Blue Slaver","floor":10,"turns":2},{"damage":7,"enemies":"3 Sentries","floor":11,"turns":6},{"damage":2,"enemies":"Exordium Wildlife","floor":12,"turns":2},{"damage":5,"enemies":"2 Fungi Beasts","floor":13,"turns":3},{"damage":31,"enemies":"Hexaghost","floor":16,"turns":11},{"damage":5,"enemies":"Shell Parasite","floor":18,"turns":5},{"damage":6,"enemies":"Slavers","floor":23,"turns":5},{"damage":12,"enemies":"Chosen","floor":24,"turns":3},{"damage":0,"enemies":"Gremlin Leader","floor":27,"turns":5},{"damage":4,"enemies":"3 Cultists","floor":28,"turns":4},{"damage":11,"enemies":"Centurion and Healer","floor":29,"turns":4},{"damage":0,"enemies":"Snecko","floor":30,"turns":3},{"damage":24,"enemies":"Snake Plant","floor":31,"turns":1}],"seed_played":"-6981989134107471021","potions_obtained":[{"floor":2,"key":"Explosive Potion"},{"floor":3,"key":"Block Potion"},{"floor":10,"key":"FearPotion"},{"floor":13,"key":"FearPotion"},{"floor":16,"key":"EssenceOfSteel"},{"floor":18,"key":"SpeedPotion"},{"floor":28,"key":"FearPotion"}],"is_trial":false,"path_per_floor":["M","M","M","M","M","R","?","E","T","M","E","M","M","$","R","B",null,"M","?","$","?","?","E","M","T","T","E","M","M","M","M"],"character_chosen":"THE_SILENT","items_purchased":["Juzu Bracelet","Mind Blast+1","Predator+1","Dramatic Entrance+1"],"campfire_rested":2,"item_purchase_floors":[14,14,20,20],"current_hp_per_floor":[61,55,55,44,37,58,58,21,21,13,6,4,35,35,56,25,59,54,54,54,54,54,48,36,36,36,36,32,21,21,0],"gold":352,"neow_bonus":"BOSS_RELIC","is_prod":false,"is_daily":false,"chose_seed":false,"campfire_upgraded":0,"win_rate":0,"timestamp":1553581284,"path_taken":["M","M","M","M","?","R","?","E","T","M","E","M","M","?","R","BOSS","M","?","$","?","?","E","M","?","T","E","M","M","M","M"],"build_version":"2019-01-23","purchased_purges":1,"victory":false,"max_hp_per_floor":[70,70,70,70,70,70,70,70,70,70,70,70,70,70,70,70,70,70,70,70,70,70,70,70,70,70,70,70,70,70,70],"card_choices":[{"not_picked":["Backflip","Choke"],"picked":"Backstab","floor":1},{"not_picked":["Slice","Bane"],"picked":"Sucker Punch","floor":2},{"not_picked":["Bouncing Flask","Slice"],"picked":"All Out Attack","floor":3},{"not_picked":["Calculated Gamble","All Out Attack"],"picked":"Cloak And Dagger","floor":4},{"not_picked":["Escape Plan","Sucker Punch"],"picked":"Deadly Poison","floor":5},{"not_picked":["Slice","Quick Slash"],"picked":"Predator","floor":8},{"not_picked":["Deflect","Cloak And Dagger"],"picked":"Predator+1","floor":10},{"not_picked":["Phantasmal Killer","Slice+1"],"picked":"Catalyst","floor":11},{"not_picked":["Infinite Blades","Acrobatics"],"picked":"Dagger Spray+1","floor":12},{"not_picked":["Quick Slash+1","Underhanded Strike+1"],"picked":"PiercingWail","floor":13},{"not_picked":["Phantasmal Killer","Glass Knife+1"],"picked":"After Image","floor":16},{"not_picked":["Acrobatics","Outmaneuver"],"picked":"Terror","floor":18},{"not_picked":["Cloak And Dagger","Endless Agony+1"],"picked":"All Out Attack+1","floor":23},{"not_picked":["Dagger Throw+1","Choke+1"],"picked":"Quick Slash+1","floor":24},{"not_picked":["Dodge and Roll+1","Deadly Poison"],"picked":"Malaise","floor":27},{"not_picked":["Underhanded Strike+1","Blade Dance"],"picked":"Blur","floor":28},{"not_picked":["Slice+1","Prepared"],"picked":"Quick Slash+1","floor":29},{"not_picked":["Bouncing Flask","Bane+1"],"picked":"Quick Slash+1","floor":30}],"player_experience":385452,"relics_obtained":[{"floor":8,"key":"Molten Egg 2"},{"floor":9,"key":"Old Coin"},{"floor":11,"key":"Kunai"},{"floor":23,"key":"Whetstone"},{"floor":25,"key":"Bottled Tornado"},{"floor":26,"key":"Lantern"},{"floor":27,"key":"Matryoshka"}],"event_choices":[{"damage_healed":0,"gold_gain":0,"cards_transformed":["Strike_G"],"player_choice":"Transformed","damage_taken":0,"max_hp_gain":0,"max_hp_loss":0,"event_name":"Transmorgrifier","floor":7,"gold_loss":0,"cards_obtained":["A Thousand Cuts"]},{"damage_healed":0,"gold_gain":0,"player_choice":"Bought 0 Potions","damage_taken":0,"max_hp_gain":0,"max_hp_loss":0,"event_name":"The Woman in Blue","floor":19,"gold_loss":0},{"damage_healed":0,"gold_gain":0,"player_choice":"Simplicity","damage_taken":0,"max_hp_gain":0,"max_hp_loss":0,"event_name":"Back to Basics","floor":21,"gold_loss":0,"cards_upgraded":["Defend_G","Defend_G","Defend_G","Defend_G","Defend_G","Strike_G","Strike_G","Strike_G"]},{"damage_healed":0,"gold_gain":0,"player_choice":"Opened","damage_taken":0,"relics_obtained":["Pocketwatch"],"max_hp_gain":0,"max_hp_loss":0,"event_name":"The Mausoleum","floor":22,"gold_loss":0,"cards_obtained":["Writhe"]}],"is_beta":false,"boss_relics":[{"not_picked":["HoveringKite","Tiny House"],"picked":"Fusion Hammer"}],"items_purged_floors":[14],"is_endless":false,"potions_floor_spawned":[2,3,5,10,13,16,18,28],"killed_by":"Snake Plant","ascension_level":12}