{"gold_per_floor":[112,112,122,297,53,53,83,98,98,128,138,39,54,65,65,166,166,181,28,45,45,56,82,182,201,201,201,213,10,10,21,21,119,119,137,237,250,250,250],"floor_reached":39,"playtime":4422,"items_purged":["Doubt"],"score":438,"play_id":"91708819-118f-46f9-b395-d2aee53be704","local_time":"20190616145011","is_ascension_mode":false,"campfire_choices":[{"data":"Armaments","floor":6,"key":"SMITH"},{"floor":15,"key":"REST"},{"floor":27,"key":"REST"},{"data":"Pommel Strike","floor":30,"key":"SMITH"},{"floor":32,"key":"REST"}],"neow_cost":"NONE","seed_source_timestamp":5377211513900,"circlet_count":0,"master_deck":["Strike_R+1","Strike_R","Strike_R","Strike_R","Strike_R+1","Defend_R","Defend_R","Defend_R","Defend_R","Bash","Armaments+1","Iron Wave","Metallicize+1","Iron Wave","Shrug It Off","Body Slam","Juggernaut+1","Iron Wave","Metallicize+1","Power Through+1","Pommel Strike+1","Intimidate","Fiend Fire","Infernal Blade+1"],"relics":["Burning Blood","NeowsBlessing","Frozen Egg 2","Paper Frog","Letter Opener","Centennial Puzzle","Empty Cage","Lantern","Matryoshka","Mummified Hand","Shuriken","PreservedInsect","Eternal Feather","Gambling Chip"],"potions_floor_usage":[10,23,33,33,33,36,39],"damage_taken":[{"damage":0,"enemies":"Small Slimes","floor":1,"turns":1},{"damage":0,"enemies":"Jaw Worm","floor":3,"turns":1},{"damage":0,"enemies":"3 Sentries","floor":7,"turns":1},{"damage":1,"enemies":"Cultist","floor":8,"turns":4},{"damage":23,"enemies":"Lagavulin","floor":10,"turns":8},{"damage":3,"enemies":"Large Slime","floor":11,"turns":9},{"damage":27,"enemies":"Gremlin Gang","floor":13,"turns":5},{"damage":3,"enemies":"2 Fungi Beasts","floor":14,"turns":5},{"damage":47,"enemies":"The Guardian","floor":16,"turns":18},{"damage":17,"enemies":"Spheric Guardian","floor":18,"turns":4},{"damage":2,"enemies":"Chosen","floor":20,"turns":5},{"damage":13,"enemies":"Shelled Parasite and Fungi","floor":22,"turns":7},{"damage":37,"enemies":"Book of Stabbing","floor":23,"turns":6},{"damage":6,"enemies":"Snecko","floor":25,"turns":4},{"damage":5,"enemies":"Snake Plant","floor":28,"turns":5},{"damage":3,"enemies":"Centurion and Healer","floor":31,"turns":7},{"damage":23,"enemies":"Collector","floor":33,"turns":14},{"damage":9,"enemies":"3 Darklings","floor":35,"turns":8},{"damage":32,"enemies":"Mind Bloom Boss Battle","floor":36,"turns":8},{"damage":15,"enemies":"Orb Walker","floor":37,"turns":6}],"seed_played":"-708619289906851495","potions_obtained":[{"floor":3,"key":"Weak Potion"},{"floor":14,"key":"Dexterity Potion"},{"floor":16,"key":"Energy Potion"},{"floor":18,"key":"AttackPotion"},{"floor":20,"key":"FearPotion"},{"floor":31,"key":"AttackPotion"},{"floor":33,"key":"LiquidBronze"},{"floor":35,"key":"BloodPotion"}],"is_trial":false,"path_per_floor":["M","?","M","?","$","R","E","M","T","E","M","$","M","M","R","B",null,"M","$","M","$","M","E","?","M","T","R","M","$","R","M","R","B",null,"M","?","M","?","M"],"character_chosen":"IRONCLAD","items_purchased":["Frozen Egg 2","Shrug It Off","Lantern","PreservedInsect","Pommel Strike"],"campfire_rested":3,"item_purchase_floors":[5,12,19,29,29],"current_hp_per_floor":[80,64,70,70,70,70,76,80,80,63,66,66,45,48,72,31,80,69,69,73,73,66,35,35,35,35,59,60,60,60,63,80,63,80,77,59,50,50,0],"gold":250,"neow_bonus":"THREE_ENEMY_KILL","is_prod":false,"is_daily":false,"chose_seed":false,"campfire_upgraded":2,"win_rate":0.0,"timestamp":1560660611,"path_taken":["M","?","M","?","?","R","E","M","T","E","M","$","M","M","R","BOSS","M","$","M","$","?","E","?","M","T","R","?","$","R","M","R","BOSS","M","?","M","?","M"],"build_version":"2019-01-23","purchased_purges":1,"victory":false,"max_hp_per_floor":[80,80,80,80,80,80,80,80,80,80,80,80,80,80,80,80,80,80,80,80,80,80,80,80,80,80,80,80,80,80,80,80,80,80,80,80,80,80,80],"card_choices":[{"not_picked":["Havoc","Heavy Blade"],"picked":"Armaments","floor":1},{"not_picked":["Clothesline","Immolate"],"picked":"Iron Wave","floor":3},{"not_picked":["Offering","Cleave"],"picked":"Feel No Pain+1","floor":7},{"not_picked":["Sentinel","Clothesline"],"picked":"Metallicize+1","floor":8},{"not_picked":["Wild Strike","Anger"],"picked":"Havoc","floor":10},{"not_picked":["Wild Strike","True Grit"],"picked":"Iron Wave","floor":11},{"not_picked":["Carnage","Sword Boomerang"],"picked":"Body Slam","floor":13},{"not_picked":["Brutality+1","Burning Pact","Perfected Strike"],"picked":"SKIP","floor":14},{"not_picked":["Berserk+1","Feed"],"picked":"Juggernaut+1","floor":16},{"not_picked":["Havoc","Blood for Blood"],"picked":"Iron Wave","floor":18},{"not_picked":["Shockwave","Heavy Blade+1"],"picked":"Metallicize+1","floor":20},{"not_picked":["Rupture+1","Clash","Bloodletting+1"],"picked":"SKIP","floor":22},{"not_picked":["Sentinel","Disarm+1","Armaments"],"picked":"SKIP","floor":23},{"not_picked":["Twin Strike","Berserk+1","Clash"],"picked":"SKIP","floor":25},{"not_picked":["Uppercut","Battle Trance"],"picked":"Power Through+1","floor":28},{"not_picked":["True Grit+1","Power Through"],"picked":"Intimidate","floor":31},{"not_picked":["Exhume","Reaper"],"picked":"Fiend Fire","floor":33},{"not_picked":["Rupture+1","Seeing Red+1","Sword Boomerang"],"picked":"SKIP","floor":35},{"not_picked":["Cleave","Twin Strike"],"picked":"Infernal Blade+1","floor":36},{"not_picked":["Sword Boomerang+1","Wild Strike"],"picked":"Dual Wield","floor":37}],"player_experience":43551,"relics_obtained":[{"floor":7,"key":"Paper Frog"},{"floor":9,"key":"Letter Opener"},{"floor":10,"key":"Centennial Puzzle"},{"floor":23,"key":"Matryoshka"},{"floor":26,"key":"Mummified Hand"},{"floor":26,"key":"Shuriken"},{"floor":36,"key":"Gambling Chip"}],"event_choices":[{"damage_healed":0,"gold_gain":0,"player_choice":"Entered Light","damage_taken":16,"max_hp_gain":0,"max_hp_loss":0,"event_name":"Shining Light","floor":2,"gold_loss":0,"cards_upgraded":["Strike_R","Strike_R"]},{"damage_healed":0,"gold_gain":175,"player_choice":"AGREE","damage_taken":0,"max_hp_gain":0,"max_hp_loss":0,"event_name":"Liars Game","floor":4,"gold_loss":0,"cards_obtained":["Doubt"]},{"damage_healed":0,"gold_gain":100,"player_choice":"Pray","damage_taken":0,"max_hp_gain":0,"max_hp_loss":0,"event_name":"Golden Shrine","floor":24,"gold_loss":0},{"damage_healed":0,"gold_gain":0,"player_choice":"Fight","damage_taken":0,"max_hp_gain":0,"max_hp_loss":0,"event_name":"MindBloom","floor":36,"gold_loss":0},{"cards_removed":["Dual Wield"],"damage_healed":0,"gold_gain":0,"player_choice":"Removed Skill","damage_taken":0,"max_hp_gain":0,"max_hp_loss":0,"event_name":"Falling","floor":38,"gold_loss":0}],"is_beta":false,"boss_relics":[{"not_picked":["Mark of Pain","Ectoplasm"],"picked":"Empty Cage"},{"not_picked":["Coffee Dripper","Snecko Eye"],"picked":"Eternal Feather"}],"items_purged_floors":[12],"is_endless":false,"potions_floor_spawned":[3,14,16,18,20,22,31,33,35],"killed_by":"4 Shapes","ascension_level":0}