{"gold_per_floor":[118,138,149,149,149,174,174,206,206,82,82,97,20,32,32,129,129,146,146],"floor_reached":19,"playtime":1178,"items_purged":[],"score":177,"play_id":"daa4f8ea-14f0-4436-96f9-b8ae50ad199a","local_time":"20181002190759","is_ascension_mode":false,"campfire_choices":[{"floor":7,"key":"REST"},{"floor":15,"key":"REST"}],"neow_cost":"NONE","seed_source_timestamp":15230328307763,"circlet_count":0,"master_deck":["Defend_G","Defend_G+1","Defend_G","Defend_G","Defend_G","Strike_G","Strike_G","Strike_G","Strike_G","Strike_G","Survivor","Neutralize+1","Malaise","Crippling Poison","Sucker Punch","Bane","Quick Slash","Good Instincts+1","Backstab","Decay","Dodge and Roll+1","Leg Sweep+1","Bane","Burst+1","Sucker Punch+1"],"relics":["Ring of the Snake","Art of War","Question Card","Pen Nib","Toxic Egg 2","Eternal Feather"],"potions_floor_usage":[6,6,14],"damage_taken":[{"damage":7,"enemies":"Cultist","floor":1,"turns":5},{"damage":2,"enemies":"Jaw Worm","floor":2,"turns":6},{"damage":0,"enemies":"2 Louse","floor":3,"turns":4},{"damage":23,"enemies":"3 Sentries","floor":6,"turns":11},{"damage":17,"enemies":"Gremlin Nob","floor":8,"turns":5},{"damage":4,"enemies":"Lots of Slimes","floor":12,"turns":3},{"damage":2,"enemies":"Blue Slaver","floor":14,"turns":3},{"damage":20,"enemies":"The Guardian","floor":16,"turns":21},{"damage":12,"enemies":"Shell Parasite","floor":18,"turns":8},{"damage":12,"enemies":"Colosseum Slavers","floor":19,"turns":8},{"damage":0,"enemies":"Colosseum Nobs","floor":19,"turns":1}],"seed_played":"8731150943934550094","potions_obtained":[{"floor":2,"key":"SpeedPotion"},{"floor":3,"key":"LiquidBronze"},{"floor":8,"key":"Swift Potion"},{"floor":12,"key":"SkillPotion"}],"is_trial":false,"path_per_floor":["M","M","M","?","?","E","R","E","T","$","?","M","$","M","R","B",null,"M"],"character_chosen":"THE_SILENT","items_purchased":["Good Instincts+1","Backstab","Leg Sweep+1"],"campfire_rested":2,"item_purchase_floors":[10,10,13],"current_hp_per_floor":[63,61,61,47,35,12,33,16,16,16,16,12,12,10,31,11,70,58,46],"gold":146,"neow_bonus":"ONE_RANDOM_RARE_CARD","is_prod":false,"is_daily":false,"chose_seed":false,"campfire_upgraded":0,"win_rate":0.0,"timestamp":1538518079,"path_taken":["M","M","M","?","?","E","R","E","T","$","?","?","?","M","R","BOSS","M","?"],"build_version":"2018-09-27","purchased_purges":0,"victory":false,"max_hp_per_floor":[70,70,70,70,70,70,70,70,70,70,70,70,70,70,70,70,70,70,70],"card_choices":[{"not_picked":["Backflip","Blur"],"picked":"Crippling Poison","floor":1},{"not_picked":["Finisher","Underhanded Strike","Endless Agony"],"picked":"SKIP","floor":2},{"not_picked":["Calculated Gamble","Eviscerate"],"picked":"Sucker Punch","floor":3},{"not_picked":["Finisher","Prepared"],"picked":"Bane","floor":6},{"not_picked":["Setup","Reflex","Prepared"],"picked":"Quick Slash","floor":8},{"not_picked":["Quick Slash","Calculated Gamble+1","Slice"],"picked":"Dodge and Roll+1","floor":12},{"not_picked":["Choke","Deflect+1","Setup+1"],"picked":"Bane","floor":14},{"not_picked":["Doppelganger+1","Wraith Form v2","Night Terror+1"],"picked":"Burst+1","floor":16},{"not_picked":["Dodge and Roll+1","Backstab","Riddle With Holes"],"picked":"Sucker Punch+1","floor":18}],"player_experience":94296,"relics_obtained":[{"floor":6,"key":"Question Card"},{"floor":8,"key":"Pen Nib"},{"floor":9,"key":"Toxic Egg 2"}],"event_choices":[{"event_name":"Shining Light","player_choice":"Entered Light","floor":4,"damage_taken":0},{"event_name":"Scrap Ooze","player_choice":"success","floor":5,"damage_taken":12},{"event_name":"Wheel of Change","player_choice":"Curse","floor":11,"damage_taken":0},{"event_name":"Colosseum","player_choice":"Fight","floor":19,"damage_taken":0},{"event_name":"Colosseum","player_choice":"Fought Nobs","floor":19,"damage_taken":0}],"is_beta":false,"boss_relics":[{"not_picked":["Lizard Tail","HoveringKite"],"picked":"Eternal Feather"}],"items_purged_floors":[],"is_endless":false,"potions_floor_spawned":[2,3,8,12],"killed_by":"Colosseum Nobs","ascension_level":0}