{"gold_per_floor":[119,131,131,149,169,199,199,264,288,268,284,300,314,326,326,326],"floor_reached":16,"playtime":707,"items_purged":[],"score":203,"play_id":"6facea63-2e9a-4249-aed8-9757a58edf25","local_time":"20190509155037","is_ascension_mode":true,"campfire_choices":[{"data":"Glass Knife","floor":7,"key":"SMITH"},{"floor":15,"key":"REST"}],"neow_cost":"TEN_PERCENT_HP_LOSS","seed_source_timestamp":683621343896166,"circlet_count":0,"master_deck":["AscendersBane","Defend_G","Defend_G","Defend_G","Defend_G","Defend_G","Strike_G","Strike_G","Strike_G","Strike_G","Strike_G","Survivor","Neutralize","Glass Knife+1","PiercingWail","Cloak And Dagger","Sucker Punch","PiercingWail","Backstab","Venomology","PiercingWail","Backflip","Dash","Envenom"],"relics":["Ring of the Snake","Bottled Flame","Tiny Chest","Juzu Bracelet"],"potions_floor_usage":[6,6,13,16],"damage_taken":[{"damage":2,"enemies":"Jaw Worm","floor":1,"turns":4},{"damage":0,"enemies":"Cultist","floor":2,"turns":4},{"damage":0,"enemies":"Small Slimes","floor":4,"turns":4},{"damage":5,"enemies":"Exordium Thugs","floor":5,"turns":6},{"damage":26,"enemies":"Lagavulin","floor":6,"turns":6},{"damage":29,"enemies":"Gremlin Nob","floor":8,"turns":5},{"damage":0,"enemies":"Blue Slaver","floor":11,"turns":2},{"damage":0,"enemies":"3 Louse","floor":12,"turns":2},{"damage":0,"enemies":"Exordium Wildlife","floor":13,"turns":6},{"damage":1,"enemies":"Exordium Thugs","floor":14,"turns":5},{"damage":20,"enemies":"The Guardian","floor":16,"turns":10}],"seed_played":"-1219566230083056524","potions_obtained":[{"floor":1,"key":"FearPotion"},{"floor":2,"key":"SmokeBomb"},{"floor":6,"key":"Fruit Juice"},{"floor":8,"key":"GhostInAJar"}],"is_trial":false,"path_per_floor":["M","M","?","M","M","E","R","E","T","?","M","M","M","M","R","B"],"character_chosen":"THE_SILENT","items_purchased":[],"campfire_rested":1,"item_purchase_floors":[],"current_hp_per_floor":[57,57,57,57,52,31,31,2,2,2,2,2,2,1,20,0],"gold":326,"neow_bonus":"THREE_RARE_CARDS","is_prod":false,"is_daily":false,"chose_seed":false,"campfire_upgraded":1,"win_rate":0,"timestamp":1557431437,"path_taken":["M","M","?","M","M","E","R","E","T","?","M","M","M","M","R","BOSS"],"build_version":"2019-01-23","purchased_purges":0,"victory":false,"max_hp_per_floor":[60,60,60,60,60,65,65,65,65,65,65,65,65,65,65,65],"card_choices":[{"not_picked":["Bullet Time","Unload"],"picked":"Glass Knife","floor":0},{"not_picked":["Bouncing Flask","Dagger Throw"],"picked":"PiercingWail","floor":1},{"not_picked":["Bane","Poisoned Stab"],"picked":"Cloak And Dagger","floor":2},{"not_picked":["Outmaneuver","Cloak And Dagger"],"picked":"PiercingWail","floor":4},{"not_picked":["Riddle With Holes","Sucker Punch","Reflex"],"picked":"SKIP","floor":5},{"not_picked":["Finisher","Dagger Throw"],"picked":"Backstab","floor":6},{"not_picked":["Poisoned Stab","Underhanded Strike"],"picked":"Venomology","floor":8},{"not_picked":["Dagger Spray","Flying Knee"],"picked":"PiercingWail","floor":11},{"not_picked":["Blade Dance","Reflex"],"picked":"Backflip","floor":12},{"not_picked":["Backflip","PiercingWail"],"picked":"Dash","floor":13},{"not_picked":["Dodge and Roll","Bane"],"picked":"Envenom","floor":14}],"player_experience":509858,"relics_obtained":[{"floor":6,"key":"Bottled Flame"},{"floor":8,"key":"Tiny Chest"},{"floor":9,"key":"Juzu Bracelet"}],"event_choices":[{"damage_healed":0,"gold_gain":0,"player_choice":"1 cards matched","damage_taken":0,"max_hp_gain":0,"max_hp_loss":0,"event_name":"Match and Keep!","floor":3,"gold_loss":0,"cards_obtained":["Sucker Punch"]},{"damage_healed":0,"gold_gain":0,"player_choice":"Bought 1 Potion","damage_taken":0,"max_hp_gain":0,"max_hp_loss":0,"event_name":"The Woman in Blue","floor":10,"gold_loss":0}],"is_beta":false,"boss_relics":[],"items_purged_floors":[],"is_endless":false,"potions_floor_spawned":[1,2,6,8,12,14],"killed_by":"The Guardian","ascension_level":15}