{"gold_per_floor":[114,114,134,149,249,249,269,269,269,279,279,310,310,310],"floor_reached":14,"playtime":1151,"items_purged":[],"score":144,"play_id":"e5fd014a-720c-4247-8618-1bf7ac4f66c7","local_time":"20190612191754","is_ascension_mode":true,"campfire_choices":[{"data":"Venomology","floor":6,"key":"SMITH"},{"data":"Footwork","floor":8,"key":"SMITH"},{"data":"Caltrops","floor":11,"key":"SMITH"},{"floor":13,"key":"REST"}],"neow_cost":"TEN_PERCENT_HP_LOSS","seed_source_timestamp":4825927719203,"circlet_count":0,"master_deck":["AscendersBane","Defend_G","Defend_G","Defend_G","Defend_G","Defend_G","Strike_G","Strike_G","Strike_G","Survivor","Neutralize","Venomology+1","Blade Dance","Acrobatics","Deadly Poison","Footwork+1","Dagger Spray","Caltrops+1","Crippling Poison"],"relics":["Ring of the Snake","FaceOfCleric","Letter Opener","Tingsha"],"potions_floor_usage":[4,7,7,10,12,12,14],"damage_taken":[{"damage":1,"enemies":"Small Slimes","floor":1,"turns":5},{"damage":9,"enemies":"Cultist","floor":3,"turns":5},{"damage":1,"enemies":"Jaw Worm","floor":4,"turns":2},{"damage":24,"enemies":"Exordium Thugs","floor":7,"turns":8},{"damage":0,"enemies":"3 Louse","floor":10,"turns":3},{"damage":19,"enemies":"Lagavulin","floor":12,"turns":6},{"damage":56,"enemies":"Gremlin Nob","floor":14,"turns":5}],"seed_played":"-4587972211668798975","potions_obtained":[{"floor":3,"key":"Fire Potion"}],"is_trial":false,"path_per_floor":["M","?","M","M","?","R","M","R","T","M","R","E","R","E"],"character_chosen":"THE_SILENT","items_purchased":[],"campfire_rested":1,"item_purchase_floors":[],"current_hp_per_floor":[62,62,54,54,54,54,31,31,31,32,32,14,34,0],"gold":310,"neow_bonus":"TRANSFORM_TWO_CARDS","is_prod":false,"is_daily":false,"chose_seed":false,"campfire_upgraded":3,"win_rate":0,"timestamp":1560338274,"path_taken":["M","?","?","M","?","R","?","R","T","M","R","E","R","E"],"build_version":"2019-01-23","purchased_purges":0,"victory":false,"max_hp_per_floor":[63,63,64,65,65,65,66,66,66,67,67,68,68,68],"card_choices":[{"not_picked":["Sucker Punch","Deflect"],"picked":"Acrobatics","floor":1},{"not_picked":["Outmaneuver","Blade Dance"],"picked":"Deadly Poison","floor":3},{"not_picked":["Outmaneuver","Acrobatics"],"picked":"Footwork","floor":4},{"not_picked":["PiercingWail","Terror"],"picked":"Dagger Spray","floor":7},{"not_picked":["Accuracy","Quick Slash"],"picked":"Caltrops","floor":10},{"not_picked":["Prepared","Poisoned Stab"],"picked":"Crippling Poison","floor":12}],"player_experience":810960,"relics_obtained":[{"floor":9,"key":"Letter Opener"},{"floor":12,"key":"Tingsha"}],"event_choices":[{"damage_healed":0,"gold_gain":0,"player_choice":"Trade","damage_taken":0,"relics_obtained":["FaceOfCleric"],"max_hp_gain":0,"max_hp_loss":0,"event_name":"FaceTrader","floor":2,"gold_loss":0},{"damage_healed":0,"gold_gain":100,"player_choice":"Pray","damage_taken":0,"max_hp_gain":0,"max_hp_loss":0,"event_name":"Golden Shrine","floor":5,"gold_loss":0}],"is_beta":false,"boss_relics":[],"items_purged_floors":[],"is_endless":false,"potions_floor_spawned":[3],"killed_by":"Gremlin Nob","ascension_level":12}