{"path_per_floor":["M","?","M","?","M","E","R","?","T","$","M","?","$","?","R","B",null,"M","?","?","M","?"],"character_chosen":"IRONCLAD","items_purchased":["Art of War"],"gold_per_floor":[117,117,135,135,153,178,178,178,178,21,40,5,5,5,5,104,104,123,123,123,143,143],"floor_reached":23,"campfire_rested":1,"playtime":768,"current_hp_per_floor":[77,77,71,55,54,27,51,51,51,51,57,77,77,70,70,61,80,80,80,80,66,50],"items_purged":[],"gold":143,"score":187,"play_id":"b706ef13-d688-4c14-a637-10b0f7629f30","is_prod":false,"is_daily":false,"is_ascension_mode":false,"campfire_upgraded":1,"path_taken":["M","?","M","?","M","E","R","?","T","$","M","?","$","?","R","BOSS","M","?","?","M","?","E"],"build_version":"2018-02-12-PROD1","purchased_purges":0,"victory":false,"master_deck":["Strike_R+1","Strike_R+1","Strike_R+1","Strike_R+1","Strike_R+1","Defend_R+1","Defend_R+1","Defend_R+1","Defend_R+1","Iron Wave","Inflame","Armaments+1","Perfected Strike","Sentinel","Juggernaut","Flex","Sword Boomerang+1"],"max_hp_per_floor":[80,80,80,80,80,80,80,80,80,80,80,80,80,80,80,80,80,80,80,80,80,80],"relics":["Black Blood","Meat on the Bone","Thread and Needle","Art of War","Dead Branch","Enchiridion"],"card_choices":[{"not_picked":["Body Slam","True Grit"],"picked":"Iron Wave"},{"not_picked":["Anger","Wild Strike"],"picked":"Inflame"},{"not_picked":["Spot Weakness","Cleave"],"picked":"Armaments"},{"not_picked":["Intimidate","Clash"],"picked":"Perfected Strike"},{"not_picked":["Power Through","Sword Boomerang"],"picked":"Sentinel"},{"not_picked":["Dark Embrace","Immolate"],"picked":"Juggernaut"},{"not_picked":["Warcry","Blood for Blood"],"picked":"Flex"},{"not_picked":["Evolve","Headbutt"],"picked":"Sword Boomerang"}],"player_experience":79488,"potions_floor_usage":[16,16,23],"damage_taken":[{"damage":9,"enemies":"Cultist","floor":1,"turns":4},{"damage":12,"enemies":"Small Slimes","floor":3,"turns":4},{"damage":7,"enemies":"2 Louse","floor":5,"turns":2},{"damage":33,"enemies":"Lagavulin","floor":6,"turns":11},{"damage":0,"enemies":"Large Slime","floor":11,"turns":6},{"damage":15,"enemies":"The Guardian","floor":16,"turns":14},{"damage":9,"enemies":"Chosen","floor":18,"turns":6},{"damage":24,"enemies":"3 Byrds","floor":21,"turns":8},{"damage":54,"enemies":"Book of Stabbing","floor":23,"turns":7}],"event_choices":[{"event_name":"Golden Wing","player_choice":"Ignored","floor":2,"damage_taken":0},{"event_name":"Shining Light","player_choice":"Entered Light","floor":4,"damage_taken":0},{"event_name":"Bonfire Elementals","player_choice":"BASIC","floor":8,"damage_taken":0},{"event_name":"The Cleric","player_choice":"Healed","floor":12,"damage_taken":0},{"event_name":"Scrap Ooze","player_choice":"success","floor":14,"damage_taken":7},{"event_name":"Back to Basics","player_choice":"Simplicity","floor":19,"damage_taken":0},{"event_name":"Purifier","player_choice":"Skipped","floor":20,"damage_taken":0},{"event_name":"Cursed Tome","player_choice":"Obtained Book","floor":22,"damage_taken":0}],"boss_relics":[{"not_picked":["Ectoplasm","Eternal Feather"],"picked":"Black Blood"}],"potions_floor_spawned":[6,11,21],"seed_played":"-6081383905697434796","killed_by":"Book of Stabbing","ascension_level":0,"is_trial":false}