{"gold_per_floor":[118,193,204,217,217,217,168,198,237,249,101,101,101,111,111,214,214,231,244,194,119,119,119,119],"floor_reached":24,"playtime":1024,"items_purged":["Strike_B"],"score":202,"play_id":"510dd328-a0c4-4275-96d8-e5b932446e27","local_time":"20181004205159","is_ascension_mode":true,"campfire_choices":[{"data":"Gash","floor":6,"key":"SMITH"},{"data":"Hologram","floor":10,"key":"SMITH"},{"floor":13,"key":"REST"},{"data":"Hologram","floor":15,"key":"SMITH"},{"data":"Trip","floor":23,"key":"SMITH"}],"neow_cost":"NONE","seed_source_timestamp":12158063978026,"circlet_count":0,"master_deck":["Strike_B","Strike_B","Strike_B","Defend_B","Defend_B","Defend_B","Defend_B","Zap","Dualcast","Cold Snap","Gash+1","Compile Driver","Hologram+1","Reprogram","Trip+1","Gash","Hologram+1","All For One"],"relics":["Cracked Core","MawBank","Dream Catcher","Kunai","Black Star"],"potions_floor_usage":[24,24],"damage_taken":[{"damage":7,"enemies":"2 Louse","floor":1,"turns":2},{"damage":6,"enemies":"Jaw Worm","floor":3,"turns":3},{"damage":0,"enemies":"Cultist","floor":4,"turns":3},{"damage":13,"enemies":"3 Sentries","floor":8,"turns":8},{"damage":7,"enemies":"2 Fungi Beasts","floor":14,"turns":3},{"damage":5,"enemies":"Slime Boss","floor":16,"turns":8},{"damage":19,"enemies":"3 Byrds","floor":18,"turns":5},{"damage":12,"enemies":"Shell Parasite","floor":19,"turns":5},{"damage":55,"enemies":"3 Cultists","floor":24,"turns":5}],"seed_played":"-2337548824084937097","potions_obtained":[{"floor":1,"key":"Poison Potion"},{"floor":3,"key":"GamblersBrew"},{"floor":8,"key":"FocusPotion"},{"floor":19,"key":"Block Potion"}],"is_trial":false,"path_per_floor":["M","?","M","M","?","R","$","E","T","R","$","T","R","M","R","B",null,"M","M","?","$","?","R"],"character_chosen":"DEFECT","items_purchased":["Hologram","Reprogram","Trip"],"campfire_rested":1,"item_purchase_floors":[7,11,11],"current_hp_per_floor":[68,57,51,51,56,56,56,43,43,43,43,43,67,60,60,55,80,61,49,49,49,49,49,0],"gold":119,"neow_bonus":"THREE_CARDS","is_prod":false,"is_daily":false,"chose_seed":false,"campfire_upgraded":4,"win_rate":0,"timestamp":1538697119,"path_taken":["M","?","M","?","?","R","$","E","T","R","$","?","R","M","R","BOSS","M","M","?","$","?","R","M"],"build_version":"2018-09-27","purchased_purges":1,"victory":false,"max_hp_per_floor":[75,75,75,75,80,80,80,80,80,80,80,80,80,80,80,80,80,80,80,80,80,80,80,80],"card_choices":[{"not_picked":["Scrape","Undo"],"picked":"Cold Snap","floor":0},{"not_picked":["Undo","Double Energy"],"picked":"Gash","floor":1},{"not_picked":["Undo","Conserve Battery"],"picked":"Compile Driver","floor":3},{"not_picked":["Leap","Ball Lightning","Sweeping Beam"],"picked":"SKIP","floor":4},{"not_picked":["Self Repair","Beam Cell","Rebound"],"picked":"SKIP","floor":8},{"not_picked":["Beam Cell","Tempest"],"picked":"Gash","floor":13},{"not_picked":["Loop","Sunder"],"picked":"Hologram","floor":14},{"not_picked":["Amplify","Multi-Cast"],"picked":"All For One","floor":16},{"not_picked":["Scrape","BootSequence","Stack"],"picked":"SKIP","floor":18},{"not_picked":["Cold Snap","Sweeping Beam","Beam Cell+1"],"picked":"SKIP","floor":19}],"player_experience":109949,"relics_obtained":[{"floor":8,"key":"MawBank"},{"floor":9,"key":"Dream Catcher"},{"floor":12,"key":"Kunai"}],"event_choices":[{"event_name":"World of Goop","player_choice":"Gather Gold","floor":2,"damage_taken":0},{"event_name":"Big Fish","player_choice":"Donut","floor":5,"damage_taken":0},{"event_name":"The Joust","player_choice":"Bet on Murderer","floor":20,"damage_taken":0},{"event_name":"Vampires","player_choice":"Ignored","floor":22,"damage_taken":0}],"is_beta":false,"boss_relics":[{"not_picked":["Astrolabe","Velvet Choker"],"picked":"Black Star"}],"items_purged_floors":[21],"is_endless":false,"potions_floor_spawned":[1,3,8,19],"killed_by":"3 Cultists","ascension_level":1}