{"gold_per_floor":[211,228,11,27,47,47,22,55,55,55,84,97,110,125,125,225,225,243,260,13,38,38,72,72,89,116,128,78,94,108,52,52,154,154,171,181,181,200,85,119,132,354,422,435,435,481,481,7,7,7],"floor_reached":51,"playtime":4003,"items_purged":["Strike_B","Shame"],"score":736,"play_id":"53828409-22da-4a36-94da-fd9a8a122112","local_time":"20190623011321","is_ascension_mode":false,"campfire_choices":[{"data":"Beam Cell","floor":6,"key":"SMITH"},{"floor":10,"key":"REST"},{"data":"Hologram","floor":15,"key":"SMITH"},{"floor":32,"key":"REST"},{"data":"Apotheosis","floor":45,"key":"SMITH"},{"floor":49,"key":"REST"}],"neow_cost":"NONE","seed_source_timestamp":4103034906707,"circlet_count":0,"master_deck":["Strike_B","Strike_B","Strike_B","Defend_B","Defend_B","Defend_B","Defend_B","Zap","Dualcast","Beam Cell+1","Hello World","Conserve Battery","Doom and Gloom","Turbo","Go for the Eyes","Rebound","Cold Snap","Glacier+1","Double Energy+1","Hologram+1","Creative AI+1","Hologram","Coolheaded","FTL","Apotheosis+1","Beam Cell+1","Ball Lightning+1","Cold Snap+1","Melter+1","Defragment+1","Madness","Madness","Go for the Eyes+1","Loop+1","Capacitor+1"],"relics":["Cracked Core","Membership Card","Frozen Egg 2","Mercury Hourglass","Meat on the Bone","Busted Crown","Vajra","Red Mask","Pen Nib","Molten Egg 2","Bronze Scales","Anchor","Gambling Chip","The Courier","FossilizedHelix","Oddly Smooth Stone","Bottled Lightning","Centennial Puzzle","Art of War","Strawberry","War Paint","Ornamental Fan"],"potions_floor_usage":[8,16,16,19,29,30,40,46,50],"damage_taken":[{"damage":2,"enemies":"2 Louse","floor":1,"turns":3},{"damage":6,"enemies":"Jaw Worm","floor":2,"turns":3},{"damage":6,"enemies":"Cultist","floor":4,"turns":3},{"damage":1,"enemies":"3 Louse","floor":5,"turns":2},{"damage":21,"enemies":"Lagavulin","floor":8,"turns":5},{"damage":18,"enemies":"3 Sentries","floor":11,"turns":4},{"damage":6,"enemies":"Large Slime","floor":12,"turns":4},{"damage":0,"enemies":"Gremlin Gang","floor":13,"turns":2},{"damage":0,"enemies":"Lots of Slimes","floor":14,"turns":1},{"damage":22,"enemies":"The Guardian","floor":16,"turns":10},{"damage":12,"enemies":"2 Thieves","floor":18,"turns":3},{"damage":8,"enemies":"3 Byrds","floor":19,"turns":3},{"damage":19,"enemies":"Masked Bandits","floor":21,"turns":6},{"damage":9,"enemies":"Slavers","floor":23,"turns":5},{"damage":0,"enemies":"Snecko","floor":25,"turns":4},{"damage":5,"enemies":"Centurion and Healer","floor":27,"turns":4},{"damage":0,"enemies":"3 Cultists","floor":29,"turns":4},{"damage":16,"enemies":"Snake Plant","floor":30,"turns":3},{"damage":12,"enemies":"Champ","floor":33,"turns":10},{"damage":0,"enemies":"Orb Walker","floor":35,"turns":3},{"damage":6,"enemies":"3 Shapes","floor":36,"turns":3},{"damage":17,"enemies":"Spire Growth","floor":38,"turns":5},{"damage":0,"enemies":"Giant Head","floor":40,"turns":8},{"damage":0,"enemies":"Transient","floor":41,"turns":5},{"damage":3,"enemies":"4 Shapes","floor":44,"turns":5},{"damage":2,"enemies":"2 Orb Walkers","floor":46,"turns":5},{"damage":17,"enemies":"Donu and Deca","floor":50,"turns":12}],"seed_played":"-2606731743753380265","potions_obtained":[{"floor":4,"key":"Swift Potion"},{"floor":5,"key":"Swift Potion"},{"floor":12,"key":"Regen Potion"},{"floor":13,"key":"FocusPotion"},{"floor":14,"key":"SteroidPotion"},{"floor":16,"key":"Block Potion"},{"floor":21,"key":"EssenceOfSteel"},{"floor":23,"key":"Swift Potion"},{"floor":29,"key":"EntropicBrew"},{"floor":36,"key":"Dexterity Potion"},{"floor":40,"key":"Fruit Juice"},{"floor":44,"key":"Weak Potion"}],"is_trial":false,"path_per_floor":["M","M","$","M","M","R","$","E","T","R","E","M","M","M","R","B",null,"M","M","$","?","?","E","?","M","T","M","$","M","M","$","R","B",null,"M","M","?","M","$","E","M","?","T","M","R","?","?","$","R","B",null],"character_chosen":"DEFECT","items_purchased":["Membership Card","Conserve Battery","Go for the Eyes","Vajra","FTL","Apotheosis","Melter+1","Defragment+1","Anchor","Loop+1","Capacitor+1","Bottled Lightning","Centennial Puzzle","Art of War","Strawberry","War Paint","Ornamental Fan"],"campfire_rested":3,"item_purchase_floors":[3,3,7,20,20,20,31,31,39,39,48,48,48,48,48,48,48],"current_hp_per_floor":[73,67,67,61,60,60,60,39,39,61,43,49,49,49,49,42,75,63,55,55,48,48,39,64,64,64,59,59,59,43,43,65,53,75,75,69,60,43,43,48,48,48,48,45,45,43,43,50,76,59],"gold":7,"neow_bonus":"HUNDRED_GOLD","is_prod":false,"is_daily":false,"chose_seed":false,"campfire_upgraded":3,"win_rate":0.0,"timestamp":1561270401,"path_taken":["M","M","$","M","M","R","$","E","T","R","E","M","M","M","R","BOSS","M","M","$","?","?","E","?","M","T","M","?","M","M","$","R","BOSS","M","M","?","M","$","E","M","?","T","M","R","?","?","$","R","BOSS"],"build_version":"2019-01-23","purchased_purges":2,"victory":true,"max_hp_per_floor":[75,75,75,75,75,75,75,75,75,75,75,75,75,75,75,75,75,75,75,75,75,75,75,75,75,75,75,75,75,75,75,75,75,75,75,75,75,75,75,80,80,80,80,80,80,80,80,87,87,87],"card_choices":[{"not_picked":["Self Repair","Leap"],"picked":"Beam Cell","floor":1},{"not_picked":["Coolheaded","Fusion"],"picked":"Hello World","floor":2},{"not_picked":["Consume","Turbo"],"picked":"Doom and Gloom","floor":4},{"not_picked":["Recycle","Heatsinks"],"picked":"Turbo","floor":5},{"not_picked":["Steam Power","BootSequence"],"picked":"Rebound","floor":8},{"not_picked":["Sweeping Beam","White Noise"],"picked":"Cold Snap","floor":11},{"not_picked":["Force Field","Scrape"],"picked":"Glacier","floor":12},{"not_picked":["Reprogram","Rebound"],"picked":"Double Energy","floor":13},{"not_picked":["Darkness","Seek"],"picked":"Hologram","floor":14},{"not_picked":["Core Surge","Amplify"],"picked":"Creative AI+1","floor":16},{"not_picked":[],"picked":"Hologram","floor":18},{"not_picked":[],"picked":"Coolheaded","floor":19},{"not_picked":[],"picked":"Beam Cell","floor":23},{"not_picked":[],"picked":"Ball Lightning+1","floor":25},{"not_picked":["Storm+1"],"picked":"SKIP","floor":27},{"not_picked":["Genetic Algorithm"],"picked":"SKIP","floor":29},{"not_picked":[],"picked":"Cold Snap+1","floor":30},{"not_picked":["Fusion"],"picked":"SKIP","floor":35},{"not_picked":["Genetic Algorithm"],"picked":"SKIP","floor":36},{"not_picked":[],"picked":"Go for the Eyes+1","floor":38},{"not_picked":["Melter+1"],"picked":"SKIP","floor":40},{"not_picked":["Defragment+1"],"picked":"SKIP","floor":41},{"not_picked":["Recycle+1"],"picked":"SKIP","floor":44}],"player_experience":44425,"relics_obtained":[{"floor":8,"key":"Frozen Egg 2"},{"floor":9,"key":"Mercury Hourglass"},{"floor":11,"key":"Meat on the Bone"},{"floor":21,"key":"Red Mask"},{"floor":23,"key":"Molten Egg 2"},{"floor":26,"key":"Bronze Scales"},{"floor":40,"key":"Gambling Chip"},{"floor":43,"key":"The Courier"},{"floor":46,"key":"FossilizedHelix"}],"event_choices":[{"damage_healed":0,"gold_gain":0,"player_choice":"Fought Bandits","damage_taken":0,"max_hp_gain":0,"max_hp_loss":0,"event_name":"Masked Bandits","floor":21,"gold_loss":0},{"damage_healed":0,"gold_gain":0,"player_choice":"Stole Relic","damage_taken":0,"relics_obtained":["Pen Nib"],"max_hp_gain":0,"max_hp_loss":0,"event_name":"Addict","floor":22,"gold_loss":0,"cards_obtained":["Shame"]},{"damage_healed":25,"gold_gain":0,"player_choice":"Heal","damage_taken":0,"max_hp_gain":0,"max_hp_loss":0,"event_name":"The Library","floor":24,"gold_loss":0},{"damage_healed":0,"gold_gain":0,"player_choice":"Embrace Madness","damage_taken":9,"max_hp_gain":0,"max_hp_loss":0,"event_name":"Winding Halls","floor":37,"gold_loss":0,"cards_obtained":["Madness","Madness"]},{"damage_healed":0,"gold_gain":222,"player_choice":"Wore Mask","damage_taken":0,"max_hp_gain":0,"max_hp_loss":0,"event_name":"Tomb of Lord Red Mask","floor":42,"gold_loss":0},{"damage_healed":0,"gold_gain":0,"player_choice":"Fight","damage_taken":0,"max_hp_gain":0,"max_hp_loss":0,"event_name":"Mysterious Sphere","floor":46,"gold_loss":0},{"damage_healed":0,"gold_gain":0,"player_choice":"Gave Potion","damage_taken":0,"relics_obtained":["Oddly Smooth Stone"],"max_hp_gain":0,"max_hp_loss":0,"event_name":"WeMeetAgain","floor":47,"gold_loss":0}],"is_beta":false,"boss_relics":[{"not_picked":["Calling Bell","Astrolabe"],"picked":"Busted Crown"},{"not_picked":["Snecko Eye","Runic Dome","FrozenCore"]}],"items_purged_floors":[20,28],"is_endless":false,"potions_floor_spawned":[4,5,12,13,14,16,21,23,25,29,36,40,44],"ascension_level":0}