{"gold_per_floor":[119,119,131,146,99,134,134,134,207,207,227,260,113,128,128,202,202,215,305,319,339,264,264,264],"floor_reached":24,"playtime":4123,"items_purged":["Flechettes"],"score":361,"play_id":"0f80be29-601e-4406-a063-3aaf24a34723","local_time":"20190509134059","is_ascension_mode":true,"campfire_choices":[{"floor":8.0,"key":"REST"},{"data":"Neutralize","floor":10.0,"key":"SMITH"},{"floor":15.0,"key":"REST"},{"floor":23,"key":"REST"}],"neow_cost":"NONE","seed_source_timestamp":672135489828867,"circlet_count":0,"master_deck":["AscendersBane","Survivor","Neutralize+1","Dash+1","Poisoned Stab","Dagger Throw","Burst","Deadly Poison","Glass Knife","Cloak And Dagger","Bullet Time","Bullet Time","Masterful Stab","Sucker Punch","Phantasmal Killer","Well Laid Plans","Burst","Prepared","Corpse Explosion","Accuracy","Noxious Fumes+1"],"special_seed":0,"relics":["Ring of the Snake","Bag of Marbles","Mummified Hand","Gambling Chip","Pandora\u0027s Box"],"potions_floor_usage":[21,24],"damage_taken":[{"damage":0.0,"enemies":"2 Louse","floor":1.0,"turns":3.0},{"damage":0.0,"enemies":"Jaw Worm","floor":3.0,"turns":4.0},{"damage":0.0,"enemies":"Cultist","floor":4.0,"turns":3.0},{"damage":17.0,"enemies":"Lagavulin","floor":6.0,"turns":5.0},{"damage":3.0,"enemies":"Exordium Thugs","floor":11.0,"turns":5.0},{"damage":18.0,"enemies":"3 Sentries","floor":12.0,"turns":9.0},{"damage":0.0,"enemies":"Red Slaver","floor":14.0,"turns":1.0},{"damage":11.0,"enemies":"The Guardian","floor":16.0,"turns":12.0},{"damage":0,"enemies":"Chosen","floor":18,"turns":4},{"damage":8,"enemies":"Spheric Guardian","floor":20,"turns":3},{"damage":18,"enemies":"Shelled Parasite and Fungi","floor":21,"turns":4},{"damage":44,"enemies":"Gremlin Leader","floor":24,"turns":5}],"seed_played":"-3705891517085036976","potions_obtained":[{"floor":1.0,"key":"Poison Potion"},{"floor":6.0,"key":"GhostInAJar"},{"floor":12.0,"key":"FearPotion"},{"floor":16.0,"key":"Strength Potion"}],"is_trial":false,"path_per_floor":["M","?","M","M","?","E","?","R","T","R","M","E","$","M","R","B",null,"M","?","M","M","$","R","E"],"character_chosen":"THE_SILENT","items_purchased":["Glass Knife"],"campfire_rested":3,"item_purchase_floors":[13],"current_hp_per_floor":[59,39,39,39,39,22,22,41,41,41,38,20,20,20,39,28,57,57,45,37,19,19,38,0],"gold":264,"neow_bonus":"THREE_CARDS","is_prod":false,"is_daily":false,"chose_seed":false,"campfire_upgraded":1,"win_rate":0,"timestamp":1557423659,"path_taken":["M","?","M","M","?","E","?","R","T","R","M","E","$","M","R","BOSS","M","?","M","?","?","R","E"],"build_version":"2019-01-23","purchased_purges":1,"victory":false,"max_hp_per_floor":[66,66,66,66,66,66,66,66,66,66,66,66,66,66,66,66,66,66,66,66,66,66,66,66],"card_choices":[{"not_picked":["Acrobatics","Slice"],"picked":"Dash","floor":0.0},{"not_picked":["Escape Plan","Slice"],"picked":"Poisoned Stab","floor":1.0},{"not_picked":["Slice","Outmaneuver","Concentrate"],"picked":"SKIP","floor":3.0},{"not_picked":["Bane","Prepared"],"picked":"Dagger Throw","floor":4.0},{"not_picked":["Infinite Blades","Backflip"],"picked":"Burst","floor":6.0},{"not_picked":["Underhanded Strike","Choke"],"picked":"Deadly Poison","floor":11.0},{"not_picked":["Heel Hook","Deadly Poison","Underhanded Strike"],"picked":"SKIP","floor":12.0},{"not_picked":["Concentrate","Calculated Gamble"],"picked":"Cloak And Dagger","floor":14.0},{"not_picked":["Night Terror","Burst"],"picked":"Bullet Time","floor":16.0},{"not_picked":["Dagger Spray","Bane"],"picked":"Noxious Fumes+1","floor":18},{"not_picked":["Prepared+1","Outmaneuver","All Out Attack"],"picked":"SKIP","floor":20},{"not_picked":["Underhanded Strike","Prepared","Noxious Fumes"],"picked":"SKIP","floor":21}],"player_experience":505735,"relics_obtained":[{"floor":6.0,"key":"Bag of Marbles"},{"floor":9.0,"key":"Mummified Hand"},{"floor":12.0,"key":"Gambling Chip"}],"event_choices":[{"damage_healed":0.0,"max_hp_gain":0.0,"max_hp_loss":0.0,"gold_gain":0.0,"event_name":"Shining Light","player_choice":"Entered Light","floor":2.0,"gold_loss":0.0,"damage_taken":20.0,"cards_upgraded":["Strike_G","Defend_G"]},{"damage_healed":0.0,"max_hp_gain":0.0,"max_hp_loss":0.0,"gold_gain":0.0,"event_name":"World of Goop","player_choice":"Left Gold","floor":5.0,"gold_loss":47.0,"damage_taken":0.0},{"damage_healed":0.0,"max_hp_gain":0.0,"max_hp_loss":0.0,"gold_gain":0.0,"event_name":"Upgrade Shrine","player_choice":"Upgraded","floor":7.0,"gold_loss":0.0,"damage_taken":0.0,"cards_upgraded":["Dash"]},{"damage_healed":0,"gold_gain":90,"player_choice":"GOLD ","damage_taken":12,"max_hp_gain":0,"max_hp_loss":0,"event_name":"Knowing Skull","floor":19,"potions_obtained":[],"gold_loss":0,"cards_obtained":[]}],"is_beta":false,"boss_relics":[{"not_picked":["WristBlade","White Beast Statue"],"picked":"Pandora\u0027s Box"}],"items_purged_floors":[22],"is_endless":false,"potions_floor_spawned":[1,6,12,16,18],"killed_by":"Gremlin Leader","ascension_level":15}