{"gold_per_floor":[111,111,111,111,126,154,11,25,98,111,29,62,74,74,74,178,178,220,232,232,232,28,60,160,160,184,184,203,39,39,54,54,54],"floor_reached":33,"playtime":1552,"items_purged":["Shame"],"score":298,"play_id":"fd0b3b9d-8a19-46b9-9337-9d3c15486e03","local_time":"20190123152426","is_ascension_mode":false,"campfire_choices":[{"data":"Armaments","floor":15,"key":"SMITH"},{"data":"Armaments","floor":25,"key":"SMITH"},{"data":"Armaments","floor":27,"key":"SMITH"},{"floor":32,"key":"REST"}],"neow_cost":"NONE","seed_source_timestamp":1565792956050717,"circlet_count":0,"master_deck":["Strike_R","Strike_R","Strike_R","Strike_R","Strike_R","Defend_R","Defend_R","Defend_R","Defend_R","Armaments+1","Headbutt","Cleave","Carnage","Anger","Shockwave","Jack Of All Trades","Armaments+1","Armaments+1","Immolate","Cleave+1","Bludgeon","Berserk","Searing Blow+1","Infernal Blade","Whirlwind+1"],"relics":["Burning Blood","NeowsBlessing","Blood Vial","PreservedInsect","Dodecahedron","Bottled Flame","Sundial","White Beast Statue","MutagenicStrength","Lantern","Toy Ornithopter","Pen Nib","Thread and Needle","Singing Bowl","Anchor","Enchiridion"],"potions_floor_usage":[12,16,18,19,23,23,24,24,28,31,33,33],"damage_taken":[{"damage":0,"enemies":"Jaw Worm","floor":1,"turns":1},{"damage":0,"enemies":"2 Louse","floor":5,"turns":1},{"damage":0,"enemies":"Gremlin Nob","floor":6,"turns":1},{"damage":3,"enemies":"Small Slimes","floor":8,"turns":3},{"damage":7,"enemies":"Blue Slaver","floor":10,"turns":2},{"damage":18,"enemies":"3 Sentries","floor":12,"turns":4},{"damage":5,"enemies":"Looter","floor":13,"turns":3},{"damage":58,"enemies":"Slime Boss","floor":16,"turns":12},{"damage":0,"enemies":"2 Thieves","floor":18,"turns":3},{"damage":10,"enemies":"Spheric Guardian","floor":19,"turns":4},{"damage":21,"enemies":"Book of Stabbing","floor":23,"turns":3},{"damage":23,"enemies":"Colosseum Slavers","floor":24,"turns":3},{"damage":25,"enemies":"Colosseum Nobs","floor":24,"turns":4},{"damage":7,"enemies":"Snecko","floor":28,"turns":4},{"damage":25,"enemies":"Shelled Parasite and Fungi","floor":31,"turns":4},{"damage":72,"enemies":"Champ","floor":33,"turns":11}],"seed_played":"1096363313622518991","potions_obtained":[{"floor":5,"key":"Energy Potion"},{"floor":10,"key":"FearPotion"},{"floor":12,"key":"GamblersBrew"},{"floor":13,"key":"Strength Potion"},{"floor":16,"key":"SpeedPotion"},{"floor":18,"key":"PowerPotion"},{"floor":19,"key":"Explosive Potion"},{"floor":23,"key":"Explosive Potion"},{"floor":24,"key":"GamblersBrew"},{"floor":28,"key":"BloodPotion"},{"floor":31,"key":"LiquidBronze"}],"is_trial":false,"path_per_floor":["?","?","?","$","T","?","?","?","?","M"],"character_chosen":"IRONCLAD","items_purchased":["PreservedInsect","Jack Of All Trades","Toy Ornithopter","Infernal Blade","SkillPotion"],"campfire_rested":1,"item_purchase_floors":[7,11,22,29,29],"current_hp_per_floor":[80,80,80,80,80,80,80,80,80,79,79,68,71,71,71,21,80,80,76,76,76,76,65,43,43,43,43,51,51,35,23,47,0],"gold":54,"neow_bonus":"THREE_ENEMY_KILL","is_prod":false,"is_daily":false,"chose_seed":false,"campfire_upgraded":3,"win_rate":0,"timestamp":1548275066,"path_taken":["M","?","?","?","M","E","$","M","T","M","?","E","M","?","R","BOSS","M","M","?","?","$","E","?","R","T","R","M","$","?","?","R","BOSS"],"build_version":"2019-01-23","purchased_purges":1,"victory":false,"max_hp_per_floor":[80,80,80,80,80,80,80,80,80,80,80,80,80,80,80,80,80,80,80,80,80,80,80,80,80,80,80,82,82,82,82,82,82],"card_choices":[{"not_picked":["Clash","Thunderclap"],"picked":"Armaments","floor":1},{"not_picked":["Warcry","Heavy Blade"],"picked":"Cleave","floor":5},{"not_picked":["Clash","Rupture"],"picked":"Carnage","floor":6},{"not_picked":["Thunderclap","Havoc"],"picked":"Anger","floor":8},{"not_picked":["True Grit","Pommel Strike"],"picked":"Shockwave","floor":10},{"not_picked":["Pommel Strike","Cleave"],"picked":"Armaments","floor":12},{"not_picked":["Impervious","Clash"],"picked":"Armaments","floor":13},{"not_picked":["Demon Form","Limit Break"],"picked":"Immolate","floor":16},{"not_picked":["Shrug It Off+1","Havoc"],"picked":"Cleave+1","floor":18},{"not_picked":["Armaments","Twin Strike"],"picked":"Bludgeon","floor":19},{"not_picked":["Iron Wave","Headbutt"],"picked":"Berserk","floor":23},{"not_picked":["Body Slam","Combust"],"picked":"Searing Blow+1","floor":24},{"not_picked":["Reckless Charge","Corruption","Clash"],"picked":"Singing Bowl","floor":28},{"not_picked":["Havoc","Clothesline+1"],"picked":"Whirlwind+1","floor":31}],"player_experience":331745,"relics_obtained":[{"floor":6,"key":"Blood Vial"},{"floor":9,"key":"Dodecahedron"},{"floor":12,"key":"Bottled Flame"},{"floor":14,"key":"Sundial"},{"floor":23,"key":"Pen Nib"},{"floor":24,"key":"Thread and Needle"},{"floor":24,"key":"Singing Bowl"},{"floor":26,"key":"Anchor"},{"floor":30,"key":"Enchiridion"}],"event_choices":[{"damage_healed":0,"gold_gain":0,"cards_transformed":["Bash"],"player_choice":"Change","damage_taken":0,"max_hp_gain":0,"max_hp_loss":0,"event_name":"Living Wall","floor":2,"gold_loss":0,"cards_obtained":["Headbutt"]},{"damage_healed":0,"gold_gain":0,"player_choice":"Leave","damage_taken":0,"max_hp_gain":0,"max_hp_loss":0,"event_name":"The Cleric","floor":3,"gold_loss":0},{"damage_healed":0,"gold_gain":0,"player_choice":"Ignored","damage_taken":0,"max_hp_gain":0,"max_hp_loss":0,"event_name":"Golden Wing","floor":4,"gold_loss":0},{"damage_healed":0,"gold_gain":0,"player_choice":"Inject Mutagens","damage_taken":0,"relics_obtained":["MutagenicStrength"],"max_hp_gain":0,"max_hp_loss":0,"event_name":"Drug Dealer","floor":20,"gold_loss":0},{"damage_healed":0,"gold_gain":0,"player_choice":"Stole Relic","damage_taken":0,"relics_obtained":["Lantern"],"max_hp_gain":0,"max_hp_loss":0,"event_name":"Addict","floor":21,"gold_loss":0,"cards_obtained":["Shame"]},{"damage_healed":0,"gold_gain":0,"player_choice":"Fight","damage_taken":0,"max_hp_gain":0,"max_hp_loss":0,"event_name":"Colosseum","floor":24,"gold_loss":0},{"damage_healed":0,"gold_gain":0,"player_choice":"Fought Nobs","damage_taken":0,"max_hp_gain":0,"max_hp_loss":0,"event_name":"Colosseum","floor":24,"gold_loss":0},{"damage_healed":0,"gold_gain":0,"player_choice":"Obtained Book","damage_taken":16,"max_hp_gain":0,"max_hp_loss":0,"event_name":"Cursed Tome","floor":30,"gold_loss":0}],"is_beta":false,"boss_relics":[{"not_picked":["Runic Pyramid","Snecko Eye"],"picked":"White Beast Statue"}],"items_purged_floors":[29],"is_endless":false,"potions_floor_spawned":[5,10,12,13,16,18,19,23,24,24,28,31],"killed_by":"Champ","ascension_level":0}