{"gold_per_floor":[109,34,34,34,34,34,34,34,34,44,44,59,79,95,95,197,197,211,226,126,137,236,236],"floor_reached":23,"playtime":590,"items_purged":["Strike_B","Defend_B"],"score":190,"play_id":"ab688068-f3fd-41fa-a529-0cf4fc0efb37","local_time":"20181004210159","is_ascension_mode":true,"campfire_choices":[{"floor":6,"key":"REST"},{"data":"Dualcast","floor":8,"key":"SMITH"},{"data":"Strike_B","floor":11,"key":"SMITH"},{"data":"Beam Cell","floor":15,"key":"SMITH"}],"neow_cost":"NONE","seed_source_timestamp":13191369090886,"circlet_count":0,"master_deck":["Strike_B","Strike_B","Strike_B+1","Defend_B","Defend_B","Defend_B","Zap+1","Dualcast+1","Beam Cell+1"],"relics":["Cracked Core","Bronze Scales","Question Card","Pear","White Beast Statue"],"potions_floor_usage":[16,23],"damage_taken":[{"damage":6,"enemies":"Jaw Worm","floor":1,"turns":3},{"damage":6,"enemies":"2 Louse","floor":10,"turns":1},{"damage":0,"enemies":"Small Slimes","floor":12,"turns":2},{"damage":0,"enemies":"Looter","floor":13,"turns":2},{"damage":6,"enemies":"Exordium Wildlife","floor":14,"turns":3},{"damage":33,"enemies":"Slime Boss","floor":16,"turns":10},{"damage":5,"enemies":"Chosen","floor":18,"turns":4},{"damage":14,"enemies":"Spheric Guardian","floor":19,"turns":4},{"damage":15,"enemies":"Cultist and Chosen","floor":21,"turns":6},{"damage":0,"enemies":"Gremlin Leader","floor":23,"turns":2}],"seed_played":"-4588199984857117270","potions_obtained":[{"floor":12,"key":"SteroidPotion"},{"floor":13,"key":"Explosive Potion"},{"floor":18,"key":"Energy Potion"},{"floor":19,"key":"EssenceOfSteel"}],"is_trial":false,"path_per_floor":["M","$","?","?","T","R","?","R","T","M","R","M","M","M","R","B",null,"M","M","$","M","?"],"character_chosen":"DEFECT","items_purchased":[],"campfire_rested":1,"item_purchase_floors":[],"current_hp_per_floor":[69,69,69,69,69,75,75,75,85,79,79,79,79,73,73,40,85,80,66,66,51,51,51],"gold":236,"neow_bonus":"RANDOM_COMMON_RELIC","is_prod":false,"is_daily":false,"chose_seed":false,"campfire_upgraded":3,"win_rate":0,"timestamp":1538697719,"path_taken":["M","$","?","?","?","R","?","R","T","M","R","M","M","M","R","BOSS","M","M","$","M","?","E"],"build_version":"2018-09-27","purchased_purges":2,"victory":false,"max_hp_per_floor":[75,75,75,75,75,75,75,75,85,85,85,85,85,85,85,85,85,85,85,85,85,85,85],"card_choices":[{"not_picked":["Cold Snap","Conserve Battery","Leap"],"picked":"SKIP","floor":1},{"not_picked":["Cold Snap","Biased Cognition","Heatsinks","Barrage"],"picked":"SKIP","floor":10},{"not_picked":["Rebound","Force Field","Aggregate","Storm"],"picked":"SKIP","floor":12},{"not_picked":["Conserve Battery","Genetic Algorithm","Barrage"],"picked":"Beam Cell","floor":13},{"not_picked":["Redo","Sweeping Beam","Go for the Eyes","Turbo"],"picked":"SKIP","floor":14},{"not_picked":["Coolheaded","Reprogram","Rebound","Sweeping Beam"],"picked":"SKIP","floor":18},{"not_picked":["Reprogram+1","Steam","Rip and Tear","Aggregate"],"picked":"SKIP","floor":19},{"not_picked":["Sunder","Leap","Rebound","Stack+1"],"picked":"SKIP","floor":21}],"player_experience":110973,"relics_obtained":[{"floor":5,"key":"Question Card"},{"floor":9,"key":"Pear"}],"event_choices":[{"event_name":"Liars Game","player_choice":"disagreed","floor":3,"damage_taken":0},{"event_name":"Shining Light","player_choice":"Ignored","floor":4,"damage_taken":0},{"event_name":"Upgrade Shrine","player_choice":"Upgraded","floor":7,"damage_taken":0},{"event_name":"Nest","player_choice":"Stole From Cult","floor":22,"damage_taken":0}],"is_beta":false,"boss_relics":[{"not_picked":["Busted Crown","Inserter"],"picked":"White Beast Statue"}],"items_purged_floors":[2,20],"is_endless":false,"potions_floor_spawned":[12,13,18,19,21],"killed_by":"Gremlin Leader","ascension_level":1}