{"gold_per_floor":[359,377,393,411,128,159,159,186,186,203,203,216,229,59,59,159,159,170,85,102,120,120,120,152,152,152,178,178,197,197,216,216,312,312,325,373,373,391,405,405,434,29,54,74,109,129,129,148,148,148],"floor_reached":51,"playtime":2831,"items_purged":[],"score":872,"play_id":"c1549f2d-50b7-4345-a82e-873885a88bc4","local_time":"20180918203421","is_ascension_mode":true,"campfire_choices":[{"floor":7,"key":"REST"},{"floor":15,"key":"REST"},{"floor":23,"key":"REST"},{"floor":25,"key":"REST"},{"floor":32,"key":"REST"},{"data":"Parasite","floor":40,"key":"PURGE"},{"floor":49,"key":"REST"}],"neow_cost":"PERCENT_DAMAGE","seed_source_timestamp":367639378040678,"circlet_count":0,"master_deck":["Strike_B","Strike_B","Strike_B","Strike_B","Defend_B","Defend_B","Defend_B","Defend_B","Zap","Dualcast","Cold Snap","Ball Lightning","Redo","Storm","Leap","Bandage Up","Storm","Redo","Chill","White Noise","Static Discharge","Conserve Battery","Electrodynamics","Go for the Eyes","Ball Lightning+1","Genetic Algorithm","Conserve Battery","Leap+1","Leap","Loop","RitualDagger","Streamline+1","BootSequence+1","Seek","Conserve Battery+1","Self Repair+1","Conserve Battery+1","Streamline+1","White Noise","Lockon+1","Apotheosis","White Noise","Sweeping Beam+1","Glacier+1","Dramatic Entrance","Mind Blast","Bandage Up","Chaos+1","Self Repair"],"relics":["Cracked Core","Boot","Happy Flower","Oddly Smooth Stone","Gremlin Horn","Lantern","Lizard Tail","Unceasing Top","Nilry\u0027s Codex","Dream Catcher","Bottled Tornado","Dodecahedron","Pear","Fusion Hammer","Nunchaku","Peace Pipe","Blue Candle","Lee\u0027s Waffle","Blood Vial","Strawberry"],"potions_floor_usage":[6,10,13,16,24,24,27,27,27,27,41,45,46,50,50],"damage_taken":[{"damage":0,"enemies":"Cultist","floor":1,"turns":3},{"damage":0,"enemies":"Small Slimes","floor":2,"turns":3},{"damage":7,"enemies":"2 Louse","floor":3,"turns":2},{"damage":12,"enemies":"2 Fungi Beasts","floor":4,"turns":2},{"damage":14,"enemies":"Gremlin Nob","floor":6,"turns":3},{"damage":24,"enemies":"Lagavulin","floor":8,"turns":7},{"damage":2,"enemies":"Red Slaver","floor":10,"turns":4},{"damage":0,"enemies":"Large Slime","floor":12,"turns":5},{"damage":13,"enemies":"Blue Slaver","floor":13,"turns":3},{"damage":25,"enemies":"Slime Boss","floor":16,"turns":6},{"damage":20,"enemies":"2 Thieves","floor":18,"turns":2},{"damage":13,"enemies":"Shell Parasite","floor":20,"turns":5},{"damage":29,"enemies":"Centurion and Healer","floor":21,"turns":4},{"damage":32,"enemies":"Slavers","floor":24,"turns":6},{"damage":9,"enemies":"Book of Stabbing","floor":27,"turns":5},{"damage":37,"enemies":"3 Cultists","floor":29,"turns":5},{"damage":4,"enemies":"Snake Plant","floor":31,"turns":4},{"damage":53,"enemies":"Automaton","floor":33,"turns":8},{"damage":6,"enemies":"3 Shapes","floor":35,"turns":3},{"damage":0,"enemies":"Mysterious Sphere","floor":36,"turns":4},{"damage":0,"enemies":"Mind Bloom Boss Battle","floor":37,"turns":4},{"damage":0,"enemies":"Orb Walker","floor":38,"turns":5},{"damage":0,"enemies":"4 Shapes","floor":39,"turns":3},{"damage":43,"enemies":"Giant Head","floor":41,"turns":10},{"damage":0,"enemies":"Reptomancer","floor":44,"turns":6},{"damage":30,"enemies":"Nemesis","floor":45,"turns":5},{"damage":9,"enemies":"Transient","floor":46,"turns":5},{"damage":41,"enemies":"Spire Growth","floor":48,"turns":4},{"damage":22,"enemies":"Donu and Deca","floor":50,"turns":4}],"seed_played":"447146442626903729","potions_obtained":[{"floor":4,"key":"PowerPotion"},{"floor":8,"key":"Regen Potion"},{"floor":10,"key":"GamblersBrew"},{"floor":12,"key":"GamblersBrew"},{"floor":16,"key":"Poison Potion"},{"floor":21,"key":"Dexterity Potion"},{"floor":24,"key":"EntropicBrew"},{"floor":27,"key":"SmokeBomb"},{"floor":31,"key":"SneckoOil"},{"floor":37,"key":"Poison Potion"},{"floor":44,"key":"EssenceOfSteel"},{"floor":45,"key":"SkillPotion"},{"floor":46,"key":"PowerPotion"},{"floor":48,"key":"Strength Potion"}],"is_trial":false,"path_per_floor":["M","M","M","M","$","E","R","E","T","M","?","M","M","$","R","B",null,"M","?","M","M","?","R","E","R","T","E","T","M","?","M","R","B",null,"M","?","?","M","M","R","E","$","T","M","E","M","?","M","R","B"],"character_chosen":"DEFECT","items_purchased":["Leap","Boot","Bandage Up","Lantern","Conserve Battery","Lee\u0027s Waffle","Apotheosis"],"campfire_rested":6,"item_purchase_floors":[5,5,5,14,14,42,42],"current_hp_per_floor":[54,54,47,35,35,25,47,27,27,41,59,63,54,54,75,54,75,59,59,50,21,5,27,38,60,60,55,65,35,29,25,50,1,85,79,83,83,85,85,82,46,89,89,89,76,83,73,38,66,58],"gold":148,"neow_bonus":"TWO_FIFTY_GOLD","is_prod":false,"is_daily":false,"chose_seed":false,"campfire_upgraded":0,"win_rate":0,"timestamp":1537317261,"path_taken":["M","?","M","M","$","E","R","E","T","M","?","M","M","$","R","BOSS","M","?","M","?","?","R","E","R","T","E","?","M","?","M","R","BOSS","M","?","?","M","M","R","E","$","T","M","E","M","?","M","R","BOSS"],"build_version":"2018-09-06","purchased_purges":0,"victory":true,"max_hp_per_floor":[75,75,75,75,75,75,75,75,75,75,75,75,75,75,75,75,75,75,75,75,75,75,75,75,75,75,75,85,85,85,85,85,85,85,85,85,85,85,85,82,82,89,89,89,96,96,96,96,96,96],"card_choices":[{"not_picked":["Redo","Aggregate"],"picked":"Cold Snap","floor":1},{"not_picked":["Coolheaded","Undo"],"picked":"Ball Lightning","floor":2},{"not_picked":["Beam Cell","Coolheaded"],"picked":"Redo","floor":3},{"not_picked":["Tempest","Aggregate"],"picked":"Storm","floor":4},{"not_picked":["Recycle","Stack"],"picked":"Storm","floor":6},{"not_picked":["Go for the Eyes","Echo Form"],"picked":"Redo","floor":8},{"not_picked":["Hologram","Turbo"],"picked":"Chill","floor":10},{"not_picked":["Leap","Ball Lightning"],"picked":"White Noise","floor":12},{"not_picked":["Capacitor","Barrage"],"picked":"Static Discharge","floor":13},{"not_picked":["Amplify","Hyperbeam"],"picked":"Electrodynamics","floor":16},{"not_picked":["Turbo","Hologram"],"picked":"Go for the Eyes","floor":18},{"not_picked":["Coolheaded","Recycle"],"picked":"Ball Lightning+1","floor":20},{"not_picked":["White Noise","Hologram+1"],"picked":"Genetic Algorithm","floor":21},{"not_picked":["Loop","Consume"],"picked":"Conserve Battery","floor":24},{"not_picked":["Sunder","Ball Lightning"],"picked":"Leap+1","floor":25},{"not_picked":["Conserve Battery","Amplify"],"picked":"Leap","floor":27},{"not_picked":["Redo","Compile Driver"],"picked":"Loop","floor":29},{"not_picked":["Blizzard","Cold Snap+1"],"picked":"Streamline+1","floor":31},{"not_picked":["Melter+1","Self Repair"],"picked":"BootSequence+1","floor":32},{"not_picked":["Amplify","Core Surge"],"picked":"Seek","floor":33},{"not_picked":["Leap","Fusion+1"],"picked":"Conserve Battery+1","floor":35},{"not_picked":["Lockon+1","Auto Shields"],"picked":"Self Repair+1","floor":36},{"not_picked":["Leap","Tempest+1"],"picked":"Conserve Battery+1","floor":37},{"not_picked":["Undo","Redo"],"picked":"Streamline+1","floor":38},{"not_picked":["Static Discharge","Scrape+1"],"picked":"White Noise","floor":39},{"not_picked":["Blizzard+1","Conserve Battery"],"picked":"Lockon+1","floor":41},{"not_picked":["Undo","Scrape"],"picked":"White Noise","floor":44},{"not_picked":["Conserve Battery","Ball Lightning"],"picked":"Sweeping Beam+1","floor":45},{"not_picked":["Barrage","Skim"],"picked":"Glacier+1","floor":46},{"not_picked":["HandOfGreed","Transmutation"],"picked":"Dramatic Entrance","floor":47},{"not_picked":["Enlightenment","Finesse"],"picked":"Mind Blast","floor":47},{"not_picked":["Thinking Ahead","Blind"],"picked":"Bandage Up","floor":47},{"not_picked":["Ball Lightning","Leap"],"picked":"Chaos+1","floor":48},{"not_picked":["Chaos+1","Compile Driver+1"],"picked":"Self Repair","floor":49}],"player_experience":138322,"relics_obtained":[{"floor":6,"key":"Happy Flower"},{"floor":8,"key":"Oddly Smooth Stone"},{"floor":9,"key":"Gremlin Horn"},{"floor":22,"key":"Nilry\u0027s Codex"},{"floor":24,"key":"Dream Catcher"},{"floor":26,"key":"Bottled Tornado"},{"floor":27,"key":"Dodecahedron"},{"floor":28,"key":"Pear"},{"floor":36,"key":"Nunchaku"},{"floor":37,"key":"Peace Pipe"},{"floor":41,"key":"Blue Candle"},{"floor":43,"key":"Blood Vial"},{"floor":45,"key":"Strawberry"}],"event_choices":[{"event_name":"Mushrooms","player_choice":"Healed and dodged fight","floor":11,"damage_taken":0},{"event_name":"Addict","player_choice":"Obtained Relic","floor":19,"damage_taken":0},{"event_name":"Cursed Tome","player_choice":"Obtained Book","floor":22,"damage_taken":0},{"event_name":"Nest","player_choice":"Joined the Cult","floor":30,"damage_taken":0},{"event_name":"Mysterious Sphere","player_choice":"Fight","floor":36,"damage_taken":0},{"event_name":"MindBloom","player_choice":"Fight","floor":37,"damage_taken":0},{"event_name":"SensoryStone","player_choice":"Memory 3","floor":47,"damage_taken":0}],"is_beta":false,"boss_relics":[{"not_picked":["Astrolabe","Coffee Dripper"],"picked":"Lizard Tail"},{"not_picked":["Orrery","Sozu"],"picked":"Fusion Hammer"}],"items_purged_floors":[],"is_endless":false,"potions_floor_spawned":[4,8,10,12,16,21,24,27,31,37,44,45,46,48],"ascension_level":1}