{"gold_per_floor":[118,133,150,150,169,169,169,169,169,169,212,236,236,255,255,385,385,400,183,183,24,124,167,190,211,211,236,252,47,47,65,65,188,188,208,333,0,0,25,25,65,65,134,134,172,172,190,215,215,215],"floor_reached":51,"playtime":3104,"items_purged":[],"score":927,"play_id":"8ffd4f1f-9ba7-458f-9d8b-d8adf646f847","local_time":"20181220204812","is_ascension_mode":true,"campfire_choices":[{"data":"1","floor":6,"key":"LIFT"},{"data":"2","floor":8,"key":"LIFT"},{"data":"3","floor":10,"key":"LIFT"},{"floor":15,"key":"REST"},{"data":"Limit Break","floor":30,"key":"SMITH"},{"data":"Exhume","floor":32,"key":"SMITH"},{"data":"Infernal Blade","floor":40,"key":"SMITH"},{"data":"Spot Weakness","floor":44,"key":"SMITH"},{"floor":46,"key":"REST"},{"data":"Limit Break","floor":49,"key":"SMITH"}],"neow_cost":"PERCENT_DAMAGE","seed_source_timestamp":433594595450648,"circlet_count":0,"master_deck":["Strike_R","Strike_R","Strike_R","Strike_R","Strike_R","Defend_R","Defend_R","Defend_R","Defend_R","Bash","Infernal Blade","Cleave","Fire Breathing","Ghostly Armor","Blood for Blood","Pommel Strike","Bandage Up","Double Tap","Sword Boomerang","Flex","Thunderclap","Heavy Blade","Carnage","Fire Breathing+1","Ghostly","Ghostly","Ghostly","Ghostly","Ghostly","Exhume+1","Limit Break+1","Headbutt+1","Sword Boomerang+1","Limit Break+1","Infernal Blade+1","Demon Form+1","Evolve+1","Spot Weakness+1","Berserk+1","Sword Boomerang+1","Inflame+1"],"relics":["Burning Blood","Girya","Golden Idol","Matryoshka","Mummified Hand","Frozen Egg 2","Self Forming Clay","Orrery","Lantern","Molten Egg 2","Red Skull","Thread and Needle","Lee\u0027s Waffle","White Beast Statue","Mango","Red Mask","Sundial","Orichalcum"],"potions_floor_usage":[12,16,27,27,33,33,39,41,45,47,48,50,50],"damage_taken":[{"damage":6,"enemies":"Cultist","floor":1,"turns":4},{"damage":8,"enemies":"Jaw Worm","floor":2,"turns":4},{"damage":0,"enemies":"Small Slimes","floor":3,"turns":3},{"damage":18,"enemies":"3 Louse","floor":5,"turns":4},{"damage":14,"enemies":"Gremlin Nob","floor":11,"turns":3},{"damage":15,"enemies":"Lots of Slimes","floor":12,"turns":7},{"damage":13,"enemies":"Large Slime","floor":14,"turns":3},{"damage":44,"enemies":"Hexaghost","floor":16,"turns":10},{"damage":21,"enemies":"3 Byrds","floor":18,"turns":4},{"damage":7,"enemies":"Book of Stabbing","floor":23,"turns":6},{"damage":13,"enemies":"Spheric Guardian","floor":24,"turns":7},{"damage":1,"enemies":"Snecko","floor":25,"turns":5},{"damage":12,"enemies":"Snake Plant","floor":27,"turns":2},{"damage":0,"enemies":"3 Cultists","floor":28,"turns":4},{"damage":8,"enemies":"Cultist and Chosen","floor":31,"turns":3},{"damage":0,"enemies":"Collector","floor":33,"turns":8},{"damage":0,"enemies":"Orb Walker","floor":35,"turns":3},{"damage":0,"enemies":"Mind Bloom Boss Battle","floor":36,"turns":5},{"damage":18,"enemies":"3 Darklings","floor":39,"turns":6},{"damage":9,"enemies":"Nemesis","floor":41,"turns":7},{"damage":36,"enemies":"Giant Head","floor":45,"turns":6},{"damage":0,"enemies":"4 Shapes","floor":47,"turns":4},{"damage":0,"enemies":"Jaw Worm Horde","floor":48,"turns":5},{"damage":23,"enemies":"Awakened One","floor":50,"turns":8}],"seed_played":"-196418708575835446","potions_obtained":[{"floor":3,"key":"Regen Potion"},{"floor":14,"key":"PowerPotion"},{"floor":16,"key":"SkillPotion"},{"floor":18,"key":"EssenceOfSteel"},{"floor":24,"key":"FearPotion"},{"floor":27,"key":"Fire Potion"},{"floor":33,"key":"Poison Potion"},{"floor":35,"key":"SkillPotion"},{"floor":36,"key":"SteroidPotion"},{"floor":39,"key":"Fire Potion"},{"floor":41,"key":"Regen Potion"},{"floor":45,"key":"SmokeBomb"},{"floor":47,"key":"SteroidPotion"},{"floor":48,"key":"Poison Potion"}],"is_trial":false,"path_per_floor":["M","M","M","?","M","R","?","R","T","R","E","M","?","M","R","B",null,"M","$","?","$","?","E","M","M","T","M","M","$","R","M","R","B",null,"M","?","?","?","M","R","E","$","T","R","E","R","M","M","R","B",null],"character_chosen":"IRONCLAD","items_purchased":["Lantern","Fire Breathing+1","Exhume","Lee\u0027s Waffle"],"campfire_rested":2,"item_purchase_floors":[19,19,21,29],"current_hp_per_floor":[56,54,60,60,48,48,36,36,36,36,28,34,34,31,53,19,74,63,63,37,37,37,37,30,35,35,29,37,44,44,44,44,44,44,44,58,58,55,43,43,44,44,44,44,19,35,41,51,51,38],"gold":215,"neow_bonus":"ONE_RARE_RELIC","is_prod":false,"is_daily":false,"chose_seed":false,"campfire_upgraded":5,"win_rate":0,"timestamp":1545367692,"path_taken":["M","?","M","?","M","R","?","R","T","R","E","M","?","M","R","BOSS","M","?","?","$","?","E","M","?","T","?","M","$","R","M","R","BOSS","M","?","?","?","?","R","E","$","T","R","E","R","M","M","R","BOSS"],"build_version":"2018-12-20","purchased_purges":0,"victory":true,"max_hp_per_floor":[80,80,80,74,74,74,74,74,74,74,74,74,74,74,74,74,74,74,74,37,37,37,37,37,37,37,37,37,44,44,44,44,44,44,44,58,58,55,55,55,55,55,55,55,55,55,55,55,55,55],"card_choices":[{"not_picked":["Twin Strike","Bloodletting","Iron Wave"],"picked":"SKIP","floor":1},{"not_picked":["Second Wind","Clash"],"picked":"Infernal Blade","floor":2},{"not_picked":["Shrug It Off","Perfected Strike"],"picked":"Cleave","floor":3},{"not_picked":["Warcry","Armaments"],"picked":"Fire Breathing","floor":5},{"not_picked":["Headbutt","Searing Blow"],"picked":"Ghostly Armor","floor":11},{"not_picked":["Clothesline","Clash"],"picked":"Blood for Blood","floor":12},{"not_picked":["Perfected Strike","Warcry","Rupture+1"],"picked":"SKIP","floor":14},{"not_picked":["Impervious","Offering"],"picked":"Double Tap","floor":16},{"not_picked":["Shockwave","Cleave"],"picked":"Sword Boomerang","floor":17},{"not_picked":["Entrench","Sword Boomerang"],"picked":"Flex","floor":17},{"not_picked":["Dropkick","Flex"],"picked":"Thunderclap","floor":17},{"not_picked":["Carnage","Dropkick"],"picked":"Heavy Blade","floor":17},{"not_picked":["Wild Strike","Rampage"],"picked":"Carnage","floor":17},{"not_picked":["Dual Wield","Pommel Strike","Perfected Strike"],"picked":"SKIP","floor":18},{"not_picked":["Iron Wave","Havoc"],"picked":"Limit Break","floor":23},{"not_picked":["Perfected Strike+1","Thunderclap+1"],"picked":"Headbutt+1","floor":24},{"not_picked":["Wild Strike+1","Intimidate"],"picked":"Sword Boomerang+1","floor":25},{"not_picked":["Clothesline+1","Battle Trance+1"],"picked":"Limit Break","floor":27},{"not_picked":["Warcry","Twin Strike+1"],"picked":"Infernal Blade","floor":28},{"not_picked":["Wild Strike+1","Rampage+1","Body Slam+1"],"picked":"SKIP","floor":31},{"not_picked":["Offering","Impervious"],"picked":"Demon Form+1","floor":33},{"not_picked":["Rampage+1","Havoc+1","Body Slam+1"],"picked":"SKIP","floor":35},{"not_picked":["Pommel Strike+1","Iron Wave+1"],"picked":"Evolve+1","floor":39},{"not_picked":["Body Slam+1","Ghostly Armor"],"picked":"Spot Weakness","floor":41},{"not_picked":["Headbutt+1","Pommel Strike+1"],"picked":"Berserk+1","floor":45},{"not_picked":["Perfected Strike+1","Headbutt+1"],"picked":"Sword Boomerang+1","floor":47},{"not_picked":["Combust+1","Spot Weakness"],"picked":"Inflame+1","floor":48}],"player_experience":73570,"relics_obtained":[{"floor":9,"key":"Mummified Hand"},{"floor":9,"key":"Frozen Egg 2"},{"floor":11,"key":"Self Forming Clay"},{"floor":23,"key":"Molten Egg 2"},{"floor":26,"key":"Red Skull"},{"floor":26,"key":"Thread and Needle"},{"floor":36,"key":"Mango"},{"floor":41,"key":"Sundial"},{"floor":45,"key":"Orichalcum"}],"event_choices":[{"damage_healed":0,"gold_gain":0,"player_choice":"Lose Max HP","damage_taken":0,"relics_obtained":["Golden Idol"],"max_hp_gain":0,"max_hp_loss":6,"event_name":"Golden Idol","floor":4,"gold_loss":0},{"damage_healed":0,"gold_gain":0,"player_choice":"Success","damage_taken":12,"relics_obtained":["Matryoshka"],"max_hp_gain":0,"max_hp_loss":0,"event_name":"Scrap Ooze","floor":7,"gold_loss":0},{"damage_healed":0,"gold_gain":0,"player_choice":"2 cards matched","damage_taken":0,"max_hp_gain":0,"max_hp_loss":0,"event_name":"Match and Keep!","floor":13,"gold_loss":0,"cards_obtained":["Pommel Strike","Bandage Up"]},{"damage_healed":0,"gold_gain":0,"player_choice":"Became a Ghost","damage_taken":0,"max_hp_gain":0,"max_hp_loss":37,"event_name":"Ghosts","floor":20,"gold_loss":0,"cards_obtained":["Ghostly","Ghostly","Ghostly","Ghostly","Ghostly"]},{"damage_healed":0,"gold_gain":100,"player_choice":"Pray","damage_taken":0,"max_hp_gain":0,"max_hp_loss":0,"event_name":"Golden Shrine","floor":22,"gold_loss":0},{"damage_healed":0,"gold_gain":0,"player_choice":"Fight","damage_taken":0,"max_hp_gain":0,"max_hp_loss":0,"event_name":"MindBloom","floor":36,"gold_loss":0},{"damage_healed":0,"gold_gain":0,"player_choice":"Paid","damage_taken":0,"relics_obtained":["Red Mask"],"max_hp_gain":0,"max_hp_loss":0,"event_name":"Tomb of Lord Red Mask","floor":37,"gold_loss":333},{"damage_healed":0,"gold_gain":0,"player_choice":"Max HP","damage_taken":0,"max_hp_gain":0,"max_hp_loss":3,"event_name":"Winding Halls","floor":38,"gold_loss":0}],"is_beta":false,"boss_relics":[{"not_picked":["Philosopher\u0027s Stone","Lizard Tail"],"picked":"Orrery"},{"not_picked":["Fusion Hammer","Eternal Feather"],"picked":"White Beast Statue"}],"items_purged_floors":[],"is_endless":false,"potions_floor_spawned":[3,14,16,18,24,27,33,35,36,39,41,45,47,48],"ascension_level":2}