{"gold_per_floor":[119,133,208,208,208,208,225,225,225,236,236,236,270,70,70,70],"floor_reached":16,"playtime":436,"items_purged":["Strike_B"],"score":157,"play_id":"9aa3eb27-5dcc-4e67-b12a-4813bf73b8ab","local_time":"20181201171346","is_ascension_mode":true,"campfire_choices":[{"data":"Zap","floor":6,"key":"SMITH"},{"floor":8,"key":"REST"},{"floor":15,"key":"REST"}],"neow_cost":"NONE","seed_source_timestamp":7968283265227,"circlet_count":0,"master_deck":["AscendersBane","Strike_B","Strike_B","Strike_B","Defend_B","Defend_B","Defend_B","Defend_B","Zap+1","Dualcast+1","Thunder Strike","Coolheaded","Ball Lightning","BootSequence","Genetic Algorithm","Capacitor+1","Barrage"],"relics":["Cracked Core","Frozen Egg 2","Nunchaku","Golden Idol","Shovel"],"potions_floor_usage":[13],"damage_taken":[{"damage":0,"enemies":"Small Slimes","floor":1,"turns":4},{"damage":12,"enemies":"Jaw Worm","floor":2,"turns":4},{"damage":1,"enemies":"2 Louse","floor":7,"turns":3},{"damage":0,"enemies":"Large Slime","floor":10,"turns":4},{"damage":35,"enemies":"Gremlin Nob","floor":13,"turns":4},{"damage":48,"enemies":"The Guardian","floor":16,"turns":5}],"seed_played":"7079462761278057148","potions_obtained":[{"floor":2,"key":"FocusPotion"}],"is_trial":false,"path_per_floor":["M","M","?","T","?","R","M","R","T","M","?","?","E","$","R","B"],"character_chosen":"DEFECT","items_purchased":["Capacitor+1","Barrage"],"campfire_rested":2,"item_purchase_floors":[14,14],"current_hp_per_floor":[68,56,45,45,38,38,37,59,59,59,59,59,24,24,44,0],"gold":70,"neow_bonus":"ONE_RANDOM_RARE_CARD","is_prod":false,"is_daily":false,"chose_seed":false,"campfire_upgraded":1,"win_rate":0,"timestamp":1543695226,"path_taken":["M","M","?","?","?","R","M","R","T","M","?","?","E","$","R","BOSS"],"build_version":"2018-11-15","purchased_purges":1,"victory":false,"max_hp_per_floor":[75,75,75,75,75,75,75,75,75,75,69,69,69,69,69,69],"card_choices":[{"not_picked":["Stack","Redo"],"picked":"Coolheaded","floor":1},{"not_picked":["Turbo","Gash"],"picked":"Ball Lightning","floor":2},{"not_picked":["Turbo","Fusion"],"picked":"BootSequence","floor":7},{"not_picked":["Hologram","Sunder","Coolheaded"],"picked":"SKIP","floor":10},{"not_picked":["Reinforced Body","Streamline"],"picked":"Genetic Algorithm","floor":13}],"player_experience":446374,"relics_obtained":[{"floor":9,"key":"Nunchaku"},{"floor":13,"key":"Shovel"}],"event_choices":[{"damage_healed":0,"gold_gain":75,"player_choice":"Gather Gold","damage_taken":11,"max_hp_gain":0,"max_hp_loss":0,"event_name":"World of Goop","floor":3,"gold_loss":0},{"damage_healed":0,"gold_gain":0,"player_choice":"Success","damage_taken":7,"relics_obtained":["Frozen Egg 2"],"max_hp_gain":0,"max_hp_loss":0,"event_name":"Scrap Ooze","floor":5,"gold_loss":0},{"damage_healed":0,"gold_gain":0,"player_choice":"Lose Max HP","damage_taken":0,"relics_obtained":["Golden Idol"],"max_hp_gain":0,"max_hp_loss":6,"event_name":"Golden Idol","floor":11,"gold_loss":0},{"damage_healed":0,"gold_gain":0,"player_choice":"Upgraded","damage_taken":0,"max_hp_gain":0,"max_hp_loss":0,"event_name":"Upgrade Shrine","floor":12,"gold_loss":0,"cards_upgraded":["Dualcast"]}],"is_beta":false,"boss_relics":[],"items_purged_floors":[14],"is_endless":false,"potions_floor_spawned":[2],"killed_by":"The Guardian","ascension_level":12}