{"gold_per_floor":[115,115,133,149,160,160,85,103,128,128,3,17,17,35,35,109,109,124,143,66,66,93,93,126,126,126,126,145,161,190,203,203,277,277,294,294,309,328,347,347,379,379,379,412,65,94,94,109,109,109,109,109,59,86,86],"floor_reached":55,"playtime":4067,"items_purged":["Strike_B","Dualcast"],"score":1351,"play_id":"fd14af72-3a23-4ca8-beb6-f40ccf51f9ad","local_time":"20181202213650","is_ascension_mode":true,"campfire_choices":[{"data":"Zap","floor":6,"key":"SMITH"},{"data":"Streamline","floor":10,"key":"SMITH"},{"data":"Defragment","floor":13,"key":"SMITH"},{"data":"Defragment","floor":15,"key":"SMITH"},{"floor":23,"key":"REST"},{"data":"Buffer","floor":25,"key":"SMITH"},{"floor":27,"key":"REST"},{"floor":32,"key":"REST"},{"floor":40,"key":"REST"},{"floor":42,"key":"REST"},{"floor":49,"key":"RECALL"},{"floor":52,"key":"REST"}],"neow_cost":"PERCENT_DAMAGE","seed_source_timestamp":12777822044014,"circlet_count":0,"master_deck":["AscendersBane","Defend_B","Defend_B","Defend_B","Zap+1","Streamline+1","Beam Cell","Glacier","Cold Snap","Gash","Defragment+1","Gash","Barrage","Defragment+1","Buffer+1","Aggregate+1","Compile Driver+1","Multi-Cast+1","Genetic Algorithm","Stack","Echo Form+1","Leap","BootSequence","Glacier","Conserve Battery","Chill"],"relics":["Cracked Core","Anchor","Astrolabe","Red Mask","Bag of Preparation","Bronze Scales","Blood Vial","Fusion Hammer","Dream Catcher","Potion Belt","Runic Capacitor","PreservedInsect","Smiling Mask","Regal Pillow"],"potions_floor_usage":[12,16,19,22,22,24,54,55,55,55],"damage_taken":[{"damage":7,"enemies":"Jaw Worm","floor":1,"turns":3},{"damage":0,"enemies":"2 Louse","floor":3,"turns":1},{"damage":1,"enemies":"Cultist","floor":4,"turns":3},{"damage":3,"enemies":"Blue Slaver","floor":5,"turns":4},{"damage":0,"enemies":"Looter","floor":8,"turns":2},{"damage":0,"enemies":"3 Louse","floor":12,"turns":2},{"damage":3,"enemies":"Large Slime","floor":14,"turns":5},{"damage":25,"enemies":"The Guardian","floor":16,"turns":13},{"damage":13,"enemies":"2 Thieves","floor":18,"turns":4},{"damage":17,"enemies":"3 Byrds","floor":19,"turns":4},{"damage":18,"enemies":"Colosseum Slavers","floor":21,"turns":5},{"damage":15,"enemies":"Masked Bandits","floor":22,"turns":6},{"damage":14,"enemies":"Book of Stabbing","floor":24,"turns":9},{"damage":11,"enemies":"Snake Plant","floor":28,"turns":4},{"damage":0,"enemies":"Chosen and Byrds","floor":29,"turns":6},{"damage":36,"enemies":"Gremlin Leader","floor":30,"turns":10},{"damage":8,"enemies":"3 Cultists","floor":31,"turns":6},{"damage":10,"enemies":"Champ","floor":33,"turns":15},{"damage":13,"enemies":"3 Darklings","floor":35,"turns":9},{"damage":1,"enemies":"Orb Walker","floor":37,"turns":3},{"damage":26,"enemies":"Sphere and 2 Shapes","floor":38,"turns":9},{"damage":27,"enemies":"Jaw Worm Horde","floor":39,"turns":7},{"damage":0,"enemies":"Nemesis","floor":41,"turns":13},{"damage":49,"enemies":"Reptomancer","floor":44,"turns":11},{"damage":4,"enemies":"Nemesis","floor":46,"turns":13},{"damage":6,"enemies":"3 Darklings","floor":48,"turns":7},{"damage":14,"enemies":"Awakened One","floor":50,"turns":23},{"damage":0,"enemies":"Shield and Spear","floor":54,"turns":15},{"damage":78,"enemies":"The Heart","floor":55,"turns":6}],"seed_played":"5259861283207964542","potions_obtained":[{"floor":1,"key":"SkillPotion"},{"floor":4,"key":"SpeedPotion"},{"floor":8,"key":"Block Potion"},{"floor":16,"key":"Poison Potion"},{"floor":18,"key":"Strength Potion"},{"floor":19,"key":"FocusPotion"},{"floor":22,"key":"AttackPotion"},{"floor":29,"key":"Ancient Potion"},{"floor":38,"key":"FocusPotion"},{"floor":46,"key":"Energy Potion"},{"floor":54,"key":"Energy Potion"}],"is_trial":false,"path_per_floor":["M","?","M","M","M","R","$","M","T","R","$","M","R","M","R","B",null,"M","M","$","?","?","R","E","R","T","R","M","M","E","M","R","B",null,"M","?","M","M","M","R","E","R","T","E","$","E","?","M","R","B",null,"R","$","E","B"],"character_chosen":"DEFECT","items_purchased":["Defragment","Gash","Regen Potion","Runic Capacitor","PreservedInsect"],"campfire_rested":6,"item_purchase_floors":[11,11,20,45,45],"current_hp_per_floor":[57,50,50,49,46,46,46,46,46,46,46,46,46,43,43,18,71,58,41,41,23,23,49,35,35,35,61,50,50,14,8,34,26,73,62,62,63,39,14,40,42,68,68,21,21,19,78,72,72,60,74,78,78,78,0],"gold":86,"neow_bonus":"TWENTY_PERCENT_HP_BONUS","is_prod":false,"is_daily":false,"chose_seed":false,"campfire_upgraded":5,"win_rate":0,"timestamp":1543797410,"path_taken":["M","?","M","M","M","R","$","M","T","R","$","M","R","M","R","BOSS","M","M","$","?","?","R","E","R","T","R","M","M","E","M","R","BOSS","M","?","M","?","M","R","E","R","T","E","$","E","?","M","R","BOSS","R","$","E","BOSS"],"build_version":"2018-11-15","purchased_purges":2,"victory":false,"max_hp_per_floor":[89,89,89,89,89,89,89,89,89,89,89,89,89,89,89,89,89,89,89,89,89,89,89,89,89,89,89,89,89,89,89,89,89,89,89,89,89,89,89,89,89,89,89,89,89,89,78,78,78,78,78,78,78,78,78],"card_choices":[{"not_picked":["Heatsinks","Redo"],"picked":"Streamline","floor":1},{"not_picked":["Tempest","Coolheaded"],"picked":"Beam Cell","floor":3},{"not_picked":["Tempest","Streamline"],"picked":"Glacier","floor":4},{"not_picked":["Ball Lightning","Turbo"],"picked":"Cold Snap","floor":5},{"not_picked":["Cold Snap","Sweeping Beam"],"picked":"Gash","floor":8},{"not_picked":["Leap","Consume"],"picked":"Barrage","floor":12},{"not_picked":["Cold Snap","Sweeping Beam"],"picked":"Defragment","floor":14},{"not_picked":["Meteor Strike","All For One"],"picked":"Buffer","floor":16},{"not_picked":["Go for the Eyes","Static Discharge","Sweeping Beam"],"picked":"SKIP","floor":18},{"not_picked":["Redo","Doom and Gloom"],"picked":"Genetic Algorithm","floor":19},{"not_picked":["Aggregate","Barrage"],"picked":"Stack","floor":22},{"not_picked":["Melter","Streamline"],"picked":"Echo Form","floor":24},{"not_picked":["Beam Cell","Streamline","Recycle"],"picked":"SKIP","floor":28},{"not_picked":["Sunder","Darkness+1","Stack"],"picked":"SKIP","floor":29},{"not_picked":["White Noise","Stack","Amplify"],"picked":"SKIP","floor":30},{"not_picked":["Gash","Ball Lightning"],"picked":"Leap","floor":31},{"not_picked":["Turbo","Compile Driver","Sweeping Beam"],"picked":"SKIP","floor":35},{"not_picked":["Gash","Rebound+1"],"picked":"BootSequence","floor":37},{"not_picked":["Undo","Streamline","Chaos"],"picked":"SKIP","floor":38},{"not_picked":["Beam Cell+1","Steam+1"],"picked":"Glacier","floor":39},{"not_picked":["Streamline+1","Rainbow","Fusion"],"picked":"SKIP","floor":41},{"not_picked":["Beam Cell","Ball Lightning","Steam"],"picked":"SKIP","floor":44},{"not_picked":["Biased Cognition","Steam Power"],"picked":"Conserve Battery","floor":46},{"not_picked":["Streamline","Gash"],"picked":"Chill","floor":48},{"not_picked":["Turbo","Hologram","Leap"],"picked":"SKIP","floor":54}],"player_experience":467513,"relics_obtained":[{"floor":9,"key":"Anchor"},{"floor":22,"key":"Red Mask"},{"floor":24,"key":"Bag of Preparation"},{"floor":26,"key":"Bronze Scales"},{"floor":30,"key":"Blood Vial"},{"floor":41,"key":"Dream Catcher"},{"floor":44,"key":"Potion Belt"},{"floor":46,"key":"Smiling Mask"},{"floor":54,"key":"Regal Pillow"}],"event_choices":[{"cards_removed":["Strike_B"],"damage_healed":0,"gold_gain":0,"player_choice":"Card Removal","damage_taken":7,"max_hp_gain":0,"max_hp_loss":0,"event_name":"Golden Wing","floor":2,"gold_loss":0},{"damage_healed":0,"gold_gain":0,"player_choice":"Fight","damage_taken":0,"max_hp_gain":0,"max_hp_loss":0,"event_name":"Colosseum","floor":21,"gold_loss":0},{"damage_healed":0,"gold_gain":0,"player_choice":"Fled From Nobs","damage_taken":0,"max_hp_gain":0,"max_hp_loss":0,"event_name":"Colosseum","floor":21,"gold_loss":0},{"damage_healed":0,"gold_gain":0,"player_choice":"Fought Bandits","damage_taken":0,"max_hp_gain":0,"max_hp_loss":0,"event_name":"Masked Bandits","floor":22,"gold_loss":0},{"damage_healed":0,"gold_gain":0,"player_choice":"Forge","damage_taken":0,"max_hp_gain":0,"max_hp_loss":0,"event_name":"Accursed Blacksmith","floor":36,"gold_loss":0,"cards_upgraded":["Echo Form"]},{"damage_healed":78,"gold_gain":0,"player_choice":"Heal","damage_taken":0,"max_hp_gain":0,"max_hp_loss":11,"event_name":"The Moai Head","floor":47,"gold_loss":0}],"is_beta":false,"boss_relics":[{"not_picked":["Busted Crown","Empty Cage"],"picked":"Astrolabe"},{"not_picked":["Black Star","Pandora\u0027s Box"],"picked":"Fusion Hammer"}],"items_purged_floors":[7,53],"is_endless":false,"potions_floor_spawned":[1,4,8,16,18,19,22,29,38,41,46,54],"killed_by":"The Heart","ascension_level":13}