{"gold_per_floor":[114,125,135,149,0,27,46,63,63,63,63,83,102,136,136,213,213,231,231,231,242,23,23,23,23,23,34,34,59,59,69,69,146,146,164,164,175,275,295,295,307,37,37,48,60,60,75,15,15,15],"floor_reached":50,"playtime":3225,"items_purged":["Strike_G","Strike_G","Normality"],"score":863,"play_id":"f03f1da4-4c2e-4249-9909-11feeb07cfde","local_time":"20190622181445","is_ascension_mode":true,"campfire_choices":[{"data":"Neutralize","floor":10.0,"key":"SMITH"},{"data":"Dodge and Roll","floor":15.0,"key":"SMITH"},{"data":"Glass Knife","floor":23.0,"key":"SMITH"},{"data":"Deadly Poison","floor":28.0,"key":"SMITH"},{"data":"Leg Sweep","floor":30.0,"key":"SMITH"},{"floor":32.0,"key":"REST"},{"floor":40.0,"key":"REST"},{"floor":46.0,"key":"REST"},{"floor":49.0,"key":"REST"}],"neow_cost":"NONE","seed_source_timestamp":31330685123458,"circlet_count":0,"master_deck":["AscendersBane","Defend_G","Defend_G","Defend_G","Defend_G","Defend_G","Strike_G","Survivor","Neutralize+1","Backstab","Flying Knee","Deadly Poison+1","Backstab","Poisoned Stab","Deflect","Well Laid Plans","Backflip","Bane","Decay","Dodge and Roll+1","Glass Knife+1","Footwork","Deadly Poison","Poisoned Stab+1","Leg Sweep+1","Predator+1","Malaise","Noxious Fumes+1","Dodge and Roll+1","PiercingWail","Acrobatics+1","Pain","Heel Hook+1","Acrobatics+1","Cloak And Dagger","Flying Knee+1"],"special_seed":0,"relics":["Ring of the Serpent","FossilizedHelix","Singing Bowl","Mercury Hourglass","Cursed Key","Molten Egg 2","Ginger","Dead Branch","Bag of Preparation","Shuriken"],"potions_floor_usage":[50],"damage_taken":[{"damage":4.0,"enemies":"Jaw Worm","floor":1.0,"turns":9.0},{"damage":2.0,"enemies":"Cultist","floor":2.0,"turns":5.0},{"damage":0.0,"enemies":"Small Slimes","floor":3.0,"turns":3.0},{"damage":2.0,"enemies":"3 Louse","floor":4.0,"turns":3.0},{"damage":34.0,"enemies":"Lagavulin","floor":6.0,"turns":7.0},{"damage":0.0,"enemies":"2 Fungi Beasts","floor":7.0,"turns":2.0},{"damage":0.0,"enemies":"Exordium Wildlife","floor":8.0,"turns":4.0},{"damage":0.0,"enemies":"Blue Slaver","floor":12.0,"turns":2.0},{"damage":0.0,"enemies":"Looter","floor":13.0,"turns":3.0},{"damage":6.0,"enemies":"3 Sentries","floor":14.0,"turns":8.0},{"damage":9.0,"enemies":"The Guardian","floor":16.0,"turns":11.0},{"damage":0.0,"enemies":"3 Byrds","floor":18.0,"turns":4.0},{"damage":0.0,"enemies":"Chosen","floor":21.0,"turns":4.0},{"damage":2.0,"enemies":"Centurion and Healer","floor":27.0,"turns":6.0},{"damage":27.0,"enemies":"Book of Stabbing","floor":29.0,"turns":6.0},{"damage":7.0,"enemies":"3 Cultists","floor":31.0,"turns":6.0},{"damage":27.0,"enemies":"Champ","floor":33.0,"turns":14.0},{"damage":40.0,"enemies":"3 Darklings","floor":35.0,"turns":8.0},{"damage":3.0,"enemies":"Orb Walker","floor":37.0,"turns":4.0},{"damage":0.0,"enemies":"Mind Bloom Boss Battle","floor":38.0,"turns":7.0},{"damage":0.0,"enemies":"Writhing Mass","floor":39.0,"turns":7.0},{"damage":14.0,"enemies":"Jaw Worm Horde","floor":41.0,"turns":5.0},{"damage":24.0,"enemies":"3 Darklings","floor":44.0,"turns":7.0},{"damage":18.0,"enemies":"Transient","floor":45.0,"turns":5.0},{"damage":14.0,"enemies":"Maw","floor":47.0,"turns":7.0},{"damage":41,"enemies":"Time Eater","floor":50,"turns":11}],"seed_played":"-1176309924566723566","potions_obtained":[{"floor":1.0,"key":"Ancient Potion"},{"floor":3.0,"key":"LiquidBronze"},{"floor":8.0,"key":"Block Potion"},{"floor":12.0,"key":"Strength Potion"},{"floor":16.0,"key":"Dexterity Potion"},{"floor":21.0,"key":"Weak Potion"},{"floor":27.0,"key":"EssenceOfSteel"},{"floor":38.0,"key":"Block Potion"},{"floor":41.0,"key":"Energy Potion"},{"floor":44.0,"key":"PowerPotion"}],"is_trial":false,"path_per_floor":["M","M","M","M","$","E","M","M","T","R","?","M","M","E","R","B",null,"M","?","?","M","$","R","?","?","T","M","R","E","R","M","R","B",null,"M","?","M","?","M","R","M","$","T","M","M","R","M","?","R","B"],"character_chosen":"THE_SILENT","items_purchased":["Poisoned Stab","Deflect","Footwork","Deadly Poison","Bag of Preparation"],"campfire_rested":4,"item_purchase_floors":[5,5,22,22,42],"current_hp_per_floor":[61,59,59,57,57,23,23,23,23,23,23,25,27,21,21,12,60,62,47,47,49,49,49,77,77,77,75,75,48,48,41,66,39,74,34,34,31,31,31,55,43,43,43,19,1,25,13,13,38,0],"gold":15,"neow_bonus":"TEN_PERCENT_HP_BONUS","is_prod":false,"is_daily":false,"chose_seed":false,"campfire_upgraded":5,"win_rate":0,"timestamp":1561245285,"path_taken":["M","M","M","M","$","E","M","M","T","R","?","M","M","E","R","BOSS","M","?","?","M","$","R","?","?","T","?","R","E","R","M","R","BOSS","M","?","M","?","M","R","M","$","T","M","M","R","M","?","R","BOSS"],"build_version":"2019-01-23","purchased_purges":3,"victory":false,"max_hp_per_floor":[72,72,72,72,72,72,72,72,72,72,72,74,76,76,76,76,76,78,83,83,85,85,85,85,85,85,85,85,85,85,85,85,85,85,85,81,81,81,81,81,83,83,83,83,83,83,85,85,85,85],"card_choices":[{"not_picked":["Flechettes","All Out Attack"],"picked":"Backstab","floor":1.0},{"not_picked":["Distraction","Slice"],"picked":"Flying Knee","floor":2.0},{"not_picked":["Prepared","PiercingWail"],"picked":"Deadly Poison","floor":3.0},{"not_picked":["Endless Agony","Reflex"],"picked":"Backstab","floor":4.0},{"not_picked":["Riddle With Holes","Deadly Poison"],"picked":"Well Laid Plans","floor":6.0},{"not_picked":["Prepared","Blade Dance"],"picked":"Backflip","floor":7.0},{"not_picked":["Deflect","Tactician"],"picked":"Bane","floor":8.0},{"not_picked":["Eviscerate","Infinite Blades","Bane"],"picked":"Singing Bowl","floor":12.0},{"not_picked":["Choke","Quick Slash","Poisoned Stab"],"picked":"Singing Bowl","floor":13.0},{"not_picked":["Storm of Steel","Slice"],"picked":"Dodge and Roll","floor":14.0},{"not_picked":["Tools of the Trade","Venomology"],"picked":"Glass Knife","floor":16.0},{"not_picked":["Finisher","Underhanded Strike","Expertise"],"picked":"Singing Bowl","floor":18.0},{"not_picked":["Deflect","Outmaneuver","Dodge and Roll"],"picked":"Singing Bowl","floor":21.0},{"not_picked":["Setup","Flying Knee+1"],"picked":"Poisoned Stab+1","floor":27.0},{"not_picked":["Deflect","Blur"],"picked":"Leg Sweep","floor":29.0},{"not_picked":["Bane+1","Dodge and Roll"],"picked":"Predator+1","floor":31.0},{"not_picked":["Tools of the Trade","Adrenaline"],"picked":"Malaise","floor":33.0},{"not_picked":["Concentrate","Distraction"],"picked":"Noxious Fumes+1","floor":35.0},{"not_picked":["Backstab+1","Flying Knee+1"],"picked":"Dodge and Roll+1","floor":37.0},{"not_picked":["Prepared","Terror"],"picked":"PiercingWail","floor":38.0},{"not_picked":["Noxious Fumes","Bane+1"],"picked":"Acrobatics+1","floor":39.0},{"not_picked":["Acrobatics","Sucker Punch+1","Underhanded Strike+1"],"picked":"Singing Bowl","floor":41.0},{"not_picked":["Flying Knee+1","Reflex"],"picked":"Heel Hook+1","floor":44.0},{"not_picked":["Cloak And Dagger+1","Die Die Die+1"],"picked":"Acrobatics+1","floor":45.0},{"not_picked":["Bane+1","Expertise","Endless Agony+1"],"picked":"Singing Bowl","floor":47.0}],"player_experience":117947,"relics_obtained":[{"floor":6.0,"key":"FossilizedHelix"},{"floor":9.0,"key":"Singing Bowl"},{"floor":14.0,"key":"Mercury Hourglass"},{"floor":26.0,"key":"Molten Egg 2"},{"floor":29.0,"key":"Ginger"},{"floor":38.0,"key":"Dead Branch"},{"floor":43.0,"key":"Shuriken"}],"event_choices":[{"damage_healed":0.0,"max_hp_gain":0.0,"max_hp_loss":0.0,"gold_gain":0.0,"event_name":"Wheel of Change","player_choice":"Cursed","floor":11.0,"gold_loss":0.0,"damage_taken":0.0,"cards_obtained":["Decay"]},{"damage_healed":0.0,"max_hp_gain":5.0,"max_hp_loss":0.0,"gold_gain":0.0,"event_name":"Forgotten Altar","player_choice":"Shed Blood","floor":19.0,"gold_loss":0.0,"damage_taken":20.0},{"damage_healed":0.0,"max_hp_gain":0.0,"max_hp_loss":0.0,"gold_gain":0.0,"event_name":"The Mausoleum","player_choice":"Ignored","floor":20.0,"gold_loss":0.0,"damage_taken":0.0},{"damage_healed":28.0,"max_hp_gain":0.0,"max_hp_loss":0.0,"gold_gain":0.0,"event_name":"The Library","player_choice":"Heal","floor":24.0,"gold_loss":0.0,"damage_taken":0.0},{"damage_healed":0.0,"max_hp_gain":0.0,"max_hp_loss":4.0,"gold_gain":0.0,"event_name":"Winding Halls","player_choice":"Max HP","floor":36.0,"gold_loss":0.0,"damage_taken":0.0},{"damage_healed":0.0,"max_hp_gain":0.0,"max_hp_loss":0.0,"gold_gain":0.0,"event_name":"MindBloom","player_choice":"Fight","floor":38.0,"gold_loss":0.0,"damage_taken":0.0},{"damage_healed":0.0,"max_hp_gain":0.0,"max_hp_loss":0.0,"gold_gain":0.0,"cards_transformed":["Strike_G","Strike_G"],"event_name":"Designer","player_choice":"Transformed Cards","floor":48.0,"gold_loss":60.0,"damage_taken":0.0,"cards_obtained":["Cloak And Dagger","Flying Knee"]}],"is_beta":false,"boss_relics":[{"not_picked":["Black Star","Astrolabe"],"picked":"Cursed Key"},{"not_picked":["Coffee Dripper","Empty Cage"],"picked":"Ring of the Serpent"}],"items_purged_floors":[5,22,42],"is_endless":false,"potions_floor_spawned":[1,3,8,12,16,21,27,31,38,41,44],"killed_by":"Time Eater","ascension_level":14}