{"gold_per_floor":[112,112,123,140,44,44,73,93,93,118,137,168,179,179,179,255,255,268,69,57,57,75,75,88,88,88,108,108,33,33,48,48,127,127,140,0,30,41,41,69,69,69,123,123,137,237,31,49,49,49],"floor_reached":51,"playtime":4043,"items_purged":["Strike_G"],"score":1216,"play_id":"c0dc46d7-9cc6-4581-a1bf-b401ec026dfc","local_time":"20190622111614","is_ascension_mode":true,"campfire_choices":[{"data":"Dodge and Roll","floor":6.0,"key":"SMITH"},{"floor":15.0,"key":"REST"},{"data":"After Image","floor":23.0,"key":"SMITH"},{"floor":25.0,"key":"REST"},{"data":"Well Laid Plans","floor":28.0,"key":"SMITH"},{"data":"A Thousand Cuts","floor":30.0,"key":"SMITH"},{"floor":32.0,"key":"REST"},{"data":"Malaise","floor":41,"key":"SMITH"},{"data":"Panacea","floor":44,"key":"SMITH"},{"data":"Neutralize","floor":49,"key":"SMITH"}],"neow_cost":"NONE","seed_source_timestamp":0,"circlet_count":0,"master_deck":["AscendersBane","Defend_G","Defend_G","Defend_G","Defend_G","Defend_G","Strike_G","Strike_G","Strike_G","Survivor","Neutralize+1","Sucker Punch","Dodge and Roll+1","Backflip","Flying Knee","Well Laid Plans+1","A Thousand Cuts+1","Slice","After Image+1","Backflip","Deflect","Prepared","Malaise+1","Deadly Poison","After Image","PiercingWail","Panacea+1","Neutralize+1","Dagger Spray","Doppelganger","PiercingWail+1","After Image","Deflect+1","Deadly Poison","Parasite","Predator+1","Escape Plan+1","Dodge and Roll+1"],"special_seed":0,"relics":["Ring of the Snake","Anchor","Bottled Tornado","Ice Cream","Ornamental Fan","Sozu","DollysMirror","Snake Skull","Lizard Tail","Red Mask","Tiny Chest","Blood Vial","Ninja Scroll","Regal Pillow","Dead Branch","TwistedFunnel"],"potions_floor_usage":[],"damage_taken":[{"damage":2.0,"enemies":"Small Slimes","floor":1.0,"turns":5.0},{"damage":0.0,"enemies":"Cultist","floor":3.0,"turns":3.0},{"damage":2.0,"enemies":"2 Louse","floor":4.0,"turns":3.0},{"damage":6.0,"enemies":"3 Sentries","floor":7.0,"turns":8.0},{"damage":4.0,"enemies":"2 Fungi Beasts","floor":8.0,"turns":4.0},{"damage":16.0,"enemies":"Lagavulin","floor":10.0,"turns":9.0},{"damage":0.0,"enemies":"Red Slaver","floor":11.0,"turns":4.0},{"damage":12.0,"enemies":"Gremlin Nob","floor":12.0,"turns":5.0},{"damage":0.0,"enemies":"Blue Slaver","floor":13.0,"turns":4.0},{"damage":19.0,"enemies":"Slime Boss","floor":16.0,"turns":11.0},{"damage":11.0,"enemies":"Chosen","floor":18.0,"turns":7.0},{"damage":17.0,"enemies":"2 Thieves","floor":20.0,"turns":5.0},{"damage":10.0,"enemies":"Centurion and Healer","floor":22.0,"turns":9.0},{"damage":16.0,"enemies":"Cultist and Chosen","floor":24.0,"turns":11.0},{"damage":0.0,"enemies":"Snake Plant","floor":27.0,"turns":7.0},{"damage":1.0,"enemies":"Chosen and Byrds","floor":31.0,"turns":10.0},{"damage":0.0,"enemies":"Collector","floor":33.0,"turns":14.0},{"damage":0,"enemies":"3 Shapes","floor":35,"turns":6},{"damage":0,"enemies":"Orb Walker","floor":38,"turns":5},{"damage":7,"enemies":"Reptomancer","floor":40,"turns":11},{"damage":3,"enemies":"Writhing Mass","floor":45,"turns":10},{"damage":0,"enemies":"Mind Bloom Boss Battle","floor":46,"turns":9},{"damage":0,"enemies":"3 Darklings","floor":48,"turns":3},{"damage":27,"enemies":"Donu and Deca","floor":50,"turns":11}],"seed_played":"-3283943490883586223","potions_obtained":[{"floor":2.0,"key":"Strength Potion"},{"floor":2.0,"key":"Weak Potion"},{"floor":7.0,"key":"Weak Potion"},{"floor":10.0,"key":"Energy Potion"},{"floor":12.0,"key":"PowerPotion"}],"is_trial":false,"path_per_floor":["M","?","M","M","$","R","E","M","T","E","M","E","M","?","R","B",null,"M","$","M","?","M","R","M","R","T","M","R","$","R","M","R","B",null,"M","?","?","M","T","E","R","?","T","R","M","?","$","M","R","B",null],"character_chosen":"THE_SILENT","items_purchased":["Flying Knee","Well Laid Plans","DollysMirror","TwistedFunnel"],"campfire_rested":3,"item_purchase_floors":[5,5,19,47],"current_hp_per_floor":[61,61,61,59,59,59,53,49,49,33,33,21,21,21,42,23,58,47,47,30,30,20,20,4,25,25,25,25,25,25,24,45,45,64,64,64,64,64,64,59,59,59,59,59,58,60,60,62,62,37],"gold":49,"neow_bonus":"UPGRADE_CARD","is_prod":false,"is_daily":false,"chose_seed":false,"campfire_upgraded":7,"win_rate":0,"timestamp":1561220174,"path_taken":["M","?","M","M","$","R","E","M","T","E","M","E","?","?","R","BOSS","M","$","M","?","?","R","M","R","T","M","R","$","R","M","R","BOSS","M","?","?","?","?","E","R","?","T","R","M","?","$","M","R","BOSS"],"build_version":"2019-01-23","purchased_purges":1,"victory":true,"max_hp_per_floor":[70,70,70,70,70,70,70,70,70,70,70,70,70,70,70,70,70,70,70,70,70,70,70,70,70,70,70,70,70,70,70,70,70,70,70,70,70,70,70,70,70,70,70,70,70,70,70,70,70,70],"card_choices":[{"not_picked":["Deadly Poison","Tactician"],"picked":"Sucker Punch","floor":1.0},{"not_picked":["Infinite Blades","Finisher"],"picked":"Dodge and Roll","floor":3.0},{"not_picked":["Accuracy","PiercingWail"],"picked":"Backflip","floor":4.0},{"not_picked":["Noxious Fumes","Endless Agony"],"picked":"A Thousand Cuts","floor":7.0},{"not_picked":["Distraction","Prepared"],"picked":"Slice","floor":8.0},{"not_picked":["Setup","Flying Knee"],"picked":"After Image","floor":10.0},{"not_picked":["Sucker Punch","Blade Dance"],"picked":"Backflip","floor":11.0},{"not_picked":["Tactician","Infinite Blades"],"picked":"Deflect","floor":12.0},{"not_picked":["Cloak And Dagger","Underhanded Strike"],"picked":"Prepared","floor":13.0},{"not_picked":["Venomology","Bullet Time"],"picked":"Malaise","floor":16.0},{"not_picked":["Endless Agony","Deflect"],"picked":"Deadly Poison","floor":18.0},{"not_picked":["Sucker Punch+1","Slice"],"picked":"PiercingWail","floor":20.0},{"not_picked":["Bane","Dash+1"],"picked":"Dagger Spray","floor":22.0},{"not_picked":["Choke","Setup"],"picked":"Doppelganger","floor":24.0},{"not_picked":["Accuracy+1","Sucker Punch","PiercingWail"],"picked":"SKIP","floor":27.0},{"not_picked":["Prepared","Quick Slash"],"picked":"PiercingWail+1","floor":31.0},{"not_picked":["Doppelganger","Storm of Steel"],"picked":"After Image","floor":33.0},{"not_picked":["Blade Dance","Dagger Spray+1"],"picked":"Deflect+1","floor":35},{"not_picked":["Outmaneuver+1","Leg Sweep+1","Blade Dance"],"picked":"SKIP","floor":38},{"not_picked":["Dagger Throw+1","Wraith Form v2"],"picked":"Deadly Poison","floor":40},{"not_picked":["Flying Knee","Expertise"],"picked":"Predator+1","floor":45},{"not_picked":["Backflip","Dodge and Roll"],"picked":"Escape Plan+1","floor":46},{"not_picked":["Caltrops","Outmaneuver"],"picked":"Dodge and Roll+1","floor":48}],"player_experience":113904,"relics_obtained":[{"floor":7.0,"key":"Anchor"},{"floor":9.0,"key":"Bottled Tornado"},{"floor":10.0,"key":"Ice Cream"},{"floor":12.0,"key":"Ornamental Fan"},{"floor":26.0,"key":"Snake Skull"},{"floor":39,"key":"Blood Vial"},{"floor":40,"key":"Ninja Scroll"},{"floor":43,"key":"Regal Pillow"},{"floor":46,"key":"Dead Branch"}],"event_choices":[{"damage_healed":0.0,"max_hp_gain":0.0,"max_hp_loss":0.0,"gold_gain":0.0,"event_name":"Lab","player_choice":"Got Potions","floor":2.0,"gold_loss":0.0,"damage_taken":0.0},{"damage_healed":0.0,"max_hp_gain":0.0,"max_hp_loss":0.0,"gold_gain":0.0,"event_name":"Shining Light","player_choice":"Ignored","floor":14.0,"gold_loss":0.0,"damage_taken":0.0},{"damage_healed":0.0,"max_hp_gain":0.0,"max_hp_loss":0.0,"gold_gain":0.0,"event_name":"Match and Keep!","player_choice":"3 cards matched","floor":21.0,"gold_loss":0.0,"damage_taken":0.0,"cards_obtained":["Glass Knife","Panacea","Neutralize"]},{"damage_healed":0,"gold_gain":0,"player_choice":"Paid","damage_taken":0,"relics_obtained":["Red Mask"],"max_hp_gain":0,"max_hp_loss":0,"event_name":"Tomb of Lord Red Mask","floor":36,"gold_loss":140},{"cards_removed":["Glass Knife"],"damage_healed":0,"gold_gain":0,"player_choice":"Gave Card","damage_taken":0,"relics_obtained":["Tiny Chest"],"max_hp_gain":0,"max_hp_loss":0,"event_name":"WeMeetAgain","floor":37,"gold_loss":0},{"cards_removed":["Strike_G"],"damage_healed":0,"gold_gain":0,"player_choice":"Removed Attack","damage_taken":0,"max_hp_gain":0,"max_hp_loss":0,"event_name":"Falling","floor":42,"gold_loss":0},{"damage_healed":0,"gold_gain":0,"player_choice":"Fight","damage_taken":0,"max_hp_gain":0,"max_hp_loss":0,"event_name":"MindBloom","floor":46,"gold_loss":0}],"is_beta":false,"boss_relics":[{"not_picked":["Busted Crown","Snecko Eye"],"picked":"Sozu"},{"not_picked":["Runic Pyramid","HoveringKite"],"picked":"Lizard Tail"}],"items_purged_floors":[29],"is_endless":false,"potions_floor_spawned":[3,7,8,10,12,18,20,24,27,38,40,46],"ascension_level":13}