{"gold_per_floor":[109,129,147,147,163,191,123,123,170,170,200,200,19,50,50,152,152,165,165,180,95,106,139,139,155,155,167,182,182,213,230,230,331,331,345,276,49,49,59,90,90,120,120,120,140,158,513,455,455,455],"floor_reached":51,"playtime":2404,"items_purged":[],"score":1162,"play_id":"4f9e54a4-0e85-4c3a-b710-f99bc340d3a1","local_time":"20190616204748","is_ascension_mode":true,"campfire_choices":[{"data":"Bash","floor":8,"key":"SMITH"},{"data":"Inflame","floor":12,"key":"SMITH"},{"floor":15,"key":"REST"},{"floor":24,"key":"REST"},{"floor":29,"key":"REST"},{"floor":32,"key":"REST"},{"floor":41,"key":"REST"},{"floor":44,"key":"REST"},{"floor":49,"key":"REST"}],"neow_cost":"NONE","seed_source_timestamp":406010197461699,"circlet_count":0,"master_deck":["Strike_R","Strike_R","Strike_R","Strike_R","Strike_R","Defend_R","Defend_R","Defend_R","Defend_R","Bash+1","Shockwave","Shrug It Off","Anger","Intimidate","Flame Barrier","Inflame+1","Whirlwind","Spot Weakness","Offering","Shrug It Off","Juggernaut","Pummel","Dropkick","Battle Trance","Armaments","Sword Boomerang+1","Heavy Blade","Anger+1","Inflame","Heavy Blade","Armaments+1","Dark Embrace","Corruption","Feel No Pain","Corruption+1","Warcry+1","Sentinel+1","Inflame","Double Tap+1"],"relics":["Burning Blood","Oddly Smooth Stone","Shuriken","Dream Catcher","Bronze Scales","Matryoshka","Sozu","Mummified Hand","Strawberry","Blue Candle","WingedGreaves","Snecko Eye","Strange Spoon","Singing Bowl","Anchor","Toxic Egg 2","Gremlin Horn","Old Coin","Omamori"],"potions_floor_usage":[6,14,16,23],"damage_taken":[{"damage":0,"enemies":"Cultist","floor":1,"turns":3},{"damage":3,"enemies":"2 Louse","floor":2,"turns":4},{"damage":2,"enemies":"Small Slimes","floor":3,"turns":7},{"damage":6,"enemies":"Exordium Wildlife","floor":5,"turns":4},{"damage":33,"enemies":"Lagavulin","floor":6,"turns":8},{"damage":35,"enemies":"3 Sentries","floor":11,"turns":9},{"damage":33,"enemies":"Gremlin Nob","floor":14,"turns":5},{"damage":45,"enemies":"Slime Boss","floor":16,"turns":8},{"damage":22,"enemies":"2 Thieves","floor":18,"turns":4},{"damage":25,"enemies":"Shell Parasite","floor":20,"turns":4},{"damage":17,"enemies":"Snake Plant","floor":22,"turns":2},{"damage":16,"enemies":"Book of Stabbing","floor":23,"turns":5},{"damage":25,"enemies":"Centurion and Healer","floor":25,"turns":5},{"damage":13,"enemies":"Snecko","floor":27,"turns":3},{"damage":0,"enemies":"Cultist and Chosen","floor":28,"turns":4},{"damage":46,"enemies":"Gremlin Leader","floor":30,"turns":4},{"damage":0,"enemies":"Snake Plant","floor":31,"turns":2},{"damage":34,"enemies":"Champ","floor":33,"turns":9},{"damage":17,"enemies":"3 Darklings","floor":35,"turns":4},{"damage":0,"enemies":"Orb Walker","floor":39,"turns":2},{"damage":47,"enemies":"Reptomancer","floor":40,"turns":4},{"damage":15,"enemies":"Giant Head","floor":42,"turns":5},{"damage":6,"enemies":"4 Shapes","floor":45,"turns":2},{"damage":6,"enemies":"Spire Growth","floor":46,"turns":2},{"damage":16,"enemies":"2 Orb Walkers","floor":47,"turns":3},{"damage":41,"enemies":"Donu and Deca","floor":50,"turns":4}],"seed_played":"7770374140371124376","potions_obtained":[{"floor":2,"key":"Block Potion"},{"floor":3,"key":"Dexterity Potion"},{"floor":16,"key":"EssenceOfSteel"}],"is_trial":false,"path_per_floor":["M","M","M","?","M","E","$","R","T","?","E","R","$","E","R","B",null,"M","$","M","$","M","E","R","M","T","M","M","R","E","M","R","B",null,"M","$","$","$","M","E","R","E","T","R","M","M","?","?","R","B",null],"character_chosen":"IRONCLAD","items_purchased":["Inflame","Fruit Juice","Spot Weakness","Battle Trance","Armaments","Corruption","Strange Spoon","Feel No Pain"],"campfire_rested":7,"item_purchase_floors":[7,13,13,21,21,36,37,37],"current_hp_per_floor":[78,80,80,80,80,53,53,53,53,79,50,50,50,28,53,14,67,51,51,32,32,21,11,36,17,24,17,23,50,10,16,43,15,73,62,62,62,62,68,29,59,50,50,80,82,82,72,72,100,65],"gold":455,"neow_bonus":"RANDOM_COMMON_RELIC","is_prod":false,"is_daily":false,"chose_seed":false,"campfire_upgraded":2,"win_rate":0,"timestamp":1560732468,"path_taken":["M","?","M","?","M","E","$","R","T","?","E","R","?","E","R","BOSS","M","$","M","$","?","E","R","M","T","M","M","R","E","M","R","BOSS","M","$","$","$","M","E","R","E","T","R","M","M","?","?","R","BOSS"],"build_version":"2019-01-23","purchased_purges":0,"victory":true,"max_hp_per_floor":[80,80,80,80,80,80,80,80,80,80,80,80,80,85,85,85,85,85,85,85,85,85,85,85,85,92,92,92,92,92,92,92,92,92,92,92,92,92,92,94,96,96,96,98,100,100,100,100,100,100],"card_choices":[{"not_picked":["True Grit","Entrench"],"picked":"Shockwave","floor":1},{"not_picked":["Twin Strike","Clash"],"picked":"Shrug It Off","floor":2},{"not_picked":["Headbutt","Warcry"],"picked":"Anger","floor":3},{"not_picked":["Fire Breathing","Bloodletting"],"picked":"Intimidate","floor":5},{"not_picked":["Searing Blow","Bloodletting"],"picked":"Flame Barrier","floor":6},{"not_picked":["Dropkick","Clash"],"picked":"Whirlwind","floor":11},{"not_picked":["Dropkick","Shrug It Off"],"picked":"Offering","floor":14},{"not_picked":["Clothesline","Dual Wield"],"picked":"Shrug It Off","floor":15},{"not_picked":["Double Tap","Offering"],"picked":"Juggernaut","floor":16},{"not_picked":["Clash","Body Slam+1"],"picked":"Pummel","floor":18},{"not_picked":["Rampage","Shrug It Off+1"],"picked":"Dropkick","floor":20},{"not_picked":["Infernal Blade","Pommel Strike"],"picked":"Sword Boomerang+1","floor":22},{"not_picked":["Thunderclap","Rupture+1","Headbutt"],"picked":"SKIP","floor":23},{"not_picked":["Shockwave+1","True Grit"],"picked":"Heavy Blade","floor":25},{"not_picked":["Fiend Fire","True Grit"],"picked":"Anger+1","floor":27},{"not_picked":["Flex","Power Through","Ghostly Armor"],"picked":"SKIP","floor":28},{"not_picked":["Warcry","Burning Pact"],"picked":"Inflame","floor":29},{"not_picked":["Second Wind","Dropkick","Warcry"],"picked":"SKIP","floor":30},{"not_picked":["Blood for Blood","Thunderclap"],"picked":"Heavy Blade","floor":31},{"not_picked":["Clothesline","Battle Trance"],"picked":"Armaments+1","floor":32},{"not_picked":["Brutality","Berserk"],"picked":"Dark Embrace","floor":33},{"not_picked":["Warcry+1","True Grit+1","Second Wind"],"picked":"SKIP","floor":35},{"not_picked":["Ghostly Armor+1","Perfected Strike+1"],"picked":"Corruption+1","floor":39},{"not_picked":["Bludgeon","Iron Wave+1","Dropkick"],"picked":"Singing Bowl","floor":40},{"not_picked":["Anger+1","Metallicize","Cleave+1"],"picked":"Singing Bowl","floor":41},{"not_picked":["Anger+1","Intimidate"],"picked":"Warcry+1","floor":42},{"not_picked":["Heavy Blade+1","Havoc+1","Clash+1"],"picked":"Singing Bowl","floor":44},{"not_picked":["Wild Strike","Cleave","Intimidate+1"],"picked":"Singing Bowl","floor":45},{"not_picked":["Twin Strike+1","Warcry+1"],"picked":"Sentinel+1","floor":46},{"not_picked":["Headbutt","Shrug It Off+1"],"picked":"Inflame","floor":47},{"not_picked":["Ghostly Armor+1","Shrug It Off+1"],"picked":"Double Tap+1","floor":49}],"player_experience":813192,"relics_obtained":[{"floor":6,"key":"Shuriken"},{"floor":9,"key":"Dream Catcher"},{"floor":11,"key":"Bronze Scales"},{"floor":14,"key":"Matryoshka"},{"floor":23,"key":"Mummified Hand"},{"floor":26,"key":"Strawberry"},{"floor":26,"key":"Blue Candle"},{"floor":30,"key":"WingedGreaves"},{"floor":40,"key":"Singing Bowl"},{"floor":42,"key":"Anchor"},{"floor":43,"key":"Toxic Egg 2"},{"floor":43,"key":"Gremlin Horn"},{"floor":47,"key":"Old Coin"}],"event_choices":[{"damage_healed":0,"gold_gain":0,"player_choice":"Ignored","damage_taken":0,"max_hp_gain":0,"max_hp_loss":0,"event_name":"Liars Game","floor":4,"gold_loss":0},{"damage_healed":26,"gold_gain":0,"player_choice":"Banana","damage_taken":0,"max_hp_gain":0,"max_hp_loss":0,"event_name":"Big Fish","floor":10,"gold_loss":0},{"damage_healed":0,"gold_gain":0,"player_choice":"Fight","damage_taken":0,"max_hp_gain":0,"max_hp_loss":0,"event_name":"Mysterious Sphere","floor":47,"gold_loss":0},{"damage_healed":0,"gold_gain":0,"player_choice":"Paid Gold","damage_taken":0,"relics_obtained":["Omamori"],"max_hp_gain":0,"max_hp_loss":0,"event_name":"WeMeetAgain","floor":48,"gold_loss":58}],"is_beta":false,"boss_relics":[{"not_picked":["Ectoplasm","Busted Crown"],"picked":"Sozu"},{"not_picked":["Empty Cage","Cursed Key"],"picked":"Snecko Eye"}],"items_purged_floors":[],"is_endless":false,"potions_floor_spawned":[2,3,16,18,23,25,33,40,46],"ascension_level":9}