{"gold_per_floor":[118,118,118,118,135,135,199,199,247,247,280,280,290,22,22,119,119,131,145,155,155,172,172,27,45,122,137,137,171,190,215,215,310,310,326,343,354,131,231,260,260,288,312,312],"floor_reached":44,"playtime":57808,"items_purged":["Strike_B"],"score":531,"play_id":"6ff4ae68-c035-48f8-8123-6271d196e364","local_time":"20190531111822","is_ascension_mode":true,"campfire_choices":[{"floor":6,"key":"REST"},{"floor":8,"key":"REST"},{"data":"Echo Form","floor":10,"key":"SMITH"},{"floor":15,"key":"REST"},{"floor":23,"key":"REST"},{"floor":28,"key":"REST"},{"floor":32,"key":"REST"},{"floor":41,"key":"RECALL"}],"neow_cost":"NONE","seed_source_timestamp":1351390880355846,"circlet_count":0,"master_deck":["Strike_B","Strike_B","Strike_B","Defend_B+1","Defend_B+1","Defend_B","Defend_B","Zap+1","Dualcast+1","Echo Form+1","Gash+1","Chaos+1","Conserve Battery+1","White Noise+1","Cold Snap","Hello World","Biased Cognition","Hologram+1","Go for the Eyes+1","Glacier+1","Electrodynamics","Finesse+1","Capacitor","Conserve Battery+1","Decay","Coolheaded+1","Hologram+1","Force Field+1","Hologram+1","Double Energy+1","Compile Driver","Heatsinks+1","Fission+1","Regret"],"relics":["Cracked Core","Toxic Egg 2","War Paint","Smiling Mask","Nunchaku","Lantern","Cursed Key","Bottled Tornado","Orichalcum","Cables","Fusion Hammer","Oddly Smooth Stone","Gambling Chip","Juzu Bracelet","Boot"],"potions_floor_usage":[20,27,29,29,30,31,42,42,44,44],"damage_taken":[{"damage":1,"enemies":"Cultist","floor":1,"turns":3},{"damage":6,"enemies":"Jaw Worm","floor":5,"turns":3},{"damage":32,"enemies":"Lagavulin Event","floor":7,"turns":5},{"damage":5,"enemies":"Lagavulin","floor":11,"turns":7},{"damage":0,"enemies":"2 Louse","floor":13,"turns":3},{"damage":38,"enemies":"The Guardian","floor":16,"turns":8},{"damage":7,"enemies":"Chosen","floor":18,"turns":7},{"damage":2,"enemies":"Shell Parasite","floor":19,"turns":4},{"damage":0,"enemies":"Sentry and Sphere","floor":20,"turns":3},{"damage":35,"enemies":"Shelled Parasite and Fungi","floor":22,"turns":5},{"damage":9,"enemies":"Centurion and Healer","floor":25,"turns":3},{"damage":19,"enemies":"Sentry and Sphere","floor":27,"turns":4},{"damage":26,"enemies":"Slavers","floor":29,"turns":4},{"damage":0,"enemies":"Chosen and Byrds","floor":30,"turns":4},{"damage":19,"enemies":"Gremlin Leader","floor":31,"turns":5},{"damage":20,"enemies":"Automaton","floor":33,"turns":8},{"damage":7,"enemies":"3 Shapes","floor":35,"turns":3},{"damage":12,"enemies":"3 Darklings","floor":36,"turns":5},{"damage":20,"enemies":"4 Shapes","floor":37,"turns":8},{"damage":0,"enemies":"Mind Bloom Boss Battle","floor":39,"turns":6},{"damage":5,"enemies":"Reptomancer","floor":40,"turns":5},{"damage":18,"enemies":"Giant Head","floor":42,"turns":8},{"damage":13,"enemies":"Jaw Worm Horde","floor":44,"turns":2}],"seed_played":"7077887213789887222","potions_obtained":[{"floor":5,"key":"EssenceOfSteel"},{"floor":11,"key":"SteroidPotion"},{"floor":13,"key":"PowerPotion"},{"floor":27,"key":"Energy Potion"},{"floor":29,"key":"SkillPotion"},{"floor":30,"key":"Swift Potion"},{"floor":37,"key":"FocusPotion"},{"floor":39,"key":"Poison Potion"},{"floor":42,"key":"FearPotion"}],"is_trial":false,"path_per_floor":["M","$","?","?","M","R","?","R","T","R","E","?","M","$","R","B",null,"M","M","M","?","M","R","$","M","T","M","R","E","M","E","R","B",null,"M","M","M","$","?","E","R","E","T","M"],"character_chosen":"DEFECT","items_purchased":["Lantern","Hello World","Capacitor","Regen Potion","Oddly Smooth Stone","Double Energy+1"],"campfire_rested":6,"item_purchase_floors":[14,14,24,24,38,38],"current_hp_per_floor":[74,74,59,52,46,68,36,58,58,58,53,53,53,53,75,37,75,68,66,66,66,31,53,53,44,44,37,59,33,33,14,36,16,75,68,56,36,36,36,31,31,13,13,0],"gold":312,"neow_bonus":"ONE_RANDOM_RARE_CARD","is_prod":false,"is_daily":false,"chose_seed":false,"campfire_upgraded":1,"win_rate":0,"timestamp":1559315902,"path_taken":["M","$","?","?","M","R","?","R","T","R","E","?","?","$","R","BOSS","M","M","M","?","M","R","$","M","T","?","R","E","M","E","R","BOSS","M","M","M","$","?","E","R","E","T","M"],"build_version":"2019-01-23","purchased_purges":1,"victory":false,"max_hp_per_floor":[75,75,75,75,75,75,75,75,75,75,75,75,75,75,75,75,75,75,75,75,75,75,75,75,75,75,75,75,75,75,75,75,75,75,75,75,75,75,75,75,75,75,75,75],"card_choices":[{"not_picked":["Steam","Leap"],"picked":"Gash","floor":1},{"not_picked":["Streamline","Storm"],"picked":"Chaos+1","floor":5},{"not_picked":["Reprogram+1","Undo+1"],"picked":"Conserve Battery+1","floor":7},{"not_picked":["Conserve Battery+1","Barrage"],"picked":"White Noise+1","floor":11},{"not_picked":["Compile Driver","Reinforced Body+1"],"picked":"Cold Snap","floor":13},{"not_picked":["Creative AI","Rainbow+1"],"picked":"Biased Cognition","floor":16},{"not_picked":["Recycle+1","Turbo+1"],"picked":"Hologram+1","floor":18},{"not_picked":["Steam Power+1","Leap+1"],"picked":"Go for the Eyes+1","floor":19},{"not_picked":["Thunder Strike","Stack+1"],"picked":"Glacier+1","floor":20},{"not_picked":["Rebound","Steam+1","Stack+1"],"picked":"SKIP","floor":22},{"not_picked":["Steam Power+1","Recycle+1"],"picked":"Conserve Battery+1","floor":25},{"not_picked":["Beam Cell+1","Go for the Eyes","Cold Snap"],"picked":"SKIP","floor":27},{"not_picked":["Ball Lightning","BootSequence+1"],"picked":"Coolheaded+1","floor":29},{"not_picked":["Core Surge","FTL"],"picked":"Hologram+1","floor":30},{"not_picked":["Genetic Algorithm+1","Chill+1"],"picked":"Force Field+1","floor":31},{"not_picked":["Blizzard+1","Beam Cell+1"],"picked":"Hologram+1","floor":35},{"not_picked":["Go for the Eyes+1","Rip and Tear","Gash+1"],"picked":"SKIP","floor":36},{"not_picked":["Rip and Tear","Cold Snap+1","Stack+1"],"picked":"SKIP","floor":37},{"not_picked":["Cold Snap+1","Sweeping Beam"],"picked":"Compile Driver","floor":39},{"not_picked":["Hyperbeam","Go for the Eyes+1"],"picked":"Heatsinks+1","floor":40},{"not_picked":["Go for the Eyes+1","Hyperbeam"],"picked":"Fission+1","floor":42}],"player_experience":684735,"relics_obtained":[{"floor":7,"key":"War Paint"},{"floor":9,"key":"Smiling Mask"},{"floor":11,"key":"Nunchaku"},{"floor":26,"key":"Bottled Tornado"},{"floor":29,"key":"Orichalcum"},{"floor":31,"key":"Cables"},{"floor":39,"key":"Gambling Chip"},{"floor":40,"key":"Juzu Bracelet"},{"floor":42,"key":"Boot"}],"event_choices":[{"damage_healed":0,"gold_gain":0,"player_choice":"Entered Light","damage_taken":15,"max_hp_gain":0,"max_hp_loss":0,"event_name":"Shining Light","floor":3,"gold_loss":0,"cards_upgraded":["Gash","Defend_B"]},{"damage_healed":0,"gold_gain":0,"player_choice":"Success","damage_taken":7,"relics_obtained":["Toxic Egg 2"],"max_hp_gain":0,"max_hp_loss":0,"event_name":"Scrap Ooze","floor":4,"gold_loss":0},{"damage_healed":0,"gold_gain":0,"player_choice":"Searched \u00272\u0027 times","damage_taken":0,"max_hp_gain":0,"max_hp_loss":0,"event_name":"Dead Adventurer","floor":7,"gold_loss":0},{"damage_healed":0,"gold_gain":0,"player_choice":"Grow","damage_taken":0,"max_hp_gain":0,"max_hp_loss":0,"event_name":"Living Wall","floor":12,"gold_loss":0,"cards_upgraded":["Zap"]},{"damage_healed":0,"gold_gain":0,"player_choice":"2 cards matched","damage_taken":0,"max_hp_gain":0,"max_hp_loss":0,"event_name":"Match and Keep!","floor":21,"gold_loss":0,"cards_obtained":["Electrodynamics","Finesse"]},{"damage_healed":0,"gold_gain":0,"player_choice":"Fight","damage_taken":0,"max_hp_gain":0,"max_hp_loss":0,"event_name":"MindBloom","floor":39,"gold_loss":0}],"is_beta":false,"boss_relics":[{"not_picked":["Black Star","Astrolabe"],"picked":"Cursed Key"},{"not_picked":["Tiny House","Coffee Dripper"],"picked":"Fusion Hammer"}],"items_purged_floors":[14],"is_endless":false,"potions_floor_spawned":[5,11,13,25,27,29,30,37,39,40,42],"killed_by":"Jaw Worm Horde","ascension_level":1}