{"gold_per_floor":[112,131,143,68,118,118,147,165,165,199,199,214,232,232,232,310,310,330,330,343,61,75,75],"floor_reached":23,"playtime":1196,"items_purged":["Strike_R"],"score":456,"play_id":"4a964dc8-1268-4362-a439-bb30a67a9342","local_time":"20190124231619","is_ascension_mode":true,"campfire_choices":[{"data":"Carnage","floor":6,"key":"SMITH"},{"data":"Feed","floor":11,"key":"SMITH"},{"data":"Rage","floor":15,"key":"SMITH"}],"neow_cost":"TEN_PERCENT_HP_LOSS","seed_source_timestamp":17107544240306,"circlet_count":0,"master_deck":["AscendersBane","Strike_R","Strike_R","Strike_R","Defend_R","Defend_R","Defend_R","Defend_R","Bash","Feed+1","Anger","Carnage+1","Shrug It Off","Rage+1","Spot Weakness","Iron Wave","Heavy Blade","Brutality","True Grit+1","Sword Boomerang+1","Battle Trance","Blind","Armaments"],"relics":["Burning Blood","Ornamental Fan","Darkstone Periapt","Pear","Cursed Key"],"potions_floor_usage":[16,23,23],"damage_taken":[{"damage":7,"enemies":"2 Louse","floor":1,"turns":3},{"damage":4,"enemies":"Small Slimes","floor":2,"turns":3},{"damage":2,"enemies":"Cultist","floor":3,"turns":4},{"damage":8,"enemies":"Gremlin Nob","floor":7,"turns":3},{"damage":7,"enemies":"3 Louse","floor":8,"turns":5},{"damage":30,"enemies":"Lagavulin","floor":10,"turns":6},{"damage":3,"enemies":"Looter","floor":12,"turns":3},{"damage":15,"enemies":"Lots of Slimes","floor":13,"turns":5},{"damage":48,"enemies":"The Guardian","floor":16,"turns":13},{"damage":49,"enemies":"Chosen","floor":18,"turns":7},{"damage":18,"enemies":"Spheric Guardian","floor":20,"turns":4},{"damage":13,"enemies":"Snake Plant","floor":22,"turns":4},{"damage":40,"enemies":"Book of Stabbing","floor":23,"turns":5}],"seed_played":"6212092564328960634","potions_obtained":[{"floor":1,"key":"Ancient Potion"},{"floor":7,"key":"EssenceOfSteel"},{"floor":8,"key":"Strength Potion"},{"floor":12,"key":"Strength Potion"}],"is_trial":false,"path_per_floor":["M","M","M","?","?","R","E","M","T","E","R","M","M","?","R","B",null,"M","?","M","$","M","E"],"character_chosen":"IRONCLAD","items_purchased":["Battle Trance","Blind","BloodPotion"],"campfire_rested":0,"item_purchase_floors":[21,21,21],"current_hp_per_floor":[70,74,77,77,70,70,68,70,70,59,59,66,61,66,66,28,90,47,47,35,35,28,0],"gold":75,"neow_bonus":"THREE_RARE_CARDS","is_prod":false,"is_daily":false,"chose_seed":false,"campfire_upgraded":3,"win_rate":0,"timestamp":1548382579,"path_taken":["M","M","M","?","?","R","E","?","T","E","R","M","M","?","R","BOSS","M","?","?","$","M","E"],"build_version":"2019-01-23","purchased_purges":1,"victory":false,"max_hp_per_floor":[71,74,77,77,77,77,77,80,80,93,93,97,101,106,106,110,110,110,110,110,110,110,110],"card_choices":[{"not_picked":["Fiend Fire","Barricade"],"picked":"Feed","floor":0},{"not_picked":["Fire Breathing","Pommel Strike"],"picked":"Anger","floor":1},{"not_picked":["Sentinel","Iron Wave"],"picked":"Carnage","floor":2},{"not_picked":["Flex","Twin Strike"],"picked":"Shrug It Off","floor":3},{"not_picked":["Bloodletting","Combust"],"picked":"Rage","floor":7},{"not_picked":["Heavy Blade","Carnage"],"picked":"Spot Weakness","floor":8},{"not_picked":["Heavy Blade","Perfected Strike"],"picked":"Iron Wave","floor":10},{"not_picked":["Rampage","Cleave"],"picked":"Heavy Blade","floor":12},{"not_picked":["Thunderclap","Carnage","Feel No Pain"],"picked":"SKIP","floor":13},{"not_picked":["Feed","Barricade"],"picked":"Brutality","floor":16},{"not_picked":["Iron Wave","Thunderclap"],"picked":"True Grit","floor":18},{"not_picked":["Evolve","Cleave"],"picked":"Sword Boomerang+1","floor":20},{"not_picked":["Twin Strike","Brutality"],"picked":"Armaments","floor":22}],"player_experience":772293,"relics_obtained":[{"floor":7,"key":"Ornamental Fan"},{"floor":9,"key":"Darkstone Periapt"},{"floor":10,"key":"Pear"}],"event_choices":[{"cards_removed":["Strike_R"],"damage_healed":0,"gold_gain":0,"player_choice":"Card Removal","damage_taken":0,"max_hp_gain":0,"max_hp_loss":0,"event_name":"The Cleric","floor":4,"gold_loss":75},{"damage_healed":0,"gold_gain":50,"player_choice":"Touch","damage_taken":7,"max_hp_gain":0,"max_hp_loss":0,"event_name":"FaceTrader","floor":5,"gold_loss":0},{"damage_healed":0,"gold_gain":0,"player_choice":"Donut","damage_taken":0,"max_hp_gain":5,"max_hp_loss":0,"event_name":"Big Fish","floor":14,"gold_loss":0},{"damage_healed":0,"gold_gain":0,"player_choice":"Forge","damage_taken":0,"max_hp_gain":0,"max_hp_loss":0,"event_name":"Accursed Blacksmith","floor":19,"gold_loss":0,"cards_upgraded":["True Grit"]}],"is_beta":false,"boss_relics":[{"not_picked":["White Beast Statue","Lizard Tail"],"picked":"Cursed Key"}],"items_purged_floors":[21],"is_endless":false,"potions_floor_spawned":[1,7,8,12,22],"killed_by":"Book of Stabbing","ascension_level":20}