{"gold_per_floor":[111,125,136,155,175,175,203,203,203,230,230,249,249,22,22,123,123,143,154,154,167,167,194,194,194,194,228,228,228,228,240,240,341,341,355,355,355,265,276,276,304,304,327,327,347,378,378,391,391,391],"floor_reached":50,"playtime":4341,"items_purged":[],"score":766,"play_id":"51a0698d-3ee4-44f7-8039-3849593eb9cd","local_time":"20190609152356","is_ascension_mode":true,"campfire_choices":[{"floor":6,"key":"REST"},{"floor":8,"key":"REST"},{"data":"Infinite Blades","floor":13,"key":"SMITH"},{"data":"Cloak And Dagger","floor":15,"key":"SMITH"},{"data":"Footwork","floor":25,"key":"SMITH"},{"data":"A Thousand Cuts","floor":30,"key":"SMITH"},{"data":"Accuracy","floor":32,"key":"SMITH"},{"data":"Apotheosis","floor":40,"key":"SMITH"},{"floor":42,"key":"REST"},{"floor":44,"key":"RECALL"},{"data":"Calculated Gamble","floor":49,"key":"SMITH"}],"neow_cost":"PERCENT_DAMAGE","seed_source_timestamp":1453875692824500,"circlet_count":0,"master_deck":["Survivor","Neutralize+1","A Thousand Cuts+1","Infinite Blades+1","Accuracy+1","Backflip","PiercingWail","Accuracy","Cloak And Dagger+1","Dagger Throw","Footwork+1","Caltrops","Cloak And Dagger","Venomology","Underhanded Strike","Deflect","Infinite Blades","Die Die Die","Crippling Poison","Endless Agony","Escape Plan","Footwork+1","Phantasmal Killer","Accuracy+1","Crippling Poison","Escape Plan","Finisher","Blade Dance+1","Apotheosis+1","Accuracy+1","Footwork+1","Deflect","Footwork+1","Calculated Gamble+1"],"relics":["Ring of the Snake","Darkstone Periapt","FossilizedHelix","Mummified Hand","Juzu Bracelet","Orrery","Nunchaku","Letter Opener","Smiling Mask","Frozen Egg 2","Pandora\u0027s Box","Anchor","Molten Egg 2","Bottled Flame"],"potions_floor_usage":[10,16,18,18,19,21,23,23,27,31,31,33,33,41,45,48,50,50,50],"damage_taken":[{"damage":0,"enemies":"Cultist","floor":1,"turns":5},{"damage":1,"enemies":"Small Slimes","floor":2,"turns":3},{"damage":11,"enemies":"2 Louse","floor":3,"turns":3},{"damage":3,"enemies":"Exordium Wildlife","floor":4,"turns":5},{"damage":7,"enemies":"3 Louse","floor":5,"turns":4},{"damage":5,"enemies":"Lagavulin","floor":7,"turns":9},{"damage":16,"enemies":"Gremlin Nob","floor":10,"turns":5},{"damage":5,"enemies":"Gremlin Gang","floor":12,"turns":3},{"damage":0,"enemies":"Slime Boss","floor":16,"turns":6},{"damage":14,"enemies":"Spheric Guardian","floor":18,"turns":5},{"damage":11,"enemies":"2 Thieves","floor":19,"turns":4},{"damage":12,"enemies":"3 Cultists","floor":21,"turns":4},{"damage":8,"enemies":"Slavers","floor":23,"turns":4},{"damage":10,"enemies":"Gremlin Leader","floor":27,"turns":5},{"damage":0,"enemies":"Snecko","floor":31,"turns":3},{"damage":32,"enemies":"Collector","floor":33,"turns":7},{"damage":0,"enemies":"Orb Walker","floor":35,"turns":3},{"damage":0,"enemies":"3 Shapes","floor":39,"turns":3},{"damage":31,"enemies":"Reptomancer","floor":41,"turns":4},{"damage":0,"enemies":"Transient","floor":45,"turns":5},{"damage":0,"enemies":"Giant Head","floor":46,"turns":6},{"damage":8,"enemies":"4 Shapes","floor":48,"turns":4},{"damage":69,"enemies":"Donu and Deca","floor":50,"turns":6}],"seed_played":"3456531676353791021","potions_obtained":[{"floor":1,"key":"LiquidBronze"},{"floor":3,"key":"SpeedPotion"},{"floor":5,"key":"Fire Potion"},{"floor":12,"key":"Ancient Potion"},{"floor":16,"key":"LiquidBronze"},{"floor":19,"key":"Energy Potion"},{"floor":27,"key":"Weak Potion"},{"floor":33,"key":"PowerPotion"},{"floor":41,"key":"Block Potion"}],"is_trial":false,"path_per_floor":["M","M","M","M","M","R","E","R","T","E","?","M","R","$","R","B",null,"M","M","?","M","?","E","?","R","T","E","T","?","R","M","R","B",null,"M","?","?","?","M","R","E","R","T","R","M","E","T","M","R","B"],"character_chosen":"THE_SILENT","items_purchased":["Caltrops","Juzu Bracelet","PowerPotion"],"campfire_rested":3,"item_purchase_floors":[14,14,14],"current_hp_per_floor":[49,48,37,34,27,48,43,64,64,48,48,43,43,43,43,43,70,56,45,80,68,68,60,60,60,60,50,50,50,50,50,50,18,80,80,80,80,80,80,80,49,73,73,73,73,73,73,65,65,0],"gold":391,"neow_bonus":"TRANSFORM_TWO_CARDS","is_prod":false,"is_daily":false,"chose_seed":false,"campfire_upgraded":7,"win_rate":0,"timestamp":1560119036,"path_taken":["M","?","?","M","M","R","E","R","T","E","?","M","R","$","R","BOSS","M","M","?","M","?","E","?","R","T","E","?","?","R","M","R","BOSS","M","?","?","?","M","R","E","R","T","R","M","E","?","M","R","BOSS"],"build_version":"2019-01-23","purchased_purges":0,"victory":false,"max_hp_per_floor":[70,70,70,70,70,70,70,70,70,70,70,70,70,70,70,70,70,70,70,80,80,80,80,80,80,80,80,80,80,80,80,80,80,80,80,80,80,80,80,80,80,80,80,80,80,80,80,80,80,80],"card_choices":[{"not_picked":["Flechettes","Deflect","Deadly Poison"],"picked":"SKIP","floor":1},{"not_picked":["Cloak And Dagger","Sucker Punch"],"picked":"Accuracy","floor":2},{"not_picked":["Flying Knee","Dagger Throw"],"picked":"Backflip","floor":3},{"not_picked":["Glass Knife","Dagger Throw","Prepared"],"picked":"SKIP","floor":4},{"not_picked":["Backflip","Masterful Stab"],"picked":"PiercingWail","floor":5},{"not_picked":["Quick Slash","Endless Agony"],"picked":"Accuracy","floor":7},{"not_picked":["Dodge and Roll","Deadly Poison"],"picked":"Cloak And Dagger","floor":10},{"not_picked":["Tactician","Bane"],"picked":"Footwork","floor":12},{"not_picked":["Phantasmal Killer","Doppelganger"],"picked":"Storm of Steel","floor":16},{"not_picked":["Riddle With Holes","Crippling Poison"],"picked":"Cloak And Dagger","floor":17},{"not_picked":["Bane","Quick Slash"],"picked":"Venomology","floor":17},{"not_picked":["Heel Hook","Dagger Throw"],"picked":"Underhanded Strike","floor":17},{"not_picked":["Flying Knee","Dodge and Roll"],"picked":"Deflect","floor":17},{"not_picked":["Deflect","Slice"],"picked":"Infinite Blades","floor":18},{"not_picked":["Concentrate","Flechettes"],"picked":"Die Die Die","floor":19},{"not_picked":["Dash+1","Quick Slash","All Out Attack"],"picked":"SKIP","floor":21},{"not_picked":["Poisoned Stab","Flying Knee"],"picked":"Escape Plan","floor":23},{"not_picked":["Quick Slash","Reflex","Bane"],"picked":"SKIP","floor":27},{"not_picked":["PiercingWail","Blade Dance","Masterful Stab+1"],"picked":"SKIP","floor":31},{"not_picked":["Doppelganger","Malaise"],"picked":"Phantasmal Killer","floor":33},{"not_picked":["Tactician","Poisoned Stab"],"picked":"Blade Dance+1","floor":35},{"not_picked":["Jack Of All Trades","Blind"],"picked":"Apotheosis","floor":36},{"not_picked":["Prepared","Deadly Poison"],"picked":"Footwork+1","floor":39},{"not_picked":["Slice","Leg Sweep+1"],"picked":"Deflect","floor":41},{"not_picked":["Backflip+1","Quick Slash+1"],"picked":"Footwork+1","floor":45},{"not_picked":["Dagger Throw","Skewer+1"],"picked":"Calculated Gamble","floor":46},{"not_picked":["Underhanded Strike+1","Slice+1","Die Die Die+1"],"picked":"SKIP","floor":48}],"player_experience":190728,"relics_obtained":[{"floor":7,"key":"Darkstone Periapt"},{"floor":9,"key":"FossilizedHelix"},{"floor":10,"key":"Mummified Hand"},{"floor":23,"key":"Nunchaku"},{"floor":26,"key":"Letter Opener"},{"floor":27,"key":"Smiling Mask"},{"floor":28,"key":"Frozen Egg 2"},{"floor":41,"key":"Anchor"},{"floor":46,"key":"Molten Egg 2"},{"floor":47,"key":"Bottled Flame"}],"event_choices":[{"damage_healed":0,"gold_gain":0,"cards_transformed":["Strike_G"],"player_choice":"Transformed","damage_taken":0,"max_hp_gain":0,"max_hp_loss":0,"event_name":"Transmorgrifier","floor":11,"gold_loss":0,"cards_obtained":["Dagger Throw"]},{"cards_removed":["Storm of Steel"],"damage_healed":25,"gold_gain":0,"player_choice":"Offered Rare","damage_taken":0,"max_hp_gain":10,"max_hp_loss":0,"event_name":"Bonfire Elementals","floor":20,"gold_loss":0},{"damage_healed":0,"gold_gain":0,"cards_transformed":["Defend_G","Defend_G"],"player_choice":"Became Test Subject","damage_taken":0,"max_hp_gain":0,"max_hp_loss":0,"event_name":"Drug Dealer","floor":22,"gold_loss":0,"cards_obtained":["Crippling Poison","Endless Agony"]},{"damage_healed":0,"gold_gain":0,"player_choice":"Read","damage_taken":0,"max_hp_gain":0,"max_hp_loss":0,"event_name":"The Library","floor":24,"gold_loss":0,"cards_obtained":["Footwork"]},{"damage_healed":0,"gold_gain":0,"player_choice":"Forge","damage_taken":0,"max_hp_gain":0,"max_hp_loss":0,"event_name":"Accursed Blacksmith","floor":29,"gold_loss":0,"cards_upgraded":["Footwork"]},{"damage_healed":0,"gold_gain":0,"player_choice":"Memory 1","damage_taken":0,"max_hp_gain":0,"max_hp_loss":0,"event_name":"SensoryStone","floor":36,"gold_loss":0},{"damage_healed":0,"gold_gain":0,"player_choice":"Copied","damage_taken":0,"max_hp_gain":0,"max_hp_loss":0,"event_name":"Duplicator","floor":37,"gold_loss":0,"cards_obtained":["Accuracy"]},{"cards_removed":["Grand Finale"],"damage_healed":0,"gold_gain":0,"player_choice":"Upgrade and Remove","damage_taken":0,"max_hp_gain":0,"max_hp_loss":0,"event_name":"Designer","floor":38,"gold_loss":90,"cards_upgraded":["Neutralize"]}],"is_beta":false,"boss_relics":[{"not_picked":["Velvet Choker","Tiny House"],"picked":"Orrery"},{"not_picked":["Coffee Dripper","Empty Cage"],"picked":"Pandora\u0027s Box"}],"items_purged_floors":[],"is_endless":false,"potions_floor_spawned":[1,3,5,12,16,19,27,33,41,46],"killed_by":"Donu and Deca","ascension_level":3}