{"gold_per_floor":[123,155,167,281,306,346,433,445,457,488,500,529,541,573,585,692,704,736,748],"floor_reached":19,"playtime":616,"items_purged":[],"score":169,"play_id":"c7eec63a-f0b0-45be-8b91-4693151656bb","local_time":"20190130162355","is_ascension_mode":false,"campfire_choices":[{"floor":13,"key":"REST"},{"floor":15,"key":"RECALL"}],"neow_cost":"NONE","seed_source_timestamp":2175095902018296,"circlet_count":0,"master_deck":["Strike_B","Strike_B","Strike_B","Strike_B","Defend_B","Defend_B","Defend_B+1","Zap","Dualcast","Sweeping Beam","Conserve Battery+1","Skim+1","Ball Lightning","Streamline","Darkness","Genetic Algorithm","Gash","Creative AI","Gash"],"relics":["Cracked Core","MawBank","Anchor","Centennial Puzzle","Mercury Hourglass","White Beast Statue"],"potions_floor_usage":[6,6],"damage_taken":[{"damage":0,"enemies":"Small Slimes","floor":1,"turns":3},{"damage":3,"enemies":"Jaw Worm","floor":2,"turns":3},{"damage":0,"enemies":"2 Louse","floor":5,"turns":2},{"damage":26,"enemies":"Lagavulin","floor":6,"turns":7},{"damage":0,"enemies":"Blue Slaver","floor":10,"turns":2},{"damage":0,"enemies":"Gremlin Gang","floor":12,"turns":2},{"damage":0,"enemies":"Looter","floor":14,"turns":3},{"damage":14,"enemies":"Hexaghost","floor":16,"turns":7},{"damage":24,"enemies":"Shell Parasite","floor":18,"turns":6},{"damage":57,"enemies":"JungleHuntersEvent","floor":19,"turns":3}],"seed_played":"9200614836958094330","potions_obtained":[{"floor":2,"key":"Energy Potion"},{"floor":5,"key":"Dexterity Potion"},{"floor":18,"key":"FearPotion"}],"is_trial":false,"path_per_floor":["M","M","$","?","M","E","?","?","T","M","?","M","R","M","R","B",null,"M","?"],"character_chosen":"DEFECT","items_purchased":[],"campfire_rested":1,"item_purchase_floors":[],"current_hp_per_floor":[75,72,72,72,72,46,35,35,35,35,20,20,42,42,42,28,75,51,0],"gold":748,"neow_bonus":"RANDOM_COMMON_RELIC","is_prod":false,"is_daily":false,"chose_seed":false,"campfire_upgraded":0,"win_rate":0,"timestamp":1548883435,"path_taken":["M","M","$","?","M","E","?","?","T","M","?","M","R","M","R","BOSS","M","?"],"build_version":"2019-01-23","purchased_purges":0,"victory":false,"max_hp_per_floor":[75,75,75,75,75,75,75,75,75,75,75,75,75,75,75,75,75,75,75],"card_choices":[{"not_picked":["BootSequence","Fusion"],"picked":"Sweeping Beam","floor":1},{"not_picked":["Auto Shields","Coolheaded"],"picked":"Conserve Battery","floor":2},{"not_picked":["Compile Driver","FTL"],"picked":"Ball Lightning","floor":5},{"not_picked":["Cold Snap","Hologram"],"picked":"Streamline","floor":6},{"not_picked":["Panic Button","Auto Shields"],"picked":"Darkness","floor":10},{"not_picked":["Steam","Sweeping Beam"],"picked":"Genetic Algorithm","floor":12},{"not_picked":["Beam Cell","Turbo"],"picked":"Gash","floor":14},{"not_picked":["Biased Cognition","Reboot"],"picked":"Creative AI","floor":16},{"not_picked":["Steam Power","Steam+1"],"picked":"Gash","floor":18}],"player_experience":385960,"relics_obtained":[{"floor":6,"key":"Anchor"},{"floor":8,"key":"Centennial Puzzle"},{"floor":9,"key":"Mercury Hourglass"}],"event_choices":[{"damage_healed":0,"gold_gain":75,"player_choice":"Gather Gold","damage_taken":11,"max_hp_gain":0,"max_hp_loss":0,"event_name":"World of Goop","floor":7,"gold_loss":0},{"damage_healed":0,"gold_gain":0,"player_choice":"Entered Light","damage_taken":15,"max_hp_gain":0,"max_hp_loss":0,"event_name":"Shining Light","floor":11,"gold_loss":0,"cards_upgraded":["Defend_B","Conserve Battery"]}],"is_beta":false,"boss_relics":[{"not_picked":["Ring of Chaos","infinitespire:Cupcake"],"picked":"White Beast Statue"}],"items_purged_floors":[],"is_endless":false,"potions_floor_spawned":[2,5,18],"killed_by":"JungleHuntersEvent","ascension_level":0}