{"gold_per_floor":[117,117,117,130,144,171,171,191,191,191,155,179,193,207,207,326,326,351,374,65,118,118,168,168,168,168,168,204,34,55,78,78,78],"floor_reached":33,"playtime":1345,"items_purged":["Normality","Shame"],"score":267,"play_id":"c504f440-273b-4ae7-afff-6097f87480fe","local_time":"20180915011528","is_ascension_mode":false,"campfire_choices":[{"data":"Redo","floor":7,"key":"SMITH"},{"floor":15,"key":"REST"},{"floor":32,"key":"REST"}],"neow_cost":"NONE","seed_source_timestamp":40411601209871,"circlet_count":0,"master_deck":["Strike_B","Strike_B","Strike_B","Strike_B","Defend_B","Defend_B","Defend_B","Defend_B","Zap+1","Dualcast","Cold Snap","Defragment","Capacitor","Redo+1","Steam","Skim","Injury","Aggregate","Fusion","Biased Cognition","Ball Lightning","Seek","Injury","White Noise","Compile Driver+1","Lockon","Zap+1","Sunder","Creative AI","Static Discharge","Conserve Battery+1","Hyperbeam"],"relics":["Cracked Core","Pen Nib","Orichalcum","Golden Idol","Calling Bell","Juzu Bracelet","Gremlin Horn","Mango","Medical Kit","Dream Catcher","MutagenicStrength","Ginger","Peace Pipe","Letter Opener"],"potions_floor_usage":[6,16,16,18,31,33,33,33],"damage_taken":[{"damage":0,"enemies":"Small Slimes","floor":1,"turns":2},{"damage":4,"enemies":"Jaw Worm","floor":4,"turns":2},{"damage":8,"enemies":"2 Louse","floor":5,"turns":3},{"damage":9,"enemies":"Lagavulin","floor":6,"turns":6},{"damage":8,"enemies":"Red Slaver","floor":8,"turns":2},{"damage":4,"enemies":"Looter","floor":12,"turns":4},{"damage":19,"enemies":"3 Louse","floor":13,"turns":4},{"damage":5,"enemies":"2 Fungi Beasts","floor":14,"turns":4},{"damage":6,"enemies":"Slime Boss","floor":16,"turns":10},{"damage":17,"enemies":"Spheric Guardian","floor":18,"turns":4},{"damage":29,"enemies":"3 Byrds","floor":19,"turns":5},{"damage":21,"enemies":"Gremlin Leader","floor":28,"turns":5},{"damage":8,"enemies":"3 Cultists","floor":30,"turns":4},{"damage":9,"enemies":"Sentry and Sphere","floor":31,"turns":5},{"damage":73,"enemies":"Champ","floor":33,"turns":8}],"seed_played":"1741206481013557372","potions_obtained":[{"floor":1,"key":"Weak Potion"},{"floor":6,"key":"Poison Potion"},{"floor":8,"key":"Swift Potion"},{"floor":14,"key":"FocusPotion"},{"floor":16,"key":"Strength Potion"},{"floor":28,"key":"PowerPotion"},{"floor":30,"key":"Fire Potion"},{"floor":31,"key":"Block Potion"}],"is_trial":false,"path_per_floor":["M","?","?","M","M","E","R","M","T","?","$","M","M","M","R","B",null,"M","M","$","T","?","?","?","T","T","?","E","$","M","M","R"],"character_chosen":"DEFECT","items_purchased":["Aggregate","Medical Kit","Lockon","Creative AI"],"campfire_rested":2,"item_purchase_floors":[11,20,20,29],"current_hp_per_floor":[75,75,75,71,63,54,54,46,46,46,46,42,23,18,40,34,89,72,43,43,43,43,43,43,43,43,72,51,51,43,41,67,0],"gold":78,"neow_bonus":"THREE_CARDS","is_prod":false,"is_daily":false,"chose_seed":false,"campfire_upgraded":1,"win_rate":0.0,"timestamp":1536988528,"path_taken":["M","?","?","?","M","E","R","M","T","?","$","M","M","M","R","BOSS","M","M","$","?","?","?","?","?","T","?","E","?","M","M","R","BOSS"],"build_version":"2018-09-06","purchased_purges":2,"victory":false,"max_hp_per_floor":[75,75,75,75,75,75,75,75,75,75,75,75,75,75,75,75,89,89,89,89,89,89,89,89,89,89,89,89,89,89,89,89,89],"card_choices":[{"not_picked":["Turbo","Rebound"],"picked":"Cold Snap","floor":0},{"not_picked":["Scrape","Hologram"],"picked":"Defragment","floor":1},{"not_picked":["Turbo","Beam Cell"],"picked":"Capacitor","floor":4},{"not_picked":["Barrage","Undo"],"picked":"Redo","floor":5},{"not_picked":["Gash","Compile Driver"],"picked":"Steam","floor":6},{"not_picked":["Steam","Turbo"],"picked":"Skim","floor":8},{"not_picked":["Go for the Eyes","Steam"],"picked":"Fusion","floor":12},{"not_picked":["Reprogram","Gash"],"picked":"Biased Cognition","floor":13},{"not_picked":["Compile Driver","Stack"],"picked":"Ball Lightning","floor":14},{"not_picked":["All For One","Biased Cognition"],"picked":"Seek","floor":16},{"not_picked":["Leap","Compile Driver"],"picked":"White Noise","floor":18},{"not_picked":["Aggregate","Ball Lightning+1"],"picked":"Compile Driver+1","floor":19},{"not_picked":["Conserve Battery","Chaos"],"picked":"Sunder","floor":28},{"not_picked":["Steam","Hologram"],"picked":"Static Discharge","floor":30},{"not_picked":["Darkness","Double Energy"],"picked":"Conserve Battery+1","floor":31},{"not_picked":["Sweeping Beam+1","Steam Power+1"],"picked":"Hyperbeam","floor":32}],"player_experience":105906,"relics_obtained":[{"floor":6,"key":"Pen Nib"},{"floor":9,"key":"Orichalcum"},{"floor":17,"key":"Juzu Bracelet"},{"floor":17,"key":"Gremlin Horn"},{"floor":17,"key":"Mango"},{"floor":21,"key":"Dream Catcher"},{"floor":25,"key":"Ginger"},{"floor":26,"key":"Peace Pipe"},{"floor":28,"key":"Letter Opener"}],"event_choices":[{"event_name":"Living Wall","player_choice":"Grow","floor":2,"damage_taken":0},{"event_name":"The Cleric","player_choice":"Leave","floor":3,"damage_taken":0},{"event_name":"Golden Idol","player_choice":"Take Wound","floor":10,"damage_taken":0},{"event_name":"Duplicator","player_choice":"One dupe","floor":22,"damage_taken":0},{"event_name":"The Joust","player_choice":"Bet on Murderer","floor":23,"damage_taken":0},{"event_name":"Drug Dealer","player_choice":"Inject Mutagens","floor":24,"damage_taken":0},{"event_name":"The Library","player_choice":"Heal","floor":27,"damage_taken":0}],"is_beta":false,"boss_relics":[{"not_picked":["Runic Pyramid","Nuclear Battery"],"picked":"Calling Bell"}],"items_purged_floors":[20,29],"is_endless":false,"potions_floor_spawned":[1,6,8,14,16,28,30,31],"killed_by":"Champ","ascension_level":0}