{"gold_per_floor":[110,121,136,106,106,106,71,97,121,164,60,75,91,10,10,10],"floor_reached":16,"playtime":733,"items_purged":[],"score":182,"play_id":"5fea1f90-4288-4634-982a-72d090fe4ae3","local_time":"20190507001916","is_ascension_mode":true,"campfire_choices":[{"data":"Neutralize","floor":6,"key":"SMITH"},{"floor":15,"key":"REST"}],"neow_cost":"NONE","seed_source_timestamp":454909381080650,"circlet_count":0,"master_deck":["AscendersBane","Defend_G","Defend_G","Defend_G","Defend_G","Defend_G","Strike_G","Strike_G","Strike_G","Strike_G","Strike_G","Survivor","Neutralize+1","Caltrops","PiercingWail","Backflip","Footwork","Dash","Well Laid Plans"],"relics":["Busted Crown","Boot","MawBank","Art of War"],"potions_floor_usage":[8,10,16,16],"damage_taken":[{"damage":3,"enemies":"Small Slimes","floor":1,"turns":6},{"damage":0,"enemies":"Jaw Worm","floor":2,"turns":4},{"damage":0,"enemies":"2 Louse","floor":3,"turns":3},{"damage":1,"enemies":"Looter","floor":4,"turns":4},{"damage":27,"enemies":"3 Sentries","floor":8,"turns":11},{"damage":30,"enemies":"Gremlin Nob","floor":10,"turns":5},{"damage":10,"enemies":"Large Slime","floor":12,"turns":7},{"damage":2,"enemies":"3 Louse","floor":13,"turns":5},{"damage":30,"enemies":"Slime Boss","floor":16,"turns":10}],"seed_played":"7714805189549743969","potions_obtained":[{"floor":1,"key":"SkillPotion"},{"floor":8,"key":"Strength Potion"},{"floor":12,"key":"Dexterity Potion"},{"floor":13,"key":"SteroidPotion"}],"is_trial":false,"path_per_floor":["M","M","M","M","?","R","?","E","T","E","$","M","M","$","R","B"],"character_chosen":"THE_SILENT","items_purchased":["Footwork","Dash","Well Laid Plans"],"campfire_rested":1,"item_purchase_floors":[11,11,14],"current_hp_per_floor":[60,60,60,59,59,59,70,43,43,13,13,3,1,1,22,0],"gold":10,"neow_bonus":"BOSS_RELIC","is_prod":false,"is_daily":false,"chose_seed":false,"campfire_upgraded":1,"win_rate":0,"timestamp":1557202756,"path_taken":["M","M","M","M","?","R","?","E","T","E","$","M","M","?","R","BOSS"],"build_version":"2019-01-23","purchased_purges":0,"victory":false,"max_hp_per_floor":[70,70,70,70,70,70,70,70,70,70,70,70,70,70,70,70],"card_choices":[{"not_picked":["Calculated Gamble"],"picked":"SKIP","floor":1},{"not_picked":["Sucker Punch"],"picked":"SKIP","floor":2},{"not_picked":[],"picked":"Caltrops","floor":3},{"not_picked":[],"picked":"PiercingWail","floor":4},{"not_picked":["Prepared"],"picked":"SKIP","floor":8},{"not_picked":[],"picked":"Backflip","floor":10},{"not_picked":["Expertise"],"picked":"SKIP","floor":12},{"not_picked":["Bane"],"picked":"SKIP","floor":13}],"player_experience":494687,"relics_obtained":[{"floor":8,"key":"Boot"},{"floor":9,"key":"MawBank"},{"floor":10,"key":"Art of War"}],"event_choices":[{"damage_healed":0,"gold_gain":0,"player_choice":"Ignored","damage_taken":0,"max_hp_gain":0,"max_hp_loss":0,"event_name":"Golden Wing","floor":5,"gold_loss":0},{"damage_healed":17,"gold_gain":0,"player_choice":"Healed","damage_taken":0,"max_hp_gain":0,"max_hp_loss":0,"event_name":"The Cleric","floor":7,"gold_loss":35}],"is_beta":false,"boss_relics":[],"items_purged_floors":[],"is_endless":false,"potions_floor_spawned":[1,8,12,13],"killed_by":"Slime Boss","ascension_level":13}