{"gold_per_floor":[369,383,55,74,86,118,118,118,118,132,146,206,206,224,224,224],"floor_reached":16,"playtime":2158,"items_purged":[],"score":125,"play_id":"aef6cf1a-a12c-4cbe-8cac-65a08cc8352e","local_time":"20190622224251","is_ascension_mode":true,"campfire_choices":[{"data":"Armaments","floor":7,"key":"SMITH"},{"floor":15,"key":"REST"}],"neow_cost":"TEN_PERCENT_HP_LOSS","seed_source_timestamp":416978051203100,"circlet_count":0,"master_deck":["Strike_R","Strike_R","Strike_R","Strike_R","Strike_R","Defend_R","Defend_R","Defend_R","Defend_R","Bash","Pommel Strike","Armaments+1","Rampage","Thunderclap","Shockwave","Demon Form","Heavy Blade","Flex","Impervious","Injury"],"relics":["Burning Blood","Membership Card","Oddly Smooth Stone","Letter Opener","Bird Faced Urn","Nunchaku","Sundial","Golden Idol"],"potions_floor_usage":[10,12,12,12,12,14,16],"damage_taken":[{"damage":16,"enemies":"Small Slimes","floor":1,"turns":5},{"damage":1,"enemies":"2 Louse","floor":2,"turns":2},{"damage":1,"enemies":"Jaw Worm","floor":4,"turns":3},{"damage":2,"enemies":"Exordium Thugs","floor":5,"turns":5},{"damage":27,"enemies":"3 Sentries","floor":6,"turns":10},{"damage":12,"enemies":"Exordium Wildlife","floor":10,"turns":6},{"damage":10,"enemies":"Gremlin Gang","floor":11,"turns":5},{"damage":24,"enemies":"3 Sentries","floor":12,"turns":6},{"damage":13,"enemies":"Exordium Thugs","floor":14,"turns":6},{"damage":42,"enemies":"Slime Boss","floor":16,"turns":7}],"seed_played":"-2725538900039752","potions_obtained":[{"floor":4,"key":"SpeedPotion"},{"floor":5,"key":"EntropicBrew"},{"floor":6,"key":"Weak Potion"},{"floor":14,"key":"Dexterity Potion"}],"is_trial":false,"path_per_floor":["M","M","$","M","M","E","R","?","T","M","M","?","?","M","R","B"],"character_chosen":"IRONCLAD","items_purchased":["Membership Card","Rampage","Oddly Smooth Stone"],"campfire_rested":1,"item_purchase_floors":[3,3,3],"current_hp_per_floor":[62,67,67,72,72,51,51,39,39,35,31,15,15,8,29,0],"gold":224,"neow_bonus":"TWO_FIFTY_GOLD","is_prod":false,"is_daily":false,"chose_seed":false,"campfire_upgraded":1,"win_rate":0,"timestamp":1561207371,"path_taken":["M","M","$","M","M","E","R","?","T","M","M","?","?","M","R","BOSS"],"build_version":"2019-01-23","purchased_purges":0,"victory":false,"max_hp_per_floor":[72,72,72,72,72,72,72,72,72,72,72,72,72,72,72,72],"card_choices":[{"not_picked":["Warcry","Pummel"],"picked":"Pommel Strike","floor":1},{"not_picked":["Dark Embrace","Combust"],"picked":"Armaments","floor":2},{"not_picked":["Body Slam","Inflame"],"picked":"Thunderclap","floor":4},{"not_picked":["Pommel Strike","Metallicize"],"picked":"Shockwave","floor":5},{"not_picked":["Ghostly Armor","Anger"],"picked":"Demon Form","floor":6},{"not_picked":["Anger","Spot Weakness"],"picked":"Heavy Blade","floor":10},{"not_picked":["Sword Boomerang","Heavy Blade"],"picked":"Flex","floor":11},{"not_picked":["Perfected Strike","Searing Blow"],"picked":"Impervious","floor":12},{"not_picked":["Wild Strike","Corruption","Seeing Red"],"picked":"SKIP","floor":14}],"player_experience":134748,"relics_obtained":[{"floor":6,"key":"Letter Opener"},{"floor":9,"key":"Nunchaku"},{"floor":12,"key":"Sundial"}],"event_choices":[{"damage_healed":0,"gold_gain":0,"player_choice":"Success","damage_taken":12,"relics_obtained":["Bird Faced Urn"],"max_hp_gain":0,"max_hp_loss":0,"event_name":"Scrap Ooze","floor":8,"gold_loss":0},{"damage_healed":0,"gold_gain":30,"player_choice":"Searched \u00272\u0027 times","damage_taken":0,"max_hp_gain":0,"max_hp_loss":0,"event_name":"Dead Adventurer","floor":12,"gold_loss":0},{"damage_healed":0,"gold_gain":0,"player_choice":"Take Wound","damage_taken":0,"relics_obtained":["Golden Idol"],"max_hp_gain":0,"max_hp_loss":0,"event_name":"Golden Idol","floor":13,"gold_loss":0,"cards_obtained":["Injury"]}],"is_beta":false,"boss_relics":[],"items_purged_floors":[],"is_endless":false,"potions_floor_spawned":[4,5,6,14],"killed_by":"Slime Boss","ascension_level":4}