{"gold_per_floor":[110,110,128,147,167,167,180,209,209,223,243,208,61,81,81,184,184,200,220,220],"floor_reached":20,"playtime":694,"items_purged":["Strike_R"],"score":270,"play_id":"96a3618d-6691-4619-b7c7-5d46158071ea","local_time":"20190616205940","is_ascension_mode":true,"campfire_choices":[{"floor":6,"key":"REST"},{"floor":15,"key":"REST"}],"neow_cost":"NONE","seed_source_timestamp":408441116856725,"circlet_count":0,"master_deck":["AscendersBane","Strike_R","Strike_R","Strike_R","Strike_R","Defend_R","Defend_R","Bash+1","Inflame","Hemokinesis","Pommel Strike","Rupture","Disarm","Whirlwind","Immolate","Demon Form","Shrug It Off","Anger"],"relics":["Empty Cage","Torii","StoneCalendar","Philosopher\u0027s Stone"],"potions_floor_usage":[5,5,16,16,16,20],"damage_taken":[{"damage":0,"enemies":"Small Slimes","floor":1,"turns":3},{"damage":12,"enemies":"Jaw Worm","floor":3,"turns":2},{"damage":11,"enemies":"2 Louse","floor":4,"turns":3},{"damage":21,"enemies":"Lots of Slimes","floor":5,"turns":4},{"damage":0,"enemies":"Large Slime","floor":7,"turns":4},{"damage":26,"enemies":"Gremlin Nob","floor":8,"turns":4},{"damage":22,"enemies":"3 Louse","floor":10,"turns":3},{"damage":3,"enemies":"Exordium Wildlife","floor":11,"turns":3},{"damage":17,"enemies":"Blue Slaver","floor":14,"turns":3},{"damage":32,"enemies":"The Guardian","floor":16,"turns":11},{"damage":2,"enemies":"3 Byrds","floor":18,"turns":3},{"damage":46,"enemies":"Shell Parasite","floor":19,"turns":5},{"damage":14,"enemies":"Masked Bandits","floor":20,"turns":2}],"seed_played":"8515673704145928732","potions_obtained":[{"floor":1,"key":"Block Potion"},{"floor":4,"key":"BloodPotion"},{"floor":5,"key":"Dexterity Potion"},{"floor":7,"key":"Swift Potion"},{"floor":11,"key":"SpeedPotion"},{"floor":18,"key":"PowerPotion"},{"floor":19,"key":"SkillPotion"}],"is_trial":false,"path_per_floor":["M","?","M","M","M","R","M","E","T","M","M","?","$","M","R","B",null,"M","M","?"],"character_chosen":"IRONCLAD","items_purchased":["Immolate"],"campfire_rested":2,"item_purchase_floors":[13],"current_hp_per_floor":[72,72,60,49,36,60,60,34,34,12,9,29,29,12,36,4,61,59,13,0],"gold":220,"neow_bonus":"BOSS_RELIC","is_prod":false,"is_daily":false,"chose_seed":false,"campfire_upgraded":0,"win_rate":0,"timestamp":1560733180,"path_taken":["M","?","M","M","M","R","M","E","T","M","M","?","$","?","R","BOSS","M","M","?"],"build_version":"2019-01-23","purchased_purges":1,"victory":false,"max_hp_per_floor":[80,80,80,80,80,80,80,80,80,80,80,80,80,80,80,80,80,80,80,80],"card_choices":[{"not_picked":["Hemokinesis","Twin Strike"],"picked":"Inflame","floor":1},{"not_picked":["Body Slam","Combust","Feel No Pain"],"picked":"SKIP","floor":3},{"not_picked":["Armaments","Heavy Blade"],"picked":"Hemokinesis","floor":4},{"not_picked":["Second Wind","Anger"],"picked":"Pommel Strike","floor":5},{"not_picked":["Entrench","Uppercut","Havoc"],"picked":"SKIP","floor":7},{"not_picked":["Flex","Clothesline"],"picked":"Rupture","floor":8},{"not_picked":["Flex","True Grit"],"picked":"Disarm","floor":10},{"not_picked":["Flame Barrier","True Grit"],"picked":"Whirlwind","floor":11},{"not_picked":["Uppercut","Havoc","Rage"],"picked":"SKIP","floor":14},{"not_picked":["Exhume","Feed"],"picked":"Demon Form","floor":16},{"not_picked":["Body Slam","Anger"],"picked":"Shrug It Off","floor":18},{"not_picked":["Body Slam+1","Dual Wield"],"picked":"Anger","floor":19}],"player_experience":815596,"relics_obtained":[{"floor":8,"key":"Torii"},{"floor":9,"key":"StoneCalendar"}],"event_choices":[{"damage_healed":0,"gold_gain":0,"player_choice":"Grow","damage_taken":0,"max_hp_gain":0,"max_hp_loss":0,"event_name":"Living Wall","floor":2,"gold_loss":0,"cards_upgraded":["Bash"]},{"damage_healed":20,"gold_gain":0,"player_choice":"Healed","damage_taken":0,"max_hp_gain":0,"max_hp_loss":0,"event_name":"The Cleric","floor":12,"gold_loss":35},{"damage_healed":0,"gold_gain":0,"player_choice":"Fought Bandits","damage_taken":0,"max_hp_gain":0,"max_hp_loss":0,"event_name":"Masked Bandits","floor":20,"gold_loss":0}],"is_beta":false,"boss_relics":[{"not_picked":["Runic Pyramid","Pandora\u0027s Box"],"picked":"Philosopher\u0027s Stone"}],"items_purged_floors":[13],"is_endless":false,"potions_floor_spawned":[1,4,5,7,11,18,19],"killed_by":"Masked Bandits","ascension_level":10}