{"gold_per_floor":[365,365,365,8,21,52,52,70,70,70,88,88,88,88,88,161,161,180,2,17,17,37,37,55,55,137,152,152,67,95,95,95,174,174,192,192,209,1208,1028,1028,703,714,714,714,724,736,140,140,140,140],"floor_reached":51,"playtime":2433,"items_purged":["Strike_R","Strike_R","Normality","Normality","Wild Strike+1"],"score":1393,"play_id":"29525940-4062-4b89-a751-f25e9efcf9d1","local_time":"20190104141247","is_ascension_mode":true,"campfire_choices":[{"data":"Bash","floor":7,"key":"SMITH"},{"data":"Clothesline","floor":10,"key":"SMITH"},{"data":"Anger","floor":13,"key":"SMITH"},{"floor":15,"key":"REST"},{"floor":23,"key":"REST"},{"data":"Sword Boomerang","floor":28,"key":"SMITH"},{"floor":32,"key":"REST"},{"floor":40,"key":"REST"},{"floor":49,"key":"DIG"}],"neow_cost":"PERCENT_DAMAGE","seed_source_timestamp":4393962504967,"circlet_count":0,"master_deck":["AscendersBane","Defend_R+1","Defend_R","Defend_R","Defend_R+1","Bash+1","Flex+1","Clothesline+1","Infernal Blade+1","Iron Wave+1","Anger+1","Exhume+1","Spot Weakness+1","Sword Boomerang+1","Rage+1","Dual Wield+1","Clothesline+1","Master of Strategy+1","Shrug It Off+1","True Grit+1","Flash of Steel+1","Shockwave+1"],"relics":["Burning Blood","Toxic Egg 2","Oddly Smooth Stone","Ornamental Fan","Shuriken","Busted Crown","Happy Flower","Molten Egg 2","Gremlin Horn","Shovel","Astrolabe","Bottled Flame","Bag of Marbles","Omamori","Bag of Preparation"],"potions_floor_usage":[6,6,24,30,30,33,45,50],"damage_taken":[{"damage":14,"enemies":"Jaw Worm","floor":1,"turns":5},{"damage":2,"enemies":"2 Louse","floor":5,"turns":4},{"damage":24,"enemies":"Gremlin Nob","floor":6,"turns":4},{"damage":0,"enemies":"Cultist","floor":8,"turns":3},{"damage":0,"enemies":"2 Fungi Beasts","floor":11,"turns":3},{"damage":0,"enemies":"Slime Boss","floor":16,"turns":4},{"damage":14,"enemies":"Spheric Guardian","floor":18,"turns":4},{"damage":8,"enemies":"Chosen","floor":20,"turns":4},{"damage":25,"enemies":"Colosseum Slavers","floor":21,"turns":4},{"damage":8,"enemies":"Centurion and Healer","floor":22,"turns":6},{"damage":18,"enemies":"Cultist and Chosen","floor":24,"turns":5},{"damage":3,"enemies":"Snecko","floor":27,"turns":6},{"damage":53,"enemies":"Gremlin Leader","floor":30,"turns":6},{"damage":23,"enemies":"Collector","floor":33,"turns":6},{"damage":11,"enemies":"Orb Walker","floor":35,"turns":3},{"damage":23,"enemies":"3 Darklings","floor":37,"turns":4},{"damage":21,"enemies":"Transient","floor":42,"turns":6},{"damage":26,"enemies":"Maw","floor":45,"turns":6},{"damage":7,"enemies":"Sphere and 2 Shapes","floor":46,"turns":5},{"damage":59,"enemies":"Awakened One","floor":50,"turns":10}],"seed_played":"4094172838617789876","potions_obtained":[{"floor":5,"key":"SkillPotion"},{"floor":6,"key":"Explosive Potion"},{"floor":24,"key":"PowerPotion"},{"floor":27,"key":"Regen Potion"},{"floor":30,"key":"PowerPotion"},{"floor":37,"key":"SteroidPotion"},{"floor":45,"key":"AttackPotion"},{"floor":46,"key":"Energy Potion"}],"is_trial":false,"path_per_floor":["M","?","?","$","M","E","R","M","T","R","M","?","R","?","R","B",null,"M","$","M","?","M","R","M","T","T","M","R","?","E","?","R","B",null,"M","?","M","?","$","R","$","M","T","?","M","M","$","?","R","B",null],"character_chosen":"IRONCLAD","items_purchased":["Oddly Smooth Stone","Flex+1","Block Potion","Spot Weakness+1","True Grit+1","Flash of Steel+1","Evolve","Bag of Marbles","Shockwave+1","Omamori"],"campfire_rested":4,"item_purchase_floors":[4,4,4,19,39,41,41,47,47,47],"current_hp_per_floor":[42,42,42,42,46,28,28,34,34,34,40,17,17,17,39,45,68,60,60,58,39,37,59,47,47,47,50,50,50,18,18,40,23,62,57,47,30,30,30,52,52,37,37,37,17,16,16,61,61,8],"gold":140,"neow_bonus":"TWO_FIFTY_GOLD","is_prod":false,"is_daily":false,"chose_seed":false,"campfire_upgraded":4,"win_rate":0,"timestamp":1546621967,"path_taken":["M","?","?","$","M","E","R","M","T","R","?","?","R","?","R","BOSS","M","$","?","?","M","R","M","?","T","?","R","?","E","?","R","BOSS","M","?","M","?","?","R","$","M","T","?","M","M","$","?","R","BOSS"],"build_version":"2019-01-03v3","purchased_purges":5,"victory":true,"max_hp_per_floor":[75,75,75,75,75,75,75,75,75,75,75,75,75,75,75,75,75,75,75,75,75,75,75,75,75,75,75,75,75,75,75,75,75,75,75,75,75,75,75,75,75,75,75,75,75,75,75,61,61,61],"card_choices":[{"not_picked":["Perfected Strike","Sword Boomerang"],"picked":"Cleave","floor":1},{"not_picked":["Burning Pact+1","Shockwave+1"],"picked":"Clothesline","floor":5},{"not_picked":["Heavy Blade","Cleave"],"picked":"Infernal Blade+1","floor":6},{"not_picked":["Clothesline","Rampage"],"picked":"Iron Wave","floor":8},{"not_picked":["True Grit+1","Cleave"],"picked":"Anger","floor":11},{"not_picked":["Demon Form","Brutality"],"picked":"Exhume+1","floor":16},{"not_picked":["Cleave"],"picked":"SKIP","floor":18},{"not_picked":[],"picked":"Sword Boomerang","floor":20},{"not_picked":["Clash"],"picked":"SKIP","floor":22},{"not_picked":[],"picked":"Rage+1","floor":24},{"not_picked":["Twin Strike+1"],"picked":"SKIP","floor":27},{"not_picked":["Twin Strike+1"],"picked":"SKIP","floor":30},{"not_picked":["Sword Boomerang+1"],"picked":"SKIP","floor":35},{"not_picked":[],"picked":"Master of Strategy+1","floor":36},{"not_picked":[],"picked":"Shrug It Off+1","floor":37},{"not_picked":["Thunderclap+1"],"picked":"SKIP","floor":42},{"not_picked":["Rampage+1"],"picked":"SKIP","floor":45},{"not_picked":["Flex+1"],"picked":"SKIP","floor":46}],"player_experience":705961,"relics_obtained":[{"floor":6,"key":"Ornamental Fan"},{"floor":9,"key":"Shuriken"},{"floor":25,"key":"Happy Flower"},{"floor":26,"key":"Molten Egg 2"},{"floor":30,"key":"Shovel"},{"floor":43,"key":"Bottled Flame"},{"floor":49,"key":"Bag of Preparation"}],"event_choices":[{"damage_healed":0,"gold_gain":0,"player_choice":"Fled","damage_taken":0,"max_hp_gain":0,"max_hp_loss":0,"event_name":"Scrap Ooze","floor":2,"gold_loss":0},{"cards_removed":["Cleave"],"damage_healed":0,"gold_gain":0,"player_choice":"Gave Card","damage_taken":0,"relics_obtained":["Toxic Egg 2"],"max_hp_gain":0,"max_hp_loss":0,"event_name":"WeMeetAgain","floor":3,"gold_loss":0},{"damage_healed":0,"gold_gain":0,"player_choice":"Entered Light","damage_taken":23,"max_hp_gain":0,"max_hp_loss":0,"event_name":"Shining Light","floor":12,"gold_loss":0,"cards_upgraded":["Defend_R","Defend_R"]},{"damage_healed":0,"gold_gain":0,"player_choice":"Leave","damage_taken":0,"max_hp_gain":0,"max_hp_loss":0,"event_name":"FaceTrader","floor":14,"gold_loss":0},{"damage_healed":0,"gold_gain":0,"player_choice":"Fight","damage_taken":0,"max_hp_gain":0,"max_hp_loss":0,"event_name":"Colosseum","floor":21,"gold_loss":0},{"damage_healed":0,"gold_gain":0,"player_choice":"Fled From Nobs","damage_taken":0,"max_hp_gain":0,"max_hp_loss":0,"event_name":"Colosseum","floor":21,"gold_loss":0},{"damage_healed":0,"gold_gain":0,"player_choice":"Obtained Relic","damage_taken":0,"relics_obtained":["Gremlin Horn"],"max_hp_gain":0,"max_hp_loss":0,"event_name":"Addict","floor":29,"gold_loss":85},{"damage_healed":0,"gold_gain":0,"player_choice":"Upgraded","damage_taken":0,"max_hp_gain":0,"max_hp_loss":0,"event_name":"Upgrade Shrine","floor":31,"gold_loss":0,"cards_upgraded":["Iron Wave"]},{"damage_healed":0,"gold_gain":0,"player_choice":"Memory 3","damage_taken":10,"max_hp_gain":0,"max_hp_loss":0,"event_name":"SensoryStone","floor":36,"gold_loss":0},{"damage_healed":0,"gold_gain":999,"player_choice":"Gold","damage_taken":0,"max_hp_gain":0,"max_hp_loss":0,"event_name":"MindBloom","floor":38,"gold_loss":0,"cards_obtained":["Normality","Normality"]},{"cards_removed":["Evolve"],"damage_healed":0,"gold_gain":0,"player_choice":"Removed Power","damage_taken":0,"max_hp_gain":0,"max_hp_loss":0,"event_name":"Falling","floor":44,"gold_loss":0},{"damage_healed":61,"gold_gain":0,"player_choice":"Heal","damage_taken":0,"max_hp_gain":0,"max_hp_loss":14,"event_name":"The Moai Head","floor":48,"gold_loss":0}],"is_beta":false,"boss_relics":[{"not_picked":["Eternal Feather","Snecko Eye"],"picked":"Busted Crown"},{"not_picked":["Coffee Dripper","Philosopher\u0027s Stone"],"picked":"Astrolabe"}],"items_purged_floors":[4,19,39,41,47],"is_endless":false,"potions_floor_spawned":[5,6,24,27,30,37,45,46],"ascension_level":19}