{"gold_per_floor":[118,118,138,138,138,138,313,313,340,340,340,365,11,29,29,160,160,145,164,182,82,102,102,126,58,58,73,92,14,14,0,0,0],"floor_reached":33,"playtime":1886,"items_purged":["Defend_G","Doubt"],"score":296,"play_id":"97f12cb1-abcc-42d8-b0b6-fd487be524a4","local_time":"20190119210329","is_ascension_mode":true,"campfire_choices":[{"data":"Neutralize","floor":6,"key":"SMITH"},{"data":"Leg Sweep","floor":8,"key":"SMITH"},{"data":"Adrenaline","floor":11,"key":"SMITH"},{"data":"Cloak And Dagger","floor":15,"key":"SMITH"},{"floor":23,"key":"REST"},{"floor":30,"key":"REST"},{"floor":32,"key":"REST"}],"neow_cost":"NONE","seed_source_timestamp":925327038156751,"circlet_count":0,"master_deck":["Defend_G","Defend_G","Defend_G","Defend_G","Strike_G","Strike_G","Strike_G","Strike_G","Strike_G","Survivor","Neutralize+1","Adrenaline+1","Leg Sweep+1","PiercingWail","Noxious Fumes","Cloak And Dagger+1","Backstab","After Image","Dash","Dagger Spray","Dagger Throw","Distraction","Backflip+1","Glass Knife","Deflect","Blade Dance+1"],"special_seed":0,"relics":["Ring of the Snake","Golden Idol","Regal Pillow","Anchor","Gremlin Horn","Black Star","Unceasing Top"],"potions_floor_usage":[16,20,27,27,28,28,33],"damage_taken":[{"damage":0.0,"enemies":"2 Louse","floor":1.0,"turns":4.0},{"damage":0,"enemies":"Small Slimes","floor":3,"turns":4},{"damage":0,"enemies":"Cultist","floor":12,"turns":4},{"damage":0,"enemies":"Exordium Thugs","floor":14,"turns":7},{"damage":38,"enemies":"Slime Boss","floor":16,"turns":17},{"damage":5,"enemies":"2 Thieves","floor":18,"turns":4},{"damage":5,"enemies":"Spheric Guardian","floor":19,"turns":8},{"damage":16,"enemies":"Snake Plant","floor":20,"turns":6},{"damage":22,"enemies":"Shelled Parasite and Fungi","floor":22,"turns":7},{"damage":31,"enemies":"3 Cultists","floor":24,"turns":8},{"damage":0,"enemies":"Chosen and Byrds","floor":27,"turns":6},{"damage":10,"enemies":"Cultist and Chosen","floor":28,"turns":8},{"damage":83,"enemies":"Collector","floor":33,"turns":6}],"seed_played":"942613095580489138","potions_obtained":[{"floor":12,"key":"Block Potion"},{"floor":14,"key":"Poison Potion"},{"floor":18,"key":"GhostInAJar"},{"floor":22,"key":"SneckoOil"},{"floor":24,"key":"Energy Potion"},{"floor":27,"key":"Dexterity Potion"}],"is_trial":false,"path_per_floor":["M","?","M","?","?","R","?","R","T","?","R","M","$","M","R","B",null,"M","M","M","$","M","R","M","$","T","M","M","$","R","?","R","B"],"character_chosen":"THE_SILENT","items_purchased":["Gremlin Horn","Cloak And Dagger","Glass Knife","Regen Potion"],"campfire_rested":3,"item_purchase_floors":[13,13,25,29],"current_hp_per_floor":[70,70,70,70,65,65,65,65,65,65,65,65,65,65,65,27,56,51,46,30,30,8,42,11,11,11,11,1,1,35,35,65,0],"gold":0,"neow_bonus":"ONE_RANDOM_RARE_CARD","is_prod":false,"is_daily":false,"chose_seed":false,"campfire_upgraded":4,"win_rate":0,"timestamp":1547949809,"path_taken":["M","?","M","?","?","R","?","R","T","?","R","?","?","M","R","BOSS","M","M","?","?","M","R","M","$","T","?","M","$","R","?","R","BOSS"],"build_version":"2019-01-17v2","purchased_purges":2,"victory":false,"max_hp_per_floor":[70,70,70,70,65,65,65,65,65,65,65,65,65,65,65,65,65,65,65,65,65,65,65,65,65,65,65,65,65,65,65,65,65],"card_choices":[{"not_picked":["PiercingWail","Riddle With Holes"],"picked":"Leg Sweep","floor":1},{"not_picked":["Eviscerate","Flying Knee"],"picked":"PiercingWail","floor":3},{"not_picked":["Terror","Escape Plan"],"picked":"Noxious Fumes","floor":12},{"not_picked":["Quick Slash","Unload"],"picked":"Backstab","floor":14},{"not_picked":["Envenom","Die Die Die"],"picked":"After Image","floor":16},{"not_picked":["Concentrate+1","Dodge and Roll"],"picked":"Dash","floor":18},{"not_picked":["Quick Slash","Eviscerate+1"],"picked":"Dagger Spray","floor":19},{"not_picked":["Poisoned Stab","Night Terror"],"picked":"Dagger Throw","floor":20},{"not_picked":["Eviscerate","Choke+1"],"picked":"Distraction","floor":22},{"not_picked":["Tactician","PiercingWail"],"picked":"Backflip+1","floor":24},{"not_picked":["Crippling Poison","Underhanded Strike"],"picked":"Deflect","floor":27},{"not_picked":["Quick Slash+1","Deadly Poison+1"],"picked":"Blade Dance+1","floor":28}],"player_experience":120036,"relics_obtained":[{"floor":9,"key":"Regal Pillow"},{"floor":10,"key":"Anchor"},{"floor":26,"key":"Unceasing Top"}],"event_choices":[{"damage_healed":0,"gold_gain":0,"player_choice":"Ignored","damage_taken":0,"max_hp_gain":0,"max_hp_loss":0,"event_name":"Golden Wing","floor":2,"gold_loss":0},{"damage_healed":0,"gold_gain":0,"player_choice":"Leave","damage_taken":0,"max_hp_gain":0,"max_hp_loss":0,"event_name":"The Cleric","floor":4,"gold_loss":0},{"damage_healed":0,"gold_gain":0,"player_choice":"Lose Max HP","damage_taken":0,"relics_obtained":["Golden Idol"],"max_hp_gain":0,"max_hp_loss":5,"event_name":"Golden Idol","floor":5,"gold_loss":0},{"damage_healed":0,"gold_gain":175,"player_choice":"AGREE","damage_taken":0,"max_hp_gain":0,"max_hp_loss":0,"event_name":"Liars Game","floor":7,"gold_loss":0,"cards_obtained":["Doubt"]},{"damage_healed":0,"gold_gain":0,"player_choice":"Relic","damage_taken":0,"max_hp_gain":0,"max_hp_loss":0,"event_name":"Wheel of Change","floor":10,"gold_loss":0},{"damage_healed":0,"gold_gain":0,"player_choice":"Paid Fearfully","damage_taken":0,"max_hp_gain":0,"max_hp_loss":0,"event_name":"Masked Bandits","floor":31,"gold_loss":14}],"is_beta":false,"boss_relics":[{"not_picked":["Runic Pyramid","Snecko Eye"],"picked":"Black Star"}],"items_purged_floors":[13,21],"is_endless":false,"potions_floor_spawned":[12,14,18,22,24,27],"killed_by":"Collector","ascension_level":5}