{"gold_per_floor":[113,113,131,144,157,191,191,224,279,298,314,327,340,360,360,360],"floor_reached":16,"playtime":764,"items_purged":[],"score":261,"play_id":"32c7fad6-eb9d-4add-932c-115899abfe12","local_time":"20190123193045","is_ascension_mode":true,"campfire_choices":[{"data":"Hemokinesis","floor":7,"key":"SMITH"},{"data":"Anger","floor":15,"key":"SMITH"}],"neow_cost":"PERCENT_DAMAGE","seed_source_timestamp":258503157930,"circlet_count":0,"master_deck":["AscendersBane","Strike_R","Strike_R","Strike_R","Strike_R","Defend_R","Defend_R","Defend_R","Defend_R","Bash","Hemokinesis+1","Anger+1","Combust","Rage","True Grit","Reaper","Iron Wave"],"relics":["Burning Blood","Oddly Smooth Stone","Pear","Omamori"],"potions_floor_usage":[6,12,16],"damage_taken":[{"damage":7,"enemies":"Small Slimes","floor":1,"turns":3},{"damage":4,"enemies":"Cultist","floor":3,"turns":3},{"damage":0,"enemies":"2 Louse","floor":4,"turns":2},{"damage":3,"enemies":"2 Fungi Beasts","floor":5,"turns":3},{"damage":33,"enemies":"Lagavulin","floor":6,"turns":6},{"damage":33,"enemies":"Gremlin Nob","floor":8,"turns":4},{"damage":4,"enemies":"Looter","floor":10,"turns":3},{"damage":15,"enemies":"Exordium Wildlife","floor":11,"turns":4},{"damage":28,"enemies":"Gremlin Gang","floor":12,"turns":5},{"damage":5,"enemies":"2 Fungi Beasts","floor":13,"turns":3},{"damage":9,"enemies":"Blue Slaver","floor":14,"turns":3},{"damage":28,"enemies":"Slime Boss","floor":16,"turns":7}],"seed_played":"8640870352748413090","potions_obtained":[{"floor":1,"key":"Block Potion"},{"floor":4,"key":"SkillPotion"},{"floor":8,"key":"FearPotion"},{"floor":10,"key":"Block Potion"}],"is_trial":false,"path_per_floor":["M","?","M","M","M","E","R","E","T","M","M","M","M","M","R","B"],"character_chosen":"IRONCLAD","items_purchased":[],"campfire_rested":0,"item_purchase_floors":[],"current_hp_per_floor":[63,63,65,71,74,47,47,30,30,32,23,17,26,27,27,0],"gold":360,"neow_bonus":"TWENTY_PERCENT_HP_BONUS","is_prod":false,"is_daily":false,"chose_seed":false,"campfire_upgraded":2,"win_rate":0,"timestamp":1548282645,"path_taken":["M","?","M","M","M","E","R","E","T","M","M","M","M","M","R","BOSS"],"build_version":"2019-01-23","purchased_purges":0,"victory":false,"max_hp_per_floor":[89,89,89,89,89,89,89,99,99,99,99,99,99,99,99,99],"card_choices":[{"not_picked":["Uppercut","Reckless Charge"],"picked":"Hemokinesis","floor":1},{"not_picked":["Burning Pact","Ghostly Armor"],"picked":"Anger","floor":3},{"not_picked":["Sentinel","Disarm"],"picked":"Combust","floor":4},{"not_picked":["Hemokinesis","Fire Breathing","Dual Wield"],"picked":"SKIP","floor":5},{"not_picked":["Cleave","Warcry","Hemokinesis"],"picked":"SKIP","floor":6},{"not_picked":["Warcry","Thunderclap"],"picked":"Rage","floor":8},{"not_picked":["Searing Blow","Heavy Blade"],"picked":"True Grit","floor":10},{"not_picked":["Twin Strike","Heavy Blade"],"picked":"Reaper","floor":11},{"not_picked":["Power Through","Bloodletting","Second Wind"],"picked":"SKIP","floor":12},{"not_picked":["Rage","Clash"],"picked":"Iron Wave","floor":13},{"not_picked":["Clash","Cleave","Clothesline"],"picked":"SKIP","floor":14}],"player_experience":756790,"relics_obtained":[{"floor":6,"key":"Oddly Smooth Stone"},{"floor":8,"key":"Pear"},{"floor":9,"key":"Omamori"}],"event_choices":[{"cards_removed":["Strike_R"],"damage_healed":0,"gold_gain":0,"player_choice":"Offered Basic","damage_taken":0,"max_hp_gain":0,"max_hp_loss":0,"event_name":"Bonfire Elementals","floor":2,"gold_loss":0}],"is_beta":false,"boss_relics":[],"items_purged_floors":[],"is_endless":false,"potions_floor_spawned":[1,4,5,8,10,11],"killed_by":"Slime Boss","ascension_level":20}