{"gold_per_floor":[115,129,54,69,88,120,120,195,195,119,138,138,138,152,152,226,226,245,257,271,271,271,271,93,112,112,125,125,0,13,67,67,145,145,159,173,98,113,126,126,138,138,161,161,172,172,172,199,199,199],"floor_reached":51,"playtime":3110,"items_purged":["Strike_B","Strike_B","Defend_B"],"score":1098,"play_id":"315fab4f-e75e-4ced-b22b-3dffd869f8f5","local_time":"20181204234842","is_ascension_mode":true,"campfire_choices":[{"data":"Zap","floor":7.0,"key":"SMITH"},{"data":"1","floor":13.0,"key":"LIFT"},{"data":"2","floor":15.0,"key":"LIFT"},{"data":"Rainbow","floor":23.0,"key":"SMITH"},{"data":"Consume","floor":28,"key":"SMITH"},{"floor":32,"key":"REST"},{"floor":40,"key":"REST"},{"data":"Echo Form","floor":42,"key":"SMITH"},{"floor":44,"key":"REST"},{"floor":47,"key":"REST"},{"floor":49,"key":"REST"}],"neow_cost":"NONE","seed_source_timestamp":0,"circlet_count":0,"master_deck":["AscendersBane","Defend_B","Defend_B","Defend_B","Zap+1","Dualcast","FTL","Cold Snap","Streamline","Auto Shields","Compile Driver","Go for the Eyes","Steam","Rainbow+1","Capacitor","Consume+1","Skim+1","Capacitor","Glacier","Echo Form+1","Coolheaded","Glacier","Barrage+1","Leap+1"],"special_seed":0,"relics":["Cracked Core","Meat on the Bone","Girya","Gambling Chip","Sozu","MutagenicStrength","Omamori","Inserter","DataDisk","Bottled Tornado"],"potions_floor_usage":[38],"damage_taken":[{"damage":0.0,"enemies":"2 Louse","floor":1.0,"turns":3.0},{"damage":0.0,"enemies":"Cultist","floor":2.0,"turns":3.0},{"damage":0.0,"enemies":"Jaw Worm","floor":4.0,"turns":2.0},{"damage":1.0,"enemies":"Blue Slaver","floor":5.0,"turns":3.0},{"damage":10.0,"enemies":"3 Sentries","floor":6.0,"turns":5.0},{"damage":0.0,"enemies":"Large Slime","floor":11.0,"turns":3.0},{"damage":1.0,"enemies":"Exordium Wildlife","floor":14.0,"turns":2.0},{"damage":27.0,"enemies":"The Guardian","floor":16.0,"turns":12.0},{"damage":7.0,"enemies":"3 Byrds","floor":18.0,"turns":5.0},{"damage":0.0,"enemies":"Chosen","floor":19.0,"turns":5.0},{"damage":12.0,"enemies":"Snake Plant","floor":20.0,"turns":7.0},{"damage":3.0,"enemies":"Snecko","floor":25.0,"turns":4.0},{"damage":8,"enemies":"Centurion and Healer","floor":27,"turns":6},{"damage":6,"enemies":"Snake Plant","floor":30,"turns":3},{"damage":30,"enemies":"Collector","floor":33,"turns":12},{"damage":3,"enemies":"Orb Walker","floor":35,"turns":5},{"damage":35,"enemies":"3 Darklings","floor":36,"turns":6},{"damage":13,"enemies":"Writhing Mass","floor":38,"turns":11},{"damage":26,"enemies":"4 Shapes","floor":39,"turns":8},{"damage":0,"enemies":"Maw","floor":41,"turns":7},{"damage":22,"enemies":"Spire Growth","floor":45,"turns":7},{"damage":34,"enemies":"Reptomancer","floor":48,"turns":11},{"damage":42,"enemies":"Donu and Deca","floor":50,"turns":60}],"seed_played":"-3384337979592837155","potions_obtained":[{"floor":4.0,"key":"Explosive Potion"},{"floor":6.0,"key":"Dexterity Potion"},{"floor":11.0,"key":"PowerPotion"}],"is_trial":false,"path_per_floor":["M","M","$","M","M","E","R","?","T","?","M","?","R","M","R","B",null,"M","M","M","?","?","R","$","M","M","T","M","R","$","M","T","R","B",null,"M","M","$","M","M","R","M","R","T","R","M","?","R","E","R","B",null],"character_chosen":"DEFECT","items_purchased":["Capacitor","Glacier"],"campfire_rested":5,"item_purchase_floors":[24,37],"current_hp_per_floor":[64,64,64,64,63,53,53,42,42,42,42,42,42,41,41,26,60,53,53,41,41,41,41,41,38,38,42,42,42,36,36,57,39,63,60,37,37,36,22,43,43,43,43,64,42,42,62,40,60,30],"gold":199,"neow_bonus":"TRANSFORM_CARD","is_prod":false,"is_daily":false,"chose_seed":false,"campfire_upgraded":4,"win_rate":0,"timestamp":1543978122,"path_taken":["M","M","$","M","M","E","R","?","T","?","?","?","R","M","R","BOSS","M","M","?","?","?","R","?","M","T","M","R","$","M","?","R","BOSS","M","M","$","M","M","R","M","R","T","R","M","?","R","E","R","BOSS"],"build_version":"2018-11-15","purchased_purges":3,"victory":true,"max_hp_per_floor":[71,71,71,71,71,71,71,71,71,71,71,71,71,71,71,71,71,71,71,71,71,71,71,71,71,71,71,71,71,71,71,71,71,71,71,71,71,71,71,71,71,71,71,71,71,67,67,67,67,67],"card_choices":[{"not_picked":["Turbo","Compile Driver"],"picked":"Cold Snap","floor":1.0},{"not_picked":["Reinforced Body","Hologram"],"picked":"Streamline","floor":2.0},{"not_picked":["Melter","Force Field"],"picked":"Auto Shields","floor":4.0},{"not_picked":["Hologram","Reprogram"],"picked":"Compile Driver","floor":5.0},{"not_picked":["Rebound","Heatsinks"],"picked":"Go for the Eyes","floor":6.0},{"not_picked":["Turbo","Go for the Eyes","Hologram"],"picked":"SKIP","floor":11.0},{"not_picked":["Sweeping Beam","Redo"],"picked":"Steam","floor":14.0},{"not_picked":["Reboot","Biased Cognition"],"picked":"Rainbow","floor":16.0},{"not_picked":["Leap","Compile Driver"],"picked":"Capacitor","floor":18.0},{"not_picked":["BootSequence","Turbo"],"picked":"Consume","floor":19.0},{"not_picked":["Turbo","Sweeping Beam"],"picked":"Skim+1","floor":20.0},{"not_picked":["Consume","Doom and Gloom"],"picked":"Glacier","floor":25},{"not_picked":["Melter+1","Consume","Turbo+1"],"picked":"SKIP","floor":27},{"not_picked":["Steam Power","Stack","White Noise"],"picked":"SKIP","floor":30},{"not_picked":["All For One","Biased Cognition"],"picked":"Echo Form","floor":33},{"not_picked":["Steam","Reprogram+1","Gash"],"picked":"SKIP","floor":35},{"not_picked":["Compile Driver","Sweeping Beam+1"],"picked":"Coolheaded","floor":36},{"not_picked":["White Noise","Go for the Eyes+1"],"picked":"Barrage+1","floor":38},{"not_picked":["Rebound","Go for the Eyes","Turbo"],"picked":"SKIP","floor":39},{"not_picked":["Barrage","Conserve Battery+1","Consume"],"picked":"SKIP","floor":41},{"not_picked":["Gash+1","Capacitor"],"picked":"Leap+1","floor":45},{"not_picked":["Storm+1","Self Repair","Stack"],"picked":"SKIP","floor":48}],"player_experience":483839,"relics_obtained":[{"floor":6.0,"key":"Meat on the Bone"},{"floor":9.0,"key":"Girya"},{"floor":26,"key":"Omamori"},{"floor":43,"key":"DataDisk"},{"floor":48,"key":"Bottled Tornado"}],"event_choices":[{"damage_healed":0.0,"max_hp_gain":0.0,"max_hp_loss":0.0,"gold_gain":75.0,"event_name":"World of Goop","player_choice":"Gather Gold","floor":8.0,"gold_loss":0.0,"damage_taken":11.0},{"damage_healed":0.0,"max_hp_gain":0.0,"max_hp_loss":0.0,"gold_gain":0.0,"event_name":"WeMeetAgain","player_choice":"Paid Gold","floor":10.0,"gold_loss":76.0,"damage_taken":0.0,"relics_obtained":["Gambling Chip"]},{"cards_removed":["Strike_B"],"damage_healed":0.0,"max_hp_gain":0.0,"max_hp_loss":0.0,"gold_gain":0.0,"event_name":"Purifier","player_choice":"Purged","floor":12.0,"gold_loss":0.0,"damage_taken":0.0},{"damage_healed":0.0,"max_hp_gain":0.0,"max_hp_loss":0.0,"gold_gain":0.0,"event_name":"Drug Dealer","player_choice":"Inject Mutagens","floor":21.0,"gold_loss":0.0,"damage_taken":0.0,"relics_obtained":["MutagenicStrength"]},{"damage_healed":0.0,"max_hp_gain":0.0,"max_hp_loss":0.0,"gold_gain":0.0,"event_name":"Vampires","player_choice":"Ignored","floor":22.0,"gold_loss":0.0,"damage_taken":0.0},{"damage_healed":0,"gold_gain":0,"player_choice":"Max HP","damage_taken":0,"max_hp_gain":0,"max_hp_loss":4,"event_name":"Winding Halls","floor":46,"gold_loss":0}],"is_beta":false,"boss_relics":[{"not_picked":["Busted Crown","Fusion Hammer"],"picked":"Sozu"},{"not_picked":["Tiny House","Astrolabe"],"picked":"Inserter"}],"items_purged_floors":[3,24,29],"is_endless":false,"potions_floor_spawned":[4,6,11,14,18,19,20,33,36,39],"ascension_level":14}