{"gold_per_floor":[119,132,145,160,175,208,222,242,242,255,255,278,313,4,4,83,83,63,63,63,63,63,63,63,63,63,63,63,63,63,63,63,63,63,63,8,8,8,8,8,8,8,8,8,8,8,8,8,8,8,8],"floor_reached":52,"playtime":3965,"items_purged":[],"score":2226,"play_id":"6bffb9a5-1ac4-4eab-a804-63d998e06955","local_time":"20190212180326","is_ascension_mode":true,"campfire_choices":[{"floor":11,"key":"REST"},{"data":"Armaments","floor":15,"key":"SMITH"},{"floor":24,"key":"REST"},{"data":"Feel No Pain","floor":30,"key":"SMITH"},{"data":"Impervious","floor":32,"key":"SMITH"},{"data":"Warcry","floor":40,"key":"SMITH"},{"data":"Exhume","floor":46,"key":"SMITH"},{"data":"Burning Pact","floor":49,"key":"SMITH"}],"neow_cost":"NONE","seed_source_timestamp":439211044550,"circlet_count":0,"master_deck":["AscendersBane","Strike_R","Strike_R","Strike_R","Strike_R","Strike_R","Defend_R","Defend_R","Defend_R","Defend_R","Bash","Thunderclap","Shockwave","Spot Weakness","Pommel Strike","Uppercut","Warcry+1","Cleave","Fiend Fire","Pummel","Armaments+1","Impervious+1","Feel No Pain+1","Battle Trance+1","Heavy Blade","Heavy Blade+1","Burning Pact+1","Fiend Fire","Headbutt","Feel No Pain+1","Warcry","Exhume+1","Burning Pact","True Grit+1"],"relics":["Burning Blood","NeowsBlessing","Blood Vial","Dead Branch","Bronze Scales","Ancient Tea Set","Brimstone","Ectoplasm","Shuriken","Paper Frog","Mango","FossilizedHelix","Eternal Feather","StoneCalendar","Sundial","Self Forming Clay","Bag of Preparation","Unceasing Top"],"potions_floor_usage":[13,13,23,28,33,42,51],"damage_taken":[{"damage":0,"enemies":"Cultist","floor":1,"turns":1},{"damage":0,"enemies":"Small Slimes","floor":2,"turns":2},{"damage":0,"enemies":"Jaw Worm","floor":3,"turns":1},{"damage":21,"enemies":"Lots of Slimes","floor":4,"turns":4},{"damage":9,"enemies":"2 Fungi Beasts","floor":5,"turns":3},{"damage":50,"enemies":"3 Sentries","floor":6,"turns":7},{"damage":10,"enemies":"Blue Slaver","floor":7,"turns":4},{"damage":9,"enemies":"Looter","floor":8,"turns":4},{"damage":6,"enemies":"2 Fungi Beasts","floor":10,"turns":3},{"damage":9,"enemies":"Gremlin Nob","floor":13,"turns":3},{"damage":0,"enemies":"Slime Boss","floor":16,"turns":4},{"damage":12,"enemies":"2 Thieves","floor":18,"turns":2},{"damage":0,"enemies":"Chosen","floor":20,"turns":3},{"damage":18,"enemies":"Centurion and Healer","floor":21,"turns":3},{"damage":31,"enemies":"Slavers","floor":23,"turns":3},{"damage":7,"enemies":"3 Cultists","floor":25,"turns":3},{"damage":11,"enemies":"Sentry and Sphere","floor":27,"turns":4},{"damage":0,"enemies":"Snecko","floor":28,"turns":2},{"damage":0,"enemies":"Gremlin Leader","floor":29,"turns":4},{"damage":22,"enemies":"Slavers","floor":31,"turns":3},{"damage":26,"enemies":"Automaton","floor":33,"turns":5},{"damage":8,"enemies":"3 Darklings","floor":35,"turns":3},{"damage":0,"enemies":"Orb Walker","floor":38,"turns":2},{"damage":6,"enemies":"Sphere and 2 Shapes","floor":39,"turns":4},{"damage":18,"enemies":"Mind Bloom Boss Battle","floor":41,"turns":4},{"damage":0,"enemies":"Reptomancer","floor":42,"turns":4},{"damage":23,"enemies":"Nemesis","floor":44,"turns":5},{"damage":0,"enemies":"Jaw Worm Horde","floor":45,"turns":3},{"damage":0,"enemies":"Spire Growth","floor":47,"turns":2},{"damage":14,"enemies":"2 Orb Walkers","floor":48,"turns":3},{"damage":52,"enemies":"Donu and Deca","floor":50,"turns":7},{"damage":0,"enemies":"Time Eater","floor":51,"turns":6}],"seed_played":"6612101516297403044","potions_obtained":[{"floor":1,"key":"Strength Potion"},{"floor":3,"key":"Swift Potion"},{"floor":13,"key":"SpeedPotion"},{"floor":16,"key":"Energy Potion"},{"floor":27,"key":"Strength Potion"},{"floor":28,"key":"BloodPotion"},{"floor":33,"key":"FairyPotion"},{"floor":42,"key":"LiquidBronze"}],"is_trial":false,"path_per_floor":["M","M","M","M","M","E","M","M","T","M","R","T","E","$","R","B",null,"M","?","M","M","?","E","R","M","T","M","M","E","R","E","R","B",null,"M","$","?","M","M","R","?","E","T","E","M","R","M","?","R","B","B",null],"character_chosen":"IRONCLAD","items_purchased":["Brimstone","Pummel","Armaments","PowerPotion"],"campfire_rested":2,"item_purchase_floors":[14,14,14,36],"current_hp_per_floor":[74,75,75,60,57,13,11,10,10,12,34,34,33,33,33,41,67,63,63,71,61,61,38,60,61,61,58,66,88,88,73,73,55,81,81,81,81,85,85,85,73,81,81,66,74,85,85,77,85,39,47],"gold":8,"neow_bonus":"THREE_ENEMY_KILL","is_prod":false,"is_daily":false,"chose_seed":false,"campfire_upgraded":6,"win_rate":0,"timestamp":1550005406,"path_taken":["M","M","M","M","?","E","M","M","T","M","R","?","E","$","R","BOSS","M","?","M","M","?","E","R","M","T","M","M","E","R","E","R","BOSS","M","?","?","M","M","R","?","E","T","E","M","R","M","?","R","BOSS","BOSS"],"build_version":"2019-01-23","purchased_purges":0,"victory":true,"max_hp_per_floor":[75,75,75,75,75,75,75,75,75,75,75,75,75,75,75,75,75,75,75,75,75,75,75,75,75,75,75,75,89,89,89,89,89,89,89,89,85,85,85,85,85,85,85,85,85,85,85,85,85,85,85],"card_choices":[{"not_picked":["Infernal Blade","Perfected Strike"],"picked":"Thunderclap","floor":1},{"not_picked":["Shrug It Off","Pommel Strike"],"picked":"Shockwave","floor":2},{"not_picked":["Perfected Strike","Flame Barrier"],"picked":"Spot Weakness","floor":3},{"not_picked":["Shockwave","True Grit"],"picked":"Pommel Strike","floor":4},{"not_picked":["Clash","Flex"],"picked":"Uppercut","floor":5},{"not_picked":["Juggernaut","Heavy Blade","Bloodletting"],"picked":"SKIP","floor":6},{"not_picked":["Rupture","Infernal Blade"],"picked":"Warcry","floor":7},{"not_picked":["Body Slam","True Grit"],"picked":"Cleave","floor":8},{"not_picked":["Perfected Strike","Clash","Searing Blow"],"picked":"SKIP","floor":10},{"not_picked":["Thunderclap","Warcry"],"picked":"Fiend Fire","floor":13},{"not_picked":["Barricade","Demon Form"],"picked":"Impervious","floor":16},{"not_picked":["Warcry","Flex","Clothesline"],"picked":"SKIP","floor":18},{"not_picked":["Ghostly Armor","Whirlwind"],"picked":"Battle Trance+1","floor":20},{"not_picked":["Cleave","Twin Strike","Carnage+1"],"picked":"SKIP","floor":21},{"not_picked":["Inflame+1","Uppercut"],"picked":"Heavy Blade","floor":23},{"not_picked":["Clash","Iron Wave"],"picked":"Heavy Blade+1","floor":25},{"not_picked":["Sword Boomerang","Perfected Strike+1"],"picked":"Burning Pact","floor":27},{"not_picked":["Whirlwind","Clothesline","Fire Breathing"],"picked":"SKIP","floor":28},{"not_picked":["Perfected Strike+1","Shockwave","Wild Strike"],"picked":"SKIP","floor":29},{"not_picked":["Clothesline+1","Cleave","Immolate"],"picked":"SKIP","floor":31},{"not_picked":["Bludgeon","Brutality"],"picked":"Fiend Fire","floor":33},{"not_picked":["True Grit","Flex+1"],"picked":"Headbutt","floor":35},{"not_picked":["Intimidate","Rampage"],"picked":"Feel No Pain+1","floor":38},{"not_picked":["Thunderclap","Hemokinesis"],"picked":"Warcry","floor":39},{"not_picked":["Warcry+1","Perfected Strike"],"picked":"Exhume","floor":41},{"not_picked":["Perfected Strike+1","Spot Weakness","Thunderclap+1"],"picked":"SKIP","floor":42},{"not_picked":["Havoc","Metallicize"],"picked":"Burning Pact","floor":44},{"not_picked":["Feed","Metallicize+1","Flex"],"picked":"SKIP","floor":45},{"not_picked":["Feed","Metallicize+1","Flex"],"picked":"SKIP","floor":45},{"not_picked":["Dual Wield","Headbutt"],"picked":"True Grit+1","floor":47}],"player_experience":833848,"relics_obtained":[{"floor":6,"key":"Blood Vial"},{"floor":9,"key":"Dead Branch"},{"floor":12,"key":"Bronze Scales"},{"floor":13,"key":"Ancient Tea Set"},{"floor":23,"key":"Shuriken"},{"floor":26,"key":"Paper Frog"},{"floor":29,"key":"Mango"},{"floor":31,"key":"FossilizedHelix"},{"floor":41,"key":"StoneCalendar"},{"floor":42,"key":"Sundial"},{"floor":43,"key":"Self Forming Clay"},{"floor":44,"key":"Bag of Preparation"},{"floor":48,"key":"Unceasing Top"}],"event_choices":[{"damage_healed":0,"gold_gain":0,"player_choice":"Read","damage_taken":0,"max_hp_gain":0,"max_hp_loss":0,"event_name":"The Library","floor":19,"gold_loss":0,"cards_obtained":["Feel No Pain"]},{"damage_healed":0,"gold_gain":200,"player_choice":"Gold","damage_taken":0,"max_hp_gain":0,"max_hp_loss":0,"event_name":"Wheel of Change","floor":22,"gold_loss":0},{"damage_healed":0,"gold_gain":0,"player_choice":"Max HP","damage_taken":0,"max_hp_gain":0,"max_hp_loss":4,"event_name":"Winding Halls","floor":37,"gold_loss":0},{"damage_healed":0,"gold_gain":0,"player_choice":"Fight","damage_taken":0,"max_hp_gain":0,"max_hp_loss":0,"event_name":"MindBloom","floor":41,"gold_loss":0},{"damage_healed":0,"gold_gain":0,"player_choice":"Fight","damage_taken":0,"max_hp_gain":0,"max_hp_loss":0,"event_name":"Mysterious Sphere","floor":48,"gold_loss":0}],"is_beta":false,"boss_relics":[{"not_picked":["Black Blood","Orrery"],"picked":"Ectoplasm"},{"not_picked":["Velvet Choker","Coffee Dripper"],"picked":"Eternal Feather"}],"items_purged_floors":[],"is_endless":false,"potions_floor_spawned":[1,3,7,13,16,18,27,28,29,33,38,42,44,45,47],"ascension_level":20}