{"gold_per_floor":[112,112,37,54,54,54,54,54,79,108,30,60,34,51,51,155,155,175,192,192,211,136,136,136,36,36,36,51,51,67,67,67,67],"floor_reached":33,"playtime":2206,"items_purged":["Regret","Eviscerate"],"score":317,"play_id":"724697cf-3f12-4455-ad0f-0ee2e900800f","local_time":"20190609160442","is_ascension_mode":true,"campfire_choices":[{"data":"Noxious Fumes","floor":6.0,"key":"SMITH"},{"floor":15.0,"key":"REST"},{"floor":23,"key":"REST"},{"data":"Catalyst","floor":29,"key":"SMITH"},{"floor":32,"key":"REST"}],"neow_cost":"TEN_PERCENT_HP_LOSS","seed_source_timestamp":0,"circlet_count":0,"master_deck":["Survivor","Neutralize","Burst+1","Catalyst+1","Noxious Fumes+1","Adrenaline","Noxious Fumes","Outmaneuver","Flying Knee","Dash","Corpse Explosion","Flechettes","Corpse Explosion","Tools of the Trade","Acrobatics","Unload","Caltrops","Sucker Punch","Predator","PiercingWail","Backflip","Catalyst"],"special_seed":0,"relics":["Ring of the Snake","Question Card","Blue Candle","Potion Belt","Centennial Puzzle","Du-Vu Doll","Pandora\u0027s Box","Bottled Tornado"],"potions_floor_usage":[16,33],"damage_taken":[{"damage":0.0,"enemies":"Small Slimes","floor":1.0,"turns":4.0},{"damage":7.0,"enemies":"Jaw Worm","floor":4.0,"turns":7.0},{"damage":14.0,"enemies":"3 Sentries","floor":10.0,"turns":7.0},{"damage":18.0,"enemies":"Gremlin Nob","floor":12.0,"turns":4.0},{"damage":10.0,"enemies":"Cultist","floor":14.0,"turns":4.0},{"damage":19,"enemies":"The Guardian","floor":16,"turns":8},{"damage":8,"enemies":"3 Byrds","floor":18,"turns":3},{"damage":11,"enemies":"Spheric Guardian","floor":19,"turns":3},{"damage":12,"enemies":"Centurion and Healer","floor":21,"turns":4},{"damage":10,"enemies":"Shelled Parasite and Fungi","floor":28,"turns":2},{"damage":6,"enemies":"Chosen and Byrds","floor":30,"turns":3},{"damage":68,"enemies":"Automaton","floor":33,"turns":6}],"seed_played":"-5826976150007908732","potions_obtained":[{"floor":1.0,"key":"AttackPotion"},{"floor":4.0,"key":"GhostInAJar"},{"floor":12.0,"key":"Weak Potion"},{"floor":30,"key":"EssenceOfSteel"}],"is_trial":false,"path_per_floor":["M","?","$","M","?","R","?","?","T","E","$","E","$","M","R","B",null,"M","M","?","M","?","R","?","$","T","$","M","R","M","?","R","B"],"character_chosen":"THE_SILENT","items_purchased":["Noxious Fumes","Flying Knee"],"campfire_rested":3,"item_purchase_floors":[11,13],"current_hp_per_floor":[63,63,63,56,49,49,46,46,46,32,32,14,14,4,22,3,63,55,44,44,32,32,50,50,50,50,50,40,40,34,34,52,0],"gold":67,"neow_bonus":"THREE_RARE_CARDS","is_prod":false,"is_daily":false,"chose_seed":false,"campfire_upgraded":2,"win_rate":0,"timestamp":1560121482,"path_taken":["M","?","$","M","?","R","?","?","T","E","$","E","$","?","R","BOSS","M","?","?","M","?","R","?","$","T","$","M","R","M","?","R","BOSS"],"build_version":"2019-01-23","purchased_purges":2,"victory":false,"max_hp_per_floor":[63,63,63,63,63,63,63,63,63,63,63,63,63,63,63,63,63,63,63,63,63,63,63,63,63,63,63,63,63,63,63,63,63],"card_choices":[{"not_picked":["Bullet Time","Grand Finale"],"picked":"Burst","floor":0.0},{"not_picked":["Footwork","Backflip"],"picked":"Catalyst","floor":1.0},{"not_picked":["Caltrops","Deflect","Backflip"],"picked":"Noxious Fumes","floor":4.0},{"not_picked":["Slice","Deflect","Poisoned Stab"],"picked":"Adrenaline","floor":10.0},{"not_picked":["Leg Sweep","Predator","Blade Dance"],"picked":"Outmaneuver","floor":12.0},{"not_picked":["Noxious Fumes","Quick Slash","Dagger Spray"],"picked":"Dash","floor":14.0},{"not_picked":["Glass Knife","Grand Finale","Unload"],"picked":"Corpse Explosion","floor":16},{"not_picked":["Acrobatics","Slice","Cloak And Dagger"],"picked":"Sucker Punch","floor":18},{"not_picked":["Underhanded Strike","Backstab","Blade Dance","Sucker Punch"],"picked":"SKIP","floor":19},{"not_picked":["Outmaneuver","Masterful Stab+1","Poisoned Stab"],"picked":"Predator","floor":21},{"not_picked":["Blade Dance","Dagger Spray","Terror"],"picked":"Backflip","floor":28},{"not_picked":["Quick Slash+1","Flying Knee+1","Flechettes"],"picked":"Catalyst","floor":30}],"player_experience":195069,"relics_obtained":[{"floor":9.0,"key":"Potion Belt"},{"floor":10.0,"key":"Centennial Puzzle"},{"floor":12.0,"key":"Du-Vu Doll"},{"floor":26,"key":"Bottled Tornado"}],"event_choices":[{"damage_healed":0.0,"max_hp_gain":0.0,"max_hp_loss":0.0,"gold_gain":0.0,"event_name":"Big Fish","player_choice":"Box","floor":2.0,"gold_loss":0.0,"damage_taken":0.0,"relics_obtained":["Question Card"],"cards_obtained":["Regret"]},{"cards_removed":["Strike_G"],"damage_healed":0.0,"max_hp_gain":0.0,"max_hp_loss":0.0,"gold_gain":0.0,"event_name":"Golden Wing","player_choice":"Card Removal","floor":5.0,"gold_loss":0.0,"damage_taken":7.0},{"damage_healed":0.0,"max_hp_gain":0.0,"max_hp_loss":0.0,"gold_gain":0.0,"event_name":"Scrap Ooze","player_choice":"Success","floor":7.0,"gold_loss":0.0,"damage_taken":3.0,"relics_obtained":["Blue Candle"]},{"damage_healed":0.0,"max_hp_gain":0.0,"max_hp_loss":0.0,"gold_gain":0.0,"event_name":"Living Wall","player_choice":"Grow","floor":8.0,"gold_loss":0.0,"damage_taken":0.0,"cards_upgraded":["Burst"]},{"damage_healed":0,"gold_gain":0,"player_choice":"Ignored","damage_taken":0,"max_hp_gain":0,"max_hp_loss":0,"event_name":"Vampires","floor":20,"gold_loss":0},{"cards_removed":["Endless Agony"],"damage_healed":0,"gold_gain":0,"player_choice":"Gave Gold","damage_taken":0,"max_hp_gain":0,"max_hp_loss":0,"event_name":"Beggar","floor":22,"gold_loss":75},{"damage_healed":0,"gold_gain":0,"player_choice":"Read","damage_taken":0,"max_hp_gain":0,"max_hp_loss":0,"event_name":"The Library","floor":24,"gold_loss":0,"cards_obtained":["PiercingWail"]},{"cards_removed":["Infinite Blades"],"damage_healed":0,"gold_gain":0,"player_choice":"Elegance","damage_taken":0,"max_hp_gain":0,"max_hp_loss":0,"event_name":"Back to Basics","floor":31,"gold_loss":0}],"is_beta":false,"boss_relics":[{"not_picked":["Coffee Dripper","Velvet Choker"],"picked":"Pandora\u0027s Box"}],"items_purged_floors":[3,25],"is_endless":false,"potions_floor_spawned":[1,4,12,30],"killed_by":"Automaton","ascension_level":3}