{"gold_per_floor":[110,110,127,137,137,166,182,182,182,195,207,226,49,78,78,179,179,190,190,210,221,235,235,150,169,169,186,221,239,258,271,271,367,367,378,397,497,40,40,56,69,140,140,170,25,45,79,98,98,98],"floor_reached":51,"playtime":3523,"items_purged":[],"score":874,"play_id":"b38da1a5-5885-454f-a38b-d420f74d56e3","local_time":"20190116162343","is_ascension_mode":false,"campfire_choices":[{"floor":8,"key":"REST"},{"floor":15,"key":"REST"},{"floor":23,"key":"REST"},{"floor":32,"key":"REST"}],"neow_cost":"NONE","seed_source_timestamp":647746035880728,"circlet_count":0,"master_deck":["Defend_G","Defend_G","Defend_G","Defend_G","Strike_G","Strike_G","Strike_G","Strike_G","Strike_G","Survivor","Neutralize","Terror+1","Backflip","Dagger Throw","Dagger Throw","Blade Dance","Finisher","Bane","Underhanded Strike","Leg Sweep","Master of Strategy","Leg Sweep","Grand Finale","Cloak And Dagger","Cloak And Dagger+1","PiercingWail+1","Accuracy+1","Dagger Throw","Quick Slash+1","Underhanded Strike+1","Slice+1","Finisher+1","Cloak And Dagger","Corpse Explosion","Prepared+1","Quick Slash+1","Dagger Throw+1","Glass Knife+1","Writhe","Flying Knee+1","Dagger Spray+1","Blur","Blade Dance+1","Setup","Finisher+1"],"relics":["Ring of the Snake","Question Card","Mercury Hourglass","Letter Opener","Fusion Hammer","Enchiridion","Dodecahedron","Molten Egg 2","Pantograph","Coffee Dripper","Incense Burner","FossilizedHelix","Ninja Scroll","Unceasing Top","Shuriken","Bag of Marbles","Juzu Bracelet"],"potions_floor_usage":[16,16,30,31,33,41,50,50],"damage_taken":[{"damage":0,"enemies":"2 Louse","floor":1,"turns":4},{"damage":0,"enemies":"Cultist","floor":3,"turns":3},{"damage":3,"enemies":"Small Slimes","floor":4,"turns":3},{"damage":13,"enemies":"3 Sentries","floor":6,"turns":8},{"damage":5,"enemies":"Blue Slaver","floor":7,"turns":2},{"damage":0,"enemies":"Exordium Wildlife","floor":10,"turns":2},{"damage":3,"enemies":"Exordium Thugs","floor":11,"turns":4},{"damage":5,"enemies":"Gremlin Gang","floor":12,"turns":3},{"damage":15,"enemies":"Lagavulin","floor":14,"turns":4},{"damage":15,"enemies":"Hexaghost","floor":16,"turns":9},{"damage":11,"enemies":"3 Byrds","floor":18,"turns":5},{"damage":2,"enemies":"Chosen","floor":20,"turns":3},{"damage":4,"enemies":"Snake Plant","floor":21,"turns":4},{"damage":0,"enemies":"Centurion and Healer","floor":22,"turns":4},{"damage":0,"enemies":"Shelled Parasite and Fungi","floor":25,"turns":4},{"damage":1,"enemies":"Cultist and Chosen","floor":27,"turns":3},{"damage":4,"enemies":"Book of Stabbing","floor":28,"turns":5},{"damage":4,"enemies":"Chosen and Byrds","floor":29,"turns":4},{"damage":24,"enemies":"Sentry and Sphere","floor":30,"turns":5},{"damage":20,"enemies":"Cultist and Chosen","floor":31,"turns":6},{"damage":45,"enemies":"Collector","floor":33,"turns":8},{"damage":0,"enemies":"Orb Walker","floor":35,"turns":2},{"damage":20,"enemies":"3 Shapes","floor":36,"turns":2},{"damage":5,"enemies":"Mind Bloom Boss Battle","floor":37,"turns":5},{"damage":0,"enemies":"Jaw Worm Horde","floor":40,"turns":3},{"damage":0,"enemies":"Spire Growth","floor":41,"turns":4},{"damage":0,"enemies":"Reptomancer","floor":44,"turns":4},{"damage":0,"enemies":"Sphere and 2 Shapes","floor":46,"turns":1},{"damage":0,"enemies":"Nemesis","floor":47,"turns":3},{"damage":0,"enemies":"Maw","floor":48,"turns":3},{"damage":0,"enemies":"Time Eater","floor":50,"turns":6}],"seed_played":"7123902599766353321","potions_obtained":[{"floor":1,"key":"SpeedPotion"},{"floor":10,"key":"LiquidBronze"},{"floor":11,"key":"EssenceOfSteel"},{"floor":12,"key":"Weak Potion"},{"floor":14,"key":"Regen Potion"},{"floor":18,"key":"Explosive Potion"},{"floor":21,"key":"Fire Potion"},{"floor":25,"key":"PowerPotion"},{"floor":28,"key":"Strength Potion"},{"floor":30,"key":"SneckoOil"},{"floor":36,"key":"Block Potion"},{"floor":37,"key":"Block Potion"},{"floor":47,"key":"EssenceOfSteel"},{"floor":48,"key":"GhostInAJar"}],"is_trial":false,"path_per_floor":["M","?","M","M","?","E","M","R","T","M","M","M","$","E","R","B",null,"M","?","M","M","M","R","?","M","T","M","E","M","M","M","R","B",null,"M","M","?","$","?","M","M","T","T","E","$","M","E","M","R","B",null],"character_chosen":"THE_SILENT","items_purchased":["Master of Strategy","Glass Knife+1","FossilizedHelix","Bag of Marbles"],"campfire_rested":4,"item_purchase_floors":[13,38,38,45],"current_hp_per_floor":[70,70,70,67,67,54,49,70,70,70,67,62,62,47,68,53,70,59,43,41,37,37,58,58,58,58,57,53,49,34,14,35,15,70,70,50,65,65,70,70,70,70,70,70,70,70,70,70,70,70],"gold":98,"neow_bonus":"THREE_CARDS","is_prod":false,"is_daily":false,"chose_seed":false,"campfire_upgraded":0,"win_rate":0.0,"timestamp":1547673823,"path_taken":["M","?","M","M","?","E","M","R","T","M","M","M","$","E","R","BOSS","M","?","M","M","M","R","?","M","T","M","E","M","M","M","R","BOSS","M","M","?","$","?","M","M","?","T","E","$","M","E","M","R","BOSS"],"build_version":"2019-01-10","purchased_purges":0,"victory":true,"max_hp_per_floor":[70,70,70,70,70,70,70,70,70,70,70,70,70,70,70,70,70,70,70,70,70,70,70,70,70,70,70,70,70,70,70,70,70,70,70,70,70,70,70,70,70,70,70,70,70,70,70,70,70,70],"card_choices":[{"not_picked":["Bouncing Flask","Dodge and Roll"],"picked":"Terror","floor":0},{"not_picked":["Footwork","PiercingWail"],"picked":"Backflip","floor":1},{"not_picked":["Dodge and Roll","Flechettes"],"picked":"Dagger Throw","floor":3},{"not_picked":["Deadly Poison","Bullet Time"],"picked":"Dagger Throw","floor":4},{"not_picked":["Blur","Deadly Poison"],"picked":"Finisher","floor":6},{"not_picked":["Choke","Dodge and Roll","Crippling Poison","Flechettes"],"picked":"SKIP","floor":7},{"not_picked":["Expertise","Dodge and Roll","Crippling Poison"],"picked":"Bane","floor":10},{"not_picked":["Calculated Gamble","Accuracy","Flying Knee"],"picked":"Underhanded Strike","floor":11},{"not_picked":["Prepared","Burst","Choke"],"picked":"Leg Sweep","floor":12},{"not_picked":["Unload","After Image","Poisoned Stab"],"picked":"Leg Sweep","floor":14},{"not_picked":["Burst","Unload","Glass Knife"],"picked":"Grand Finale","floor":16},{"not_picked":["Prepared","Riddle With Holes","Blur"],"picked":"Cloak And Dagger","floor":18},{"not_picked":["Slice","Caltrops+1","Deflect+1"],"picked":"Cloak And Dagger+1","floor":20},{"not_picked":["Burst","Choke","Prepared"],"picked":"PiercingWail+1","floor":21},{"not_picked":["Bane","Malaise","Cloak And Dagger"],"picked":"Accuracy+1","floor":22},{"not_picked":["Prepared","Deadly Poison+1","Catalyst"],"picked":"Dagger Throw","floor":25},{"not_picked":["Calculated Gamble","Sucker Punch+1","Outmaneuver"],"picked":"Quick Slash+1","floor":27},{"not_picked":["Slice+1","Dodge and Roll+1","Masterful Stab+1"],"picked":"Underhanded Strike+1","floor":28},{"not_picked":["Deflect","Flying Knee+1","Blade Dance"],"picked":"Slice+1","floor":29},{"not_picked":["Bane+1","Blur","PiercingWail"],"picked":"Finisher+1","floor":30},{"not_picked":["Adrenaline","Sucker Punch+1","Flechettes+1"],"picked":"Cloak And Dagger","floor":31},{"not_picked":["Phantasmal Killer","After Image","Tools of the Trade"],"picked":"Corpse Explosion","floor":33},{"not_picked":["Caltrops","Flying Knee+1","Deflect+1"],"picked":"Prepared+1","floor":35},{"not_picked":["Outmaneuver","Backflip","Deflect+1"],"picked":"Quick Slash+1","floor":36},{"not_picked":["Prepared","Underhanded Strike+1","Acrobatics+1"],"picked":"Dagger Throw+1","floor":37},{"not_picked":["Deflect","Doppelganger","Calculated Gamble+1"],"picked":"Flying Knee+1","floor":40},{"not_picked":["Footwork+1","Riddle With Holes+1","Deadly Poison+1"],"picked":"Dagger Spray+1","floor":41},{"not_picked":["Bane+1","Predator+1","PiercingWail"],"picked":"Blur","floor":44},{"not_picked":["Cloak And Dagger","Sucker Punch+1","Acrobatics"],"picked":"Blade Dance+1","floor":46},{"not_picked":["Deadly Poison","Outmaneuver+1","Bouncing Flask+1"],"picked":"Setup","floor":47},{"not_picked":["Quick Slash+1","Heel Hook+1","Sucker Punch+1"],"picked":"Finisher+1","floor":48}],"player_experience":53897,"relics_obtained":[{"floor":6,"key":"Question Card"},{"floor":9,"key":"Mercury Hourglass"},{"floor":14,"key":"Letter Opener"},{"floor":19,"key":"Enchiridion"},{"floor":26,"key":"Molten Egg 2"},{"floor":28,"key":"Pantograph"},{"floor":37,"key":"Incense Burner"},{"floor":42,"key":"Ninja Scroll"},{"floor":43,"key":"Unceasing Top"},{"floor":44,"key":"Shuriken"},{"floor":47,"key":"Juzu Bracelet"}],"event_choices":[{"damage_healed":0,"gold_gain":0,"player_choice":"Grow","damage_taken":0,"max_hp_gain":0,"max_hp_loss":0,"event_name":"Living Wall","floor":2,"gold_loss":0,"cards_upgraded":["Terror"]},{"damage_healed":0,"gold_gain":0,"cards_transformed":["Defend_G"],"player_choice":"Transformed","damage_taken":0,"max_hp_gain":0,"max_hp_loss":0,"event_name":"Transmorgrifier","floor":5,"gold_loss":0,"cards_obtained":["Blade Dance"]},{"damage_healed":0,"gold_gain":0,"player_choice":"Obtained Book","damage_taken":16,"max_hp_gain":0,"max_hp_loss":0,"event_name":"Cursed Tome","floor":19,"gold_loss":0},{"damage_healed":0,"gold_gain":0,"player_choice":"Obtained Relic","damage_taken":0,"relics_obtained":["Dodecahedron"],"max_hp_gain":0,"max_hp_loss":0,"event_name":"Addict","floor":24,"gold_loss":85},{"damage_healed":0,"gold_gain":0,"player_choice":"Fight","damage_taken":0,"max_hp_gain":0,"max_hp_loss":0,"event_name":"MindBloom","floor":37,"gold_loss":0},{"damage_healed":18,"gold_gain":0,"player_choice":"Writhe","damage_taken":0,"max_hp_gain":0,"max_hp_loss":0,"event_name":"Winding Halls","floor":39,"gold_loss":0,"cards_obtained":["Writhe"]}],"is_beta":false,"boss_relics":[{"not_picked":["Velvet Choker","Busted Crown"],"picked":"Fusion Hammer"},{"not_picked":["Runic Pyramid","Calling Bell"],"picked":"Coffee Dripper"}],"items_purged_floors":[],"is_endless":false,"potions_floor_spawned":[1,10,11,12,14,18,21,25,28,30,36,37,47,48],"ascension_level":0}