{"gold_per_floor":[112,112,128,145,160,160,192,192],"floor_reached":8,"playtime":424,"items_purged":[],"score":73,"play_id":"82040e46-f09f-42c4-a302-029b84673b0b","local_time":"20190514161817","is_ascension_mode":true,"campfire_choices":[{"data":"Creative AI","floor":6,"key":"SMITH"}],"neow_cost":"PERCENT_DAMAGE","seed_source_timestamp":1117563581786267,"circlet_count":0,"master_deck":["Strike_B","Strike_B","Strike_B","Strike_B","Defend_B","Defend_B","Defend_B","Defend_B","Zap","Dualcast","Creative AI+1","Coolheaded","Glacier","Hologram","Go for the Eyes"],"relics":["Cracked Core","Happy Flower"],"potions_floor_usage":[8],"damage_taken":[{"damage":0,"enemies":"Small Slimes","floor":1,"turns":3},{"damage":0,"enemies":"Cultist","floor":3,"turns":4},{"damage":1,"enemies":"2 Louse","floor":4,"turns":2},{"damage":7,"enemies":"Red Slaver","floor":5,"turns":7},{"damage":41,"enemies":"Gremlin Nob","floor":7,"turns":8},{"damage":5,"enemies":"Large Slime","floor":8,"turns":7}],"seed_played":"-3701691468127009099","potions_obtained":[{"floor":3,"key":"EssenceOfSteel"},{"floor":4,"key":"Ancient Potion"}],"is_trial":false,"path_per_floor":["M","?","M","M","M","R","E","M"],"character_chosen":"DEFECT","items_purchased":[],"campfire_rested":0,"item_purchase_floors":[],"current_hp_per_floor":[54,54,54,53,46,46,5,0],"gold":192,"neow_bonus":"THREE_RARE_CARDS","is_prod":false,"is_daily":false,"chose_seed":false,"campfire_upgraded":1,"win_rate":0,"timestamp":1557865097,"path_taken":["M","?","M","M","?","R","E","M"],"build_version":"2019-01-23","purchased_purges":0,"victory":false,"max_hp_per_floor":[75,75,75,75,75,75,75,75],"card_choices":[{"not_picked":["Thunder Strike","Amplify"],"picked":"Creative AI","floor":0},{"not_picked":["Sweeping Beam","Stack"],"picked":"Coolheaded","floor":1},{"not_picked":["Rip and Tear","Double Energy","Reprogram"],"picked":"SKIP","floor":3},{"not_picked":["Undo","Compile Driver"],"picked":"Glacier","floor":4},{"not_picked":["Rebound","Fusion"],"picked":"Hologram","floor":5},{"not_picked":["Static Discharge","Melter"],"picked":"Go for the Eyes","floor":7}],"player_experience":546110,"relics_obtained":[{"floor":7,"key":"Happy Flower"}],"event_choices":[{"damage_healed":0,"gold_gain":0,"player_choice":"Bought 0 Potions","damage_taken":0,"max_hp_gain":0,"max_hp_loss":0,"event_name":"The Woman in Blue","floor":2,"gold_loss":0}],"is_beta":false,"boss_relics":[],"items_purged_floors":[],"is_endless":false,"potions_floor_spawned":[3,4],"killed_by":"Large Slime","ascension_level":5}