{"gold_per_floor":[117,135,135,155,67,92,92,108,108,33,49,64,64,64,64,162,162,179,79,79,129,148,148,173,184,184,284,284,314,15,27,27,128,128,145,145,156,171,171,171,171,171,171,189,189,39,59,59,59,59],"floor_reached":50,"playtime":1817,"items_purged":["Dualcast","Strike_B","Hyperbeam","Defend_B"],"score":648,"play_id":"5c376e51-eb46-4c1d-82c2-91f95bbfac4a","local_time":"20181107042548","is_ascension_mode":true,"campfire_choices":[{"floor":7,"key":"REST"},{"data":"Beam Cell","floor":13,"key":"SMITH"},{"data":"Scrape","floor":15,"key":"SMITH"},{"data":"Steam","floor":23,"key":"SMITH"},{"floor":28,"key":"REST"},{"data":"Steam","floor":32,"key":"SMITH"},{"data":"Steam","floor":40,"key":"SMITH"},{"data":"Self Repair","floor":42,"key":"SMITH"},{"floor":45,"key":"REST"},{"data":"Gash","floor":49,"key":"SMITH"}],"neow_cost":"NONE","seed_source_timestamp":38755643138802,"circlet_count":0,"master_deck":["Defend_B+1","Zap+1","Beam Cell+1","Self Repair+1","Gash","Gash+1","Steam+1","Scrape+1","Steam+1","Panache+1","Go for the Eyes+1","Steam+1","Sweeping Beam","Gash+1"],"relics":["Cracked Core","Question Card","War Paint","Frozen Egg 2","Empty Cage","MutagenicStrength","Lantern","Strawberry","Orichalcum","Eternal Feather","Shuriken"],"potions_floor_usage":[31,44,50,50],"damage_taken":[{"damage":5,"enemies":"Small Slimes","floor":1,"turns":3},{"damage":2,"enemies":"Jaw Worm","floor":2,"turns":3},{"damage":1,"enemies":"Cultist","floor":4,"turns":3},{"damage":40,"enemies":"Lagavulin","floor":6,"turns":5},{"damage":10,"enemies":"Exordium Wildlife","floor":8,"turns":3},{"damage":11,"enemies":"3 Louse","floor":11,"turns":3},{"damage":13,"enemies":"Large Slime","floor":12,"turns":5},{"damage":35,"enemies":"The Guardian","floor":16,"turns":8},{"damage":20,"enemies":"3 Byrds","floor":18,"turns":4},{"damage":8,"enemies":"Shell Parasite","floor":22,"turns":3},{"damage":17,"enemies":"Gremlin Leader","floor":24,"turns":3},{"damage":21,"enemies":"Snake Plant","floor":25,"turns":4},{"damage":3,"enemies":"Book of Stabbing","floor":29,"turns":3},{"damage":2,"enemies":"Snecko","floor":31,"turns":3},{"damage":20,"enemies":"Champ","floor":33,"turns":8},{"damage":22,"enemies":"3 Darklings","floor":35,"turns":4},{"damage":0,"enemies":"Orb Walker","floor":37,"turns":3},{"damage":48,"enemies":"Spire Growth","floor":38,"turns":5},{"damage":13,"enemies":"Transient","floor":44,"turns":5},{"damage":13,"enemies":"Jaw Worm Horde","floor":47,"turns":4},{"damage":77,"enemies":"Awakened One","floor":50,"turns":8}],"seed_played":"7377145956594947273","potions_obtained":[{"floor":11,"key":"Poison Potion"},{"floor":16,"key":"SkillPotion"},{"floor":24,"key":"Weak Potion"},{"floor":25,"key":"Weak Potion"},{"floor":38,"key":"SkillPotion"},{"floor":47,"key":"FairyPotion"}],"is_trial":false,"path_per_floor":["M","M","?","M","?","E","R","M","T","$","M","M","R","?","R","B",null,"M","$","?","?","M","R","E","M","T","?","R","E","$","M","R","B",null,"M","$","M","M","?","R","?","R","T","M","R","$","M","?","R","B"],"character_chosen":"DEFECT","items_purchased":["Panache+1"],"campfire_rested":3,"item_purchase_floors":[30],"current_hp_per_floor":[63,61,54,60,60,27,49,46,46,46,42,36,36,61,61,33,65,52,52,52,52,51,51,41,27,34,34,58,62,62,67,67,54,75,60,60,67,26,26,32,32,38,38,35,67,67,64,64,70,0],"gold":59,"neow_bonus":"REMOVE_CARD","is_prod":false,"is_daily":false,"chose_seed":false,"campfire_upgraded":7,"win_rate":0,"timestamp":1541575548,"path_taken":["M","M","?","M","?","E","R","M","T","$","M","?","R","?","R","BOSS","M","$","?","?","?","R","E","M","T","?","R","E","$","M","R","BOSS","M","$","M","M","?","R","?","R","T","M","R","$","?","?","R","BOSS"],"build_version":"2018-11-01","purchased_purges":4,"victory":false,"max_hp_per_floor":[75,75,75,75,75,75,75,75,75,75,75,75,75,75,75,75,75,75,75,75,75,75,75,75,75,82,82,82,82,82,82,82,82,82,82,82,82,82,78,78,78,78,78,78,78,78,78,78,78,78],"card_choices":[{"not_picked":["Stack","Cold Snap"],"picked":"Beam Cell","floor":1},{"not_picked":["Hello World","Compile Driver"],"picked":"Self Repair","floor":2},{"not_picked":["Beam Cell","Ball Lightning","Static Discharge"],"picked":"SKIP","floor":4},{"not_picked":["Go for the Eyes","Sweeping Beam","Self Repair"],"picked":"Gash","floor":6},{"not_picked":["Hologram","Go for the Eyes","Leap"],"picked":"Gash","floor":8},{"not_picked":["Cold Snap","Melter","Rebound"],"picked":"Steam","floor":11},{"not_picked":["Aggregate","Sweeping Beam","Rainbow"],"picked":"Scrape","floor":12},{"not_picked":["Biased Cognition+1","Seek","Multi-Cast"],"picked":"Hyperbeam","floor":16},{"not_picked":["Beam Cell","Defragment+1","Ball Lightning+1","Consume"],"picked":"SKIP","floor":18},{"not_picked":["Doom and Gloom+1","Cold Snap","Leap"],"picked":"Steam","floor":22},{"not_picked":["FTL","Barrage","Compile Driver","Reprogram"],"picked":"SKIP","floor":24},{"not_picked":["Fission","Leap","Reinforced Body","Ball Lightning+1"],"picked":"SKIP","floor":25},{"not_picked":["Genetic Algorithm","Compile Driver+1","Consume","Sweeping Beam"],"picked":"SKIP","floor":29},{"not_picked":["Streamline+1","Rebound","Leap+1"],"picked":"Go for the Eyes+1","floor":31},{"not_picked":["Cold Snap+1","Ball Lightning+1","Tempest","Static Discharge+1"],"picked":"SKIP","floor":35},{"not_picked":["Turbo","Streamline+1","Beam Cell+1","Hyperbeam"],"picked":"SKIP","floor":37},{"not_picked":["Redo+1","Coolheaded+1","Stack"],"picked":"Steam","floor":38},{"not_picked":["Go for the Eyes","Chaos+1","Melter+1"],"picked":"Gash+1","floor":44},{"not_picked":["Consume+1","Fusion","Turbo+1","Rebound+1"],"picked":"SKIP","floor":47}],"player_experience":311763,"relics_obtained":[{"floor":6,"key":"War Paint"},{"floor":9,"key":"Frozen Egg 2"},{"floor":24,"key":"Lantern"},{"floor":26,"key":"Strawberry"},{"floor":29,"key":"Orichalcum"},{"floor":43,"key":"Shuriken"}],"event_choices":[{"cards_removed":["Defend_B"],"damage_healed":0,"gold_gain":0,"player_choice":"Card Removal","damage_taken":7,"max_hp_gain":0,"max_hp_loss":0,"event_name":"Golden Wing","floor":3,"gold_loss":0},{"damage_healed":0,"gold_gain":0,"player_choice":"Paid Gold","damage_taken":0,"relics_obtained":["Question Card"],"max_hp_gain":0,"max_hp_loss":0,"event_name":"WeMeetAgain","floor":5,"gold_loss":88},{"damage_healed":25,"gold_gain":0,"player_choice":"Banana","damage_taken":0,"max_hp_gain":0,"max_hp_loss":0,"event_name":"Big Fish","floor":14,"gold_loss":0},{"damage_healed":0,"gold_gain":0,"player_choice":"Inject Mutagens","damage_taken":0,"relics_obtained":["MutagenicStrength"],"max_hp_gain":0,"max_hp_loss":0,"event_name":"Drug Dealer","floor":20,"gold_loss":0},{"damage_healed":0,"gold_gain":100,"player_choice":"Bet on Murderer","damage_taken":0,"max_hp_gain":0,"max_hp_loss":0,"event_name":"The Joust","floor":21,"gold_loss":50},{"damage_healed":0,"gold_gain":100,"player_choice":"Pray","damage_taken":0,"max_hp_gain":0,"max_hp_loss":0,"event_name":"Golden Shrine","floor":27,"gold_loss":0},{"damage_healed":0,"gold_gain":0,"player_choice":"Max HP","damage_taken":0,"max_hp_gain":0,"max_hp_loss":4,"event_name":"Winding Halls","floor":39,"gold_loss":0},{"damage_healed":0,"gold_gain":0,"cards_transformed":["Strike_B"],"player_choice":"Transformed","damage_taken":0,"max_hp_gain":0,"max_hp_loss":0,"event_name":"Transmorgrifier","floor":41,"gold_loss":0,"cards_obtained":["Sweeping Beam"]},{"damage_healed":0,"gold_gain":0,"player_choice":"Ignored","damage_taken":0,"max_hp_gain":0,"max_hp_loss":0,"event_name":"Mysterious Sphere","floor":48,"gold_loss":0}],"is_beta":false,"boss_relics":[{"not_picked":["Black Star","Busted Crown"],"picked":"Empty Cage"},{"not_picked":["FrozenCore","Inserter"],"picked":"Eternal Feather"}],"items_purged_floors":[10,19,30,46],"is_endless":false,"potions_floor_spawned":[11,16,24,25,29,38,47],"killed_by":"Awakened One","ascension_level":7}