{"gold_per_floor":[113,126,126,137,161,181,181,210,237,48,62,15,26,46,46,150,150,167,167,79,96,114,114,140,151,151,151],"floor_reached":27,"playtime":1043,"items_purged":[],"score":326,"play_id":"1cad5faa-32b0-4bd9-a476-076de604e89a","local_time":"20181011024538","is_ascension_mode":true,"campfire_choices":[{"floor":7,"key":"REST"},{"floor":15,"key":"REST"},{"data":"Apotheosis","floor":23,"key":"SMITH"}],"neow_cost":"PERCENT_DAMAGE","seed_source_timestamp":11045088618544,"circlet_count":0,"master_deck":["Strike_B+1","Strike_B","Strike_B","Strike_B","Defend_B","Defend_B","Defend_B","Defend_B","Zap","Dualcast+1","Redo","Ball Lightning","Tempest","Beam Cell","Electrodynamics","Apotheosis+1","Ball Lightning","Ball Lightning","Ball Lightning","Thunder Strike","Forethought","Buffer","Genetic Algorithm+1"],"relics":["Cracked Core","Bag of Marbles","Pen Nib","Orichalcum","Runic Dome","Bottled Tornado","Ice Cream"],"potions_floor_usage":[8,24,27,27],"damage_taken":[{"damage":2,"enemies":"Small Slimes","floor":1,"turns":3},{"damage":1,"enemies":"Jaw Worm","floor":2,"turns":4},{"damage":0,"enemies":"Cultist","floor":4,"turns":2},{"damage":1,"enemies":"2 Fungi Beasts","floor":6,"turns":2},{"damage":26,"enemies":"3 Sentries","floor":8,"turns":5},{"damage":5,"enemies":"Lots of Slimes","floor":11,"turns":2},{"damage":7,"enemies":"Blue Slaver","floor":13,"turns":2},{"damage":3,"enemies":"Exordium Thugs","floor":14,"turns":2},{"damage":0,"enemies":"Slime Boss","floor":16,"turns":4},{"damage":4,"enemies":"Chosen","floor":18,"turns":3},{"damage":8,"enemies":"Shell Parasite","floor":21,"turns":3},{"damage":21,"enemies":"Sentry and Sphere","floor":22,"turns":4},{"damage":21,"enemies":"Slavers","floor":24,"turns":2},{"damage":24,"enemies":"Centurion and Healer","floor":25,"turns":3},{"damage":11,"enemies":"Book of Stabbing","floor":27,"turns":2}],"seed_played":"-6390525127007886400","potions_obtained":[{"floor":2,"key":"Fire Potion"},{"floor":4,"key":"Poison Potion"},{"floor":14,"key":"LiquidBronze"},{"floor":16,"key":"LiquidBronze"},{"floor":18,"key":"Dexterity Potion"},{"floor":21,"key":"FearPotion"}],"is_trial":false,"path_per_floor":["M","M","?","M","T","M","R","E","T","$","M","$","M","M","R","B",null,"M","?","$","M","M","R","E","M","T"],"character_chosen":"DEFECT","items_purchased":["Apotheosis","Ball Lightning","Forethought"],"campfire_rested":2,"item_purchase_floors":[10,12,20],"current_hp_per_floor":[63,62,44,44,44,43,69,43,43,43,38,38,31,28,54,54,89,85,85,85,77,56,56,35,11,11,0],"gold":151,"neow_bonus":"TWENTY_PERCENT_HP_BONUS","is_prod":false,"is_daily":false,"chose_seed":false,"campfire_upgraded":1,"win_rate":0,"timestamp":1539236738,"path_taken":["M","M","?","M","?","M","R","E","T","$","M","$","M","?","R","BOSS","M","?","$","M","M","R","E","M","T","E"],"build_version":"2018-10-04v2","purchased_purges":0,"victory":false,"max_hp_per_floor":[89,89,89,89,89,89,89,89,89,89,89,89,89,89,89,89,89,89,89,89,89,89,89,89,89,89,89],"card_choices":[{"not_picked":["Glacier","Heatsinks"],"picked":"Redo","floor":1},{"not_picked":["Force Field","Sweeping Beam"],"picked":"Ball Lightning","floor":2},{"not_picked":["Streamline","Steam"],"picked":"Tempest","floor":4},{"not_picked":["Stack","Streamline"],"picked":"Beam Cell","floor":6},{"not_picked":["Conserve Battery","Coolheaded"],"picked":"Electrodynamics","floor":8},{"not_picked":["Sunder","Compile Driver"],"picked":"Ball Lightning","floor":11},{"not_picked":["Compile Driver","Sunder","Go for the Eyes"],"picked":"SKIP","floor":13},{"not_picked":["Genetic Algorithm","Rebound"],"picked":"Ball Lightning","floor":14},{"not_picked":["Creative AI","Buffer"],"picked":"Thunder Strike","floor":16},{"not_picked":["Gash","Sweeping Beam+1","Storm+1"],"picked":"SKIP","floor":18},{"not_picked":["Conserve Battery+1","Streamline","Compile Driver+1"],"picked":"SKIP","floor":21},{"not_picked":["Go for the Eyes+1","Rebound"],"picked":"Buffer","floor":22},{"not_picked":["Turbo+1","Cold Snap","Rebound"],"picked":"SKIP","floor":24},{"not_picked":["Gash+1","Beam Cell"],"picked":"Genetic Algorithm+1","floor":25}],"player_experience":125033,"relics_obtained":[{"floor":5,"key":"Bag of Marbles"},{"floor":8,"key":"Pen Nib"},{"floor":9,"key":"Orichalcum"},{"floor":24,"key":"Bottled Tornado"},{"floor":26,"key":"Ice Cream"}],"event_choices":[{"event_name":"Shining Light","player_choice":"Entered Light","floor":3,"damage_taken":0},{"event_name":"Beggar","player_choice":"Ignored","floor":19,"damage_taken":0}],"is_beta":false,"boss_relics":[{"not_picked":["Black Star","Runic Pyramid"],"picked":"Runic Dome"}],"items_purged_floors":[],"is_endless":false,"potions_floor_spawned":[2,4,14,16,18,21],"killed_by":"Book of Stabbing","ascension_level":1}