{"gold_per_floor":[113,113,93,18,32,61,61,76,102,102,114,127,127,154,154,154],"floor_reached":16,"playtime":490,"items_purged":["Strike_G"],"score":257,"play_id":"41e4485c-34a4-4836-898f-f4fa6cfc1741","local_time":"20190620204957","is_ascension_mode":true,"campfire_choices":[{"data":"Neutralize","floor":7,"key":"SMITH"},{"data":"Noxious Fumes","floor":10,"key":"SMITH"},{"data":"Crippling Poison","floor":13,"key":"SMITH"},{"data":"Bane","floor":15,"key":"SMITH"}],"neow_cost":"NONE","seed_source_timestamp":702207649497193,"circlet_count":0,"master_deck":["AscendersBane","Defend_G","Defend_G","Defend_G","Defend_G","Defend_G","Strike_G","Strike_G+1","Strike_G","Strike_G+1","Survivor","Neutralize+1","Cloak And Dagger","Poisoned Stab","Noxious Fumes+1","Bane+1","Crippling Poison+1"],"relics":["Ring of the Snake","NeowsBlessing","Whetstone","Lantern","Orichalcum"],"potions_floor_usage":[14,14],"damage_taken":[{"damage":0,"enemies":"2 Louse","floor":1,"turns":1},{"damage":0,"enemies":"Cultist","floor":5,"turns":1},{"damage":0,"enemies":"3 Sentries","floor":6,"turns":1},{"damage":0,"enemies":"Jaw Worm","floor":8,"turns":4},{"damage":4,"enemies":"Blue Slaver","floor":11,"turns":5},{"damage":8,"enemies":"Gremlin Gang","floor":12,"turns":5},{"damage":10,"enemies":"Lagavulin","floor":14,"turns":4},{"damage":40,"enemies":"Slime Boss","floor":16,"turns":6}],"seed_played":"6655986764600852492","potions_obtained":[{"floor":3,"key":"Energy Potion"},{"floor":5,"key":"EssenceOfSteel"},{"floor":8,"key":"Swift Potion"},{"floor":12,"key":"AttackPotion"}],"is_trial":false,"path_per_floor":["M","?","?","$","M","E","R","M","T","R","M","M","R","E","R","B"],"character_chosen":"THE_SILENT","items_purchased":[],"campfire_rested":0,"item_purchase_floors":[],"current_hp_per_floor":[59,59,59,59,59,59,59,59,59,59,55,47,47,37,37,0],"gold":154,"neow_bonus":"THREE_ENEMY_KILL","is_prod":false,"is_daily":false,"chose_seed":false,"campfire_upgraded":4,"win_rate":0,"timestamp":1561034997,"path_taken":["M","?","?","$","M","E","R","M","T","R","M","M","R","E","R","BOSS"],"build_version":"2019-01-23","purchased_purges":1,"victory":false,"max_hp_per_floor":[66,66,66,66,66,66,66,66,66,66,66,66,66,66,66,66],"card_choices":[{"not_picked":["Sucker Punch","Heel Hook"],"picked":"Cloak And Dagger","floor":1},{"not_picked":["Slice","Outmaneuver","Prepared"],"picked":"SKIP","floor":5},{"not_picked":["Skewer","PiercingWail"],"picked":"Poisoned Stab","floor":6},{"not_picked":["Infinite Blades","Outmaneuver"],"picked":"Noxious Fumes","floor":8},{"not_picked":["PiercingWail","Terror"],"picked":"Bane","floor":11},{"not_picked":["Bouncing Flask","Finisher"],"picked":"Crippling Poison","floor":12},{"not_picked":["Poisoned Stab","Malaise","Prepared"],"picked":"SKIP","floor":14}],"player_experience":927986,"relics_obtained":[{"floor":6,"key":"Whetstone"},{"floor":9,"key":"Lantern"},{"floor":14,"key":"Orichalcum"}],"event_choices":[{"damage_healed":0,"gold_gain":0,"player_choice":"Ignored","damage_taken":0,"max_hp_gain":0,"max_hp_loss":0,"event_name":"Liars Game","floor":2,"gold_loss":0},{"damage_healed":0,"gold_gain":0,"player_choice":"Bought 1 Potion","damage_taken":0,"max_hp_gain":0,"max_hp_loss":0,"event_name":"The Woman in Blue","floor":3,"gold_loss":0}],"is_beta":false,"boss_relics":[],"items_purged_floors":[4],"is_endless":false,"potions_floor_spawned":[5,8,11,12],"killed_by":"Slime Boss","ascension_level":18}