{"gold_per_floor":[112,112,129,129,142,172,172,183,235,262,275,285,285,301,301,405,405,419,419,390,59,0,0,0,0,0,15,15,15,31,51,51,149,149,166,166,117,132,132,132,158,175,175,175,187,206,50,60,60,60],"floor_reached":51,"playtime":3091,"items_purged":[],"score":716,"play_id":"42611f6d-ad0f-4008-b8d9-6eb9134f0e35","local_time":"20181002235749","is_ascension_mode":false,"campfire_choices":[{"data":"After Image","floor":7,"key":"SMITH"},{"floor":15,"key":"REST"},{"floor":23,"key":"REST"},{"floor":25,"key":"REST"},{"data":"Envenom","floor":29,"key":"SMITH"},{"floor":32,"key":"REST"},{"data":"Accuracy","floor":40,"key":"SMITH"},{"data":"Blade Dance","floor":44,"key":"SMITH"},{"floor":49,"key":"REST"}],"neow_cost":"NONE","seed_source_timestamp":30695542203927,"circlet_count":0,"master_deck":["Defend_G+1","Defend_G+1","Defend_G+1","Defend_G+1","Defend_G+1","Strike_G+1","Strike_G+1","Strike_G+1","Strike_G+1","Strike_G+1","Survivor+1","Neutralize+1","After Image+1","Blade Dance+1","Slice+1","Terror+1","Slice+1","Acrobatics+1","Dagger Throw+1","Distraction+1","Quick Slash+1","Envenom+1","Noxious Fumes+1","Dodge and Roll+1","Cloak And Dagger+1","Acrobatics+1","Dodge and Roll+1","Backflip+1","Dodge and Roll+1","Footwork+1","Cloak And Dagger+1","Infinite Blades+1","Escape Plan+1","Slice+1","After Image+1","Blade Dance+1","Accuracy+1"],"relics":["Ring of the Snake","Molten Egg 2","Dream Catcher","Art of War","Orrery","Enchiridion","Juzu Bracelet","Happy Flower","Omamori","Calipers","Sozu","Mark of the Bloom","Anchor","Strawberry","Lantern"],"potions_floor_usage":[6,10,16,20,30,33],"damage_taken":[{"damage":0,"enemies":"Jaw Worm","floor":1,"turns":6},{"damage":0,"enemies":"2 Louse","floor":3,"turns":2},{"damage":0,"enemies":"Small Slimes","floor":5,"turns":4},{"damage":16,"enemies":"Lagavulin","floor":6,"turns":7},{"damage":1,"enemies":"Red Slaver","floor":8,"turns":4},{"damage":15,"enemies":"3 Sentries","floor":10,"turns":6},{"damage":5,"enemies":"Exordium Thugs","floor":11,"turns":4},{"damage":5,"enemies":"Lots of Slimes","floor":12,"turns":2},{"damage":4,"enemies":"Large Slime","floor":14,"turns":5},{"damage":14,"enemies":"Hexaghost","floor":16,"turns":12},{"damage":28,"enemies":"Shell Parasite","floor":18,"turns":8},{"damage":22,"enemies":"2 Thieves","floor":20,"turns":5},{"damage":0,"enemies":"Shelled Parasite and Fungi","floor":27,"turns":7},{"damage":6,"enemies":"Cultist and Chosen","floor":30,"turns":10},{"damage":0,"enemies":"Snecko","floor":31,"turns":4},{"damage":52,"enemies":"Champ","floor":33,"turns":13},{"damage":13,"enemies":"3 Darklings","floor":35,"turns":8},{"damage":0,"enemies":"Orb Walker","floor":38,"turns":3},{"damage":0,"enemies":"2 Orb Walkers","floor":41,"turns":4},{"damage":0,"enemies":"3 Darklings","floor":42,"turns":5},{"damage":0,"enemies":"Spire Growth","floor":45,"turns":4},{"damage":4,"enemies":"Transient","floor":46,"turns":5},{"damage":0,"enemies":"Sphere and 2 Shapes","floor":48,"turns":4},{"damage":3,"enemies":"Donu and Deca","floor":50,"turns":10}],"seed_played":"1364209102594416599","potions_obtained":[{"floor":3,"key":"Block Potion"},{"floor":8,"key":"PowerPotion"},{"floor":11,"key":"Ancient Potion"},{"floor":18,"key":"AttackPotion"},{"floor":27,"key":"EssenceOfSteel"},{"floor":31,"key":"FearPotion"}],"is_trial":false,"path_per_floor":["M","?","M","?","M","E","R","M","T","E","M","M","?","M","R","B",null,"M","?","M","$","?","R","?","R","T","M","$","R","M","M","R","B",null,"M","?","$","M","?","R","E","M","T","R","M","M","$","M","R","B"],"character_chosen":"THE_SILENT","items_purchased":["Juzu Bracelet","Footwork","Happy Flower","Blade Dance","Lantern"],"campfire_rested":5,"item_purchase_floors":[21,21,21,37,47],"current_hp_per_floor":[70,70,70,70,70,54,54,53,53,38,33,28,28,24,45,31,70,42,26,4,4,4,25,25,46,46,46,46,46,40,40,61,9,70,57,57,57,57,57,57,57,57,57,57,57,53,53,53,53,50],"gold":60,"neow_bonus":"ONE_RANDOM_RARE_CARD","is_prod":false,"is_daily":false,"chose_seed":false,"campfire_upgraded":4,"win_rate":0.0,"timestamp":1538535469,"path_taken":["M","?","M","?","M","E","R","M","T","E","?","M","?","M","R","BOSS","M","?","M","$","?","R","?","R","T","M","?","R","M","M","R","BOSS","M","?","$","M","?","R","E","M","T","R","M","M","?","M","R","BOSS"],"build_version":"2018-09-27","purchased_purges":0,"victory":true,"max_hp_per_floor":[70,70,70,70,70,70,70,70,70,70,70,70,70,70,70,70,70,70,70,70,70,70,70,70,70,70,70,70,70,70,70,70,70,70,70,70,70,70,70,70,70,70,77,77,77,77,77,77,77,77],"card_choices":[{"not_picked":["Bane","Dagger Spray"],"picked":"Blade Dance","floor":1},{"not_picked":["Caltrops","Dodge and Roll"],"picked":"Slice","floor":3},{"not_picked":["Grand Finale","Expertise"],"picked":"Terror","floor":5},{"not_picked":["Dodge and Roll","Outmaneuver"],"picked":"A Thousand Cuts","floor":6},{"not_picked":["Calculated Gamble","PiercingWail"],"picked":"Slice+1","floor":8},{"not_picked":["Prepared","Dagger Throw+1"],"picked":"Acrobatics","floor":10},{"not_picked":["Wraith Form v2","Outmaneuver"],"picked":"Dagger Throw+1","floor":11},{"not_picked":["Poisoned Stab+1","PiercingWail","Flechettes+1"],"picked":"SKIP","floor":12},{"not_picked":["Skewer+1","Prepared"],"picked":"Distraction","floor":14},{"not_picked":["Acrobatics","Bane+1"],"picked":"Quick Slash+1","floor":15},{"not_picked":["Unload+1","Corpse Explosion"],"picked":"Envenom","floor":16},{"not_picked":["Underhanded Strike+1","Catalyst"],"picked":"Noxious Fumes","floor":17},{"not_picked":["PiercingWail","Predator+1"],"picked":"Dodge and Roll","floor":17},{"not_picked":["Riddle With Holes+1","Dagger Throw+1"],"picked":"Cloak And Dagger","floor":17},{"not_picked":["Deflect","Outmaneuver"],"picked":"Acrobatics","floor":17},{"not_picked":["Skewer+1","Poisoned Stab+1"],"picked":"Dodge and Roll","floor":17},{"not_picked":["Dodge and Roll","Masterful Stab+1"],"picked":"Backflip","floor":18},{"not_picked":["Well Laid Plans+1","Noxious Fumes"],"picked":"Dodge and Roll","floor":20},{"not_picked":["Masterful Stab+1","Dodge and Roll"],"picked":"Cloak And Dagger+1","floor":23},{"not_picked":["Slice+1","Deflect+1"],"picked":"Infinite Blades+1","floor":25},{"not_picked":["Acrobatics","Tactician+1","Distraction"],"picked":"SKIP","floor":27},{"not_picked":["Tools of the Trade","Dash+1","Bane+1"],"picked":"SKIP","floor":30},{"not_picked":["Dagger Throw+1","Flechettes+1"],"picked":"Escape Plan","floor":31},{"not_picked":["Deadly Poison+1","Setup+1"],"picked":"Slice+1","floor":32},{"not_picked":["Wraith Form v2","Adrenaline"],"picked":"After Image","floor":33},{"not_picked":["Dagger Throw+1","All Out Attack+1","Underhanded Strike+1"],"picked":"SKIP","floor":35},{"not_picked":["Skewer+1","Dagger Throw+1"],"picked":"Accuracy","floor":38},{"not_picked":["Expertise+1","Dagger Spray+1","Footwork"],"picked":"SKIP","floor":41},{"not_picked":["Acrobatics","Choke+1","Skewer+1"],"picked":"SKIP","floor":42},{"not_picked":["Terror","PiercingWail+1","Backflip"],"picked":"SKIP","floor":45},{"not_picked":["Dash+1","Leg Sweep","Well Laid Plans+1"],"picked":"SKIP","floor":46},{"not_picked":["Outmaneuver+1","Blur","Calculated Gamble+1"],"picked":"SKIP","floor":48}],"player_experience":99803,"relics_obtained":[{"floor":6,"key":"Molten Egg 2"},{"floor":9,"key":"Dream Catcher"},{"floor":10,"key":"Art of War"},{"floor":19,"key":"Enchiridion"},{"floor":26,"key":"Calipers"},{"floor":41,"key":"Anchor"},{"floor":43,"key":"Strawberry"}],"event_choices":[{"event_name":"The Cleric","player_choice":"Leave","floor":2,"damage_taken":0},{"event_name":"Purifier","player_choice":"Skipped","floor":4,"damage_taken":0},{"event_name":"Shining Light","player_choice":"Ignored","floor":13,"damage_taken":0},{"event_name":"Cursed Tome","player_choice":"Obtained Book","floor":19,"damage_taken":0},{"event_name":"Masked Bandits","player_choice":"Paid Fearfully","floor":22,"damage_taken":0},{"event_name":"WeMeetAgain","player_choice":"Card","floor":24,"damage_taken":0},{"event_name":"MindBloom","player_choice":"Upgrade","floor":36,"damage_taken":0},{"event_name":"SensoryStone","player_choice":"Memory 1","floor":39,"damage_taken":0}],"is_beta":false,"boss_relics":[{"not_picked":["Pandora\u0027s Box","Velvet Choker"],"picked":"Orrery"},{"not_picked":["Empty Cage","HoveringKite"],"picked":"Sozu"}],"items_purged_floors":[],"is_endless":false,"potions_floor_spawned":[3,8,11,18,27,31,45,46,48],"ascension_level":0}