{"gold_per_floor":[113,123,137,149,149,149,178,178,178,193,207,223,60,88,88,161,161,180,180,180,162,172,172,206,206,233,233,60,70,82,93,93,93],"floor_reached":33,"playtime":2071,"items_purged":[],"score":470,"play_id":"6073fd4a-d930-4d27-a609-ef75e4e8170a","local_time":"20181212221141","is_ascension_mode":true,"campfire_choices":[{"data":"Uppercut","floor":6,"key":"SMITH"},{"data":"Intimidate","floor":8,"key":"SMITH"},{"data":"Carnage","floor":15,"key":"SMITH"},{"data":"True Grit","floor":23,"key":"SMITH"},{"data":"Heavy Blade","floor":25,"key":"SMITH"},{"data":"Spot Weakness","floor":27,"key":"SMITH"},{"data":"Bludgeon","floor":32,"key":"SMITH"}],"neow_cost":"NONE","seed_source_timestamp":24531524169363,"circlet_count":0,"master_deck":["AscendersBane","Strike_R+1","Strike_R+1","Strike_R+1","Strike_R+1","Defend_R+1","Defend_R+1","Defend_R+1","Defend_R+1","Bash","Intimidate+1","Anger","Uppercut+1","Seeing Red","Power Through","Flame Barrier","Carnage+1","Second Wind","Brutality","True Grit+1","Spot Weakness+1","Heavy Blade+1","Battle Trance","Bludgeon+1"],"relics":["Burning Blood","Nunchaku","Magic Flower","Vajra","Pocketwatch","Mark of Pain","Red Mask","Boot","Blood Vial"],"potions_floor_usage":[33,33],"damage_taken":[{"damage":6,"enemies":"2 Louse","floor":1,"turns":4},{"damage":8,"enemies":"Jaw Worm","floor":2,"turns":4},{"damage":6,"enemies":"Small Slimes","floor":3,"turns":4},{"damage":1,"enemies":"2 Fungi Beasts","floor":4,"turns":3},{"damage":22,"enemies":"Lagavulin","floor":7,"turns":6},{"damage":11,"enemies":"Looter","floor":10,"turns":4},{"damage":1,"enemies":"Large Slime","floor":11,"turns":6},{"damage":2,"enemies":"2 Fungi Beasts","floor":12,"turns":4},{"damage":27,"enemies":"3 Sentries","floor":14,"turns":7},{"damage":30,"enemies":"Slime Boss","floor":16,"turns":11},{"damage":12,"enemies":"Spheric Guardian","floor":18,"turns":4},{"damage":11,"enemies":"2 Thieves","floor":21,"turns":4},{"damage":4,"enemies":"Snecko","floor":22,"turns":5},{"damage":23,"enemies":"Masked Bandits","floor":24,"turns":5},{"damage":8,"enemies":"Chosen and Byrds","floor":29,"turns":5},{"damage":5,"enemies":"Centurion and Healer","floor":30,"turns":5},{"damage":0,"enemies":"Cultist and Chosen","floor":31,"turns":4},{"damage":81,"enemies":"Collector","floor":33,"turns":6}],"seed_played":"-2051630589264527318","potions_obtained":[{"floor":2,"key":"FearPotion"},{"floor":3,"key":"LiquidBronze"},{"floor":7,"key":"Weak Potion"},{"floor":10,"key":"PowerPotion"},{"floor":14,"key":"SkillPotion"},{"floor":29,"key":"PowerPotion"}],"is_trial":false,"path_per_floor":["M","M","M","M","?","R","E","R","T","M","M","M","$","E","R","B",null,"M","?","?","M","M","R","?","R","T","R","$","M","M","M","R","B"],"character_chosen":"IRONCLAD","items_purchased":["Vajra","Blood Vial"],"campfire_rested":0,"item_purchase_floors":[13,28],"current_hp_per_floor":[68,66,66,71,76,76,60,60,60,58,66,73,73,55,55,34,69,66,66,66,64,69,69,55,55,55,55,55,59,66,78,78,0],"gold":93,"neow_bonus":"REMOVE_CARD","is_prod":false,"is_daily":false,"chose_seed":false,"campfire_upgraded":7,"win_rate":0,"timestamp":1544663501,"path_taken":["M","M","M","M","?","R","E","R","T","M","M","M","$","E","R","BOSS","M","?","?","M","M","R","?","R","T","R","$","M","M","M","R","BOSS"],"build_version":"2018-12-06","purchased_purges":0,"victory":false,"max_hp_per_floor":[75,75,75,75,80,80,80,80,80,80,80,80,80,80,80,80,80,80,80,80,80,80,80,80,80,80,80,80,80,80,80,80,80],"card_choices":[{"not_picked":["Heavy Blade","Hemokinesis"],"picked":"Intimidate","floor":1},{"not_picked":["Warcry","Thunderclap"],"picked":"Anger","floor":2},{"not_picked":["Shrug It Off","Feel No Pain"],"picked":"Uppercut","floor":3},{"not_picked":["Exhume","Entrench"],"picked":"Seeing Red","floor":4},{"not_picked":["Seeing Red","Whirlwind"],"picked":"Power Through","floor":7},{"not_picked":["Wild Strike","Ghostly Armor"],"picked":"Flame Barrier","floor":10},{"not_picked":["Searing Blow","Body Slam","Ghostly Armor"],"picked":"SKIP","floor":11},{"not_picked":["Heavy Blade","Uppercut"],"picked":"Carnage","floor":12},{"not_picked":["Anger","Corruption"],"picked":"Second Wind","floor":14},{"not_picked":["Feed","Juggernaut"],"picked":"Brutality","floor":16},{"not_picked":["Sword Boomerang","Intimidate+1"],"picked":"True Grit","floor":18},{"not_picked":["Thunderclap","Reckless Charge+1","Second Wind"],"picked":"SKIP","floor":21},{"not_picked":["Burning Pact+1","Uppercut"],"picked":"Heavy Blade","floor":22},{"not_picked":["Wild Strike","Intimidate+1"],"picked":"Battle Trance","floor":24},{"not_picked":["Sever Soul","Metallicize","Havoc"],"picked":"SKIP","floor":29},{"not_picked":["True Grit","Thunderclap"],"picked":"Bludgeon","floor":30},{"not_picked":["Twin Strike+1","Warcry","Flex"],"picked":"SKIP","floor":31}],"player_experience":537799,"relics_obtained":[{"floor":7,"key":"Nunchaku"},{"floor":9,"key":"Magic Flower"},{"floor":14,"key":"Pocketwatch"},{"floor":24,"key":"Red Mask"},{"floor":26,"key":"Boot"}],"event_choices":[{"damage_healed":0,"gold_gain":0,"player_choice":"Donut","damage_taken":0,"max_hp_gain":5,"max_hp_loss":0,"event_name":"Big Fish","floor":5,"gold_loss":0},{"damage_healed":0,"gold_gain":0,"player_choice":"Read","damage_taken":0,"max_hp_gain":0,"max_hp_loss":0,"event_name":"The Library","floor":19,"gold_loss":0,"cards_obtained":["Spot Weakness"]},{"damage_healed":0,"gold_gain":0,"player_choice":"Simplicity","damage_taken":0,"max_hp_gain":0,"max_hp_loss":0,"event_name":"Back to Basics","floor":20,"gold_loss":0,"cards_upgraded":["Strike_R","Strike_R","Strike_R","Strike_R","Defend_R","Defend_R","Defend_R","Defend_R"]},{"damage_healed":0,"gold_gain":0,"player_choice":"Fought Bandits","damage_taken":0,"max_hp_gain":0,"max_hp_loss":0,"event_name":"Masked Bandits","floor":24,"gold_loss":0}],"is_beta":false,"boss_relics":[{"not_picked":["Black Star","Pandora\u0027s Box"],"picked":"Mark of Pain"}],"items_purged_floors":[],"is_endless":false,"potions_floor_spawned":[2,3,7,10,12,14,21,29,31],"killed_by":"Collector","ascension_level":16}