{"path_per_floor":["M","M","M","M","$","R","$","?","T","M","E","M","M","M","R","B",null,"M","M","M","?","M","R","M"],"character_chosen":"IRONCLAD","items_purchased":["True Grit","Flex"],"gold_per_floor":[119,136,155,166,96,96,96,96,96,110,141,159,178,190,190,291,291,307,323,337,337,349,349,369],"floor_reached":25,"campfire_rested":3,"playtime":2485,"current_hp_per_floor":[63,44,48,42,42,66,66,66,66,73,62,68,71,62,80,21,80,59,68,61,61,41,65,49],"items_purged":[],"gold":369,"score":211,"play_id":"b3e09f23-23d4-4b22-8918-1b50cd6b3e21","is_prod":false,"is_daily":false,"is_ascension_mode":false,"campfire_upgraded":0,"path_taken":["M","M","?","M","?","R","$","?","T","M","E","M","?","M","R","BOSS","M","M","M","?","?","R","M","M"],"build_version":"2018-02-08-PROD1","purchased_purges":0,"victory":false,"master_deck":["Strike_R","Strike_R","Strike_R","Strike_R","Strike_R","Defend_R","Defend_R","Defend_R","Defend_R","Bash","Iron Wave","Battle Trance","Shockwave","Flex","True Grit","Flex","Reaper","Parasite","Sword Boomerang","Infernal Blade","Warcry","Sword Boomerang","Disarm","Offering","Headbutt+1","Whirlwind","Thunderclap","True Grit+1","Pommel Strike"],"max_hp_per_floor":[80,80,80,80,80,80,80,80,80,80,80,80,80,80,80,80,80,80,80,80,80,80,80,80],"relics":["Burning Blood","Pen Nib","Ornamental Fan","Velvet Choker"],"card_choices":[{"not_picked":["Rupture","Searing Blow"],"picked":"Iron Wave"},{"not_picked":["Clothesline","Rampage"],"picked":"Battle Trance"},{"not_picked":["Flame Barrier","Clash"],"picked":"Shockwave"},{"not_picked":["Warcry","Clothesline"],"picked":"Flex"},{"not_picked":["Metallicize","Perfected Strike"],"picked":"Sword Boomerang"},{"not_picked":["Thunderclap","Anger"],"picked":"Infernal Blade"},{"not_picked":["Iron Wave","Burning Pact"],"picked":"Warcry"},{"not_picked":["Seeing Red","Armaments"],"picked":"Sword Boomerang"},{"not_picked":["Iron Wave","Berserk"],"picked":"Disarm"},{"not_picked":["Fiend Fire","Dark Embrace"],"picked":"Offering"},{"not_picked":["Intimidate","Body Slam"],"picked":"Headbutt"},{"not_picked":["Armaments","Hemokinesis"],"picked":"Whirlwind"},{"not_picked":["Clash","Corruption"],"picked":"Thunderclap"},{"not_picked":["Body Slam","Corruption"],"picked":"True Grit"},{"not_picked":["Clash","Uppercut"],"picked":"Pommel Strike"}],"player_experience":0,"potions_floor_usage":[12,16,16,25,25],"damage_taken":[{"damage":23,"enemies":"Blue Slaver","floor":1,"turns":6},{"damage":25,"enemies":"Jaw Worm","floor":2,"turns":4},{"damage":2,"enemies":"Small Slimes","floor":3,"turns":3},{"damage":12,"enemies":"Exordium Thugs","floor":4,"turns":4},{"damage":11,"enemies":"2 Fungi Beasts","floor":10,"turns":5},{"damage":27,"enemies":"3 Sentries","floor":11,"turns":10},{"damage":0,"enemies":"Exordium Wildlife","floor":12,"turns":2},{"damage":15,"enemies":"Gremlin Gang","floor":13,"turns":5},{"damage":19,"enemies":"3 Louse","floor":14,"turns":3},{"damage":69,"enemies":"The Guardian","floor":16,"turns":10},{"damage":27,"enemies":"Shell Parasite","floor":18,"turns":7},{"damage":9,"enemies":"3 Byrds","floor":19,"turns":5},{"damage":19,"enemies":"Snecko","floor":20,"turns":5},{"damage":38,"enemies":"3 Cultists","floor":22,"turns":5},{"damage":26,"enemies":"Snake Plant","floor":24,"turns":5},{"damage":58,"enemies":"Slaver and Parasite","floor":25,"turns":5}],"event_choices":[{"event_name":"Match and Keep!","player_choice":"2 cards matched","floor":8,"damage_taken":0},{"event_name":"Drug Dealer","player_choice":"Ignored","floor":21,"damage_taken":0}],"boss_relics":[{"not_picked":["Calling Bell","Tiny House"],"picked":"Velvet Choker"}],"potions_floor_spawned":[1,4,11,16,18,22],"seed_played":"-3319998945326729472","killed_by":"Slaver and Parasite","ascension_level":0,"is_trial":false}