{"gold_per_floor":[113,133,208,218,393,420,440,440,440,405,422,37,56,72,72,175,175,191,202,117,56,56],"floor_reached":22,"playtime":1273,"items_purged":[],"score":188,"play_id":"66515c3d-37b0-4801-8947-d338a8346c11","local_time":"20180915003235","is_ascension_mode":false,"campfire_choices":[{"floor":15,"key":"REST"}],"neow_cost":"","seed_source_timestamp":37910782604274,"circlet_count":0,"master_deck":["Strike_B","Strike_B","Strike_B","Strike_B","Defend_B","Defend_B","Defend_B","Defend_B","Zap","Dualcast","Hello World","Redo","Coolheaded","Darkness","All For One","Injury","Storm","Sweeping Beam","Loop","Storm","Rainbow","Go for the Eyes+1","Self Repair"],"relics":["Cracked Core","Girya","Darkstone Periapt","Lee\u0027s Waffle","Lantern","Nuclear Battery","Singing Bowl","Oddly Smooth Stone"],"potions_floor_usage":[6,16,16],"damage_taken":[{"damage":5,"enemies":"2 Louse","floor":1,"turns":3},{"damage":12,"enemies":"Small Slimes","floor":2,"turns":4},{"damage":1,"enemies":"Jaw Worm","floor":4,"turns":4},{"damage":20,"enemies":"Lagavulin","floor":6,"turns":7},{"damage":7,"enemies":"2 Fungi Beasts","floor":7,"turns":5},{"damage":11,"enemies":"3 Louse","floor":11,"turns":4},{"damage":16,"enemies":"Lots of Slimes","floor":13,"turns":4},{"damage":14,"enemies":"Gremlin Gang","floor":14,"turns":4},{"damage":19,"enemies":"Slime Boss","floor":16,"turns":10},{"damage":32,"enemies":"Shell Parasite","floor":18,"turns":9},{"damage":33,"enemies":"2 Thieves","floor":19,"turns":4},{"damage":19,"enemies":"3 Cultists","floor":22,"turns":4}],"seed_played":"4939186692485634897","potions_obtained":[{"floor":1,"key":"Swift Potion"},{"floor":2,"key":"Poison Potion"},{"floor":6,"key":"PowerPotion"}],"is_trial":false,"path_per_floor":["M","M","?","M","?","E","M","?","T","?","M","$","M","M","R","B",null,"M","M","?","?"],"character_chosen":"DEFECT","items_purchased":["Sweeping Beam","Lee\u0027s Waffle","Lantern"],"campfire_rested":1,"item_purchase_floors":[12,12,12],"current_hp_per_floor":[70,58,47,46,46,26,19,19,19,37,26,82,66,52,76,57,82,50,17,17,17,0],"gold":56,"neow_bonus":"","is_prod":false,"is_daily":false,"chose_seed":false,"campfire_upgraded":0,"win_rate":0.0,"timestamp":1536985955,"path_taken":["M","M","?","M","?","E","M","?","T","?","M","$","?","M","R","BOSS","M","M","?","?","M"],"build_version":"2018-09-06","purchased_purges":0,"victory":false,"max_hp_per_floor":[75,75,75,75,75,75,75,75,75,75,75,82,82,82,82,82,82,82,82,82,82,82],"card_choices":[{"not_picked":["FTL","Steam"],"picked":"Hello World","floor":1},{"not_picked":["Turbo","Barrage"],"picked":"Redo","floor":2},{"not_picked":["Hologram","Go for the Eyes"],"picked":"Coolheaded","floor":4},{"not_picked":["Rebound","Gash"],"picked":"Darkness","floor":6},{"not_picked":["Static Discharge","Beam Cell"],"picked":"All For One","floor":7},{"not_picked":["Hologram","Steam"],"picked":"Storm","floor":11},{"not_picked":["Rebound","Barrage"],"picked":"Loop","floor":13},{"not_picked":["Conserve Battery","Go for the Eyes"],"picked":"Storm","floor":14},{"not_picked":["Biased Cognition","Fission"],"picked":"Rainbow","floor":16},{"not_picked":["Conserve Battery","Steam"],"picked":"Go for the Eyes+1","floor":18},{"not_picked":["Ball Lightning","Stack"],"picked":"Self Repair","floor":19}],"player_experience":103432,"relics_obtained":[{"floor":6,"key":"Girya"},{"floor":9,"key":"Darkstone Periapt"}],"event_choices":[{"event_name":"World of Goop","player_choice":"Gather Gold","floor":3,"damage_taken":0},{"event_name":"Liars Game","player_choice":"agreed","floor":5,"damage_taken":0},{"event_name":"Transmorgrifier","player_choice":"Transform","floor":8,"damage_taken":0},{"event_name":"The Cleric","player_choice":"Healed","floor":10,"damage_taken":0},{"event_name":"Addict","player_choice":"Obtained Relic","floor":20,"damage_taken":0},{"event_name":"WeMeetAgain","player_choice":"Gold","floor":21,"damage_taken":0}],"is_beta":false,"boss_relics":[{"not_picked":["Coffee Dripper","Philosopher\u0027s Stone"],"picked":"Nuclear Battery"}],"items_purged_floors":[],"is_endless":false,"potions_floor_spawned":[1,2,6],"killed_by":"3 Cultists","ascension_level":0}