{"gold_per_floor":[118,135,210,222,241,272,272,328,328,338,338],"floor_reached":11,"playtime":399,"items_purged":[],"score":90,"play_id":"daa00269-5b45-49b6-9e4b-d1a8fdb4774f","local_time":"20181029215342","is_ascension_mode":true,"campfire_choices":[{"floor":7,"key":"REST"}],"neow_cost":"NONE","seed_source_timestamp":2600836474155553,"circlet_count":0,"master_deck":["Strike_B","Strike_B","Strike_B","Strike_B","Defend_B","Defend_B","Defend_B","Defend_B","Zap","Dualcast","Leap","Hello World","Redo","Cold Snap","Gash","Leap","Amplify"],"relics":["Cracked Core","Question Card","Bottled Tornado","Ornamental Fan"],"potions_floor_usage":[6],"damage_taken":[{"damage":3,"enemies":"2 Louse","floor":1,"turns":3},{"damage":1,"enemies":"Cultist","floor":2,"turns":4},{"damage":23,"enemies":"Jaw Worm","floor":4,"turns":4},{"damage":6,"enemies":"Looter","floor":5,"turns":3},{"damage":8,"enemies":"3 Sentries","floor":6,"turns":6},{"damage":43,"enemies":"Gremlin Nob","floor":8,"turns":5},{"damage":5,"enemies":"Exordium Thugs","floor":10,"turns":5},{"damage":8,"enemies":"Blue Slaver","floor":11,"turns":1}],"seed_played":"-6884379636145718434","potions_obtained":[{"floor":2,"key":"SteroidPotion"},{"floor":4,"key":"Ancient Potion"},{"floor":6,"key":"LiquidBronze"}],"is_trial":false,"path_per_floor":["M","M","?","M","M","E","R","?","T","M"],"character_chosen":"DEFECT","items_purchased":[],"campfire_rested":1,"item_purchase_floors":[],"current_hp_per_floor":[79,78,67,44,38,30,54,11,11,6,0],"gold":338,"neow_bonus":"TEN_PERCENT_HP_BONUS","is_prod":false,"is_daily":false,"chose_seed":false,"campfire_upgraded":0,"win_rate":0,"timestamp":1540864422,"path_taken":["M","M","?","?","M","E","R","?","T","M","?"],"build_version":"2018-10-25v2","purchased_purges":0,"victory":false,"max_hp_per_floor":[82,82,82,82,82,82,82,82,82,82,82],"card_choices":[{"not_picked":["Darkness","Steam Power"],"picked":"Leap","floor":1},{"not_picked":["Leap","Streamline"],"picked":"Hello World","floor":2},{"not_picked":["Sweeping Beam","Sunder"],"picked":"Redo","floor":4},{"not_picked":["Streamline","Sweeping Beam"],"picked":"Cold Snap","floor":5},{"not_picked":["Steam Power","Hologram"],"picked":"Gash","floor":6},{"not_picked":["Reinforced Body","Chill","Turbo"],"picked":"Leap","floor":8},{"not_picked":["Sweeping Beam","Darkness","Barrage"],"picked":"Amplify","floor":10}],"player_experience":202177,"relics_obtained":[{"floor":6,"key":"Question Card"},{"floor":8,"key":"Bottled Tornado"},{"floor":9,"key":"Ornamental Fan"}],"event_choices":[{"damage_healed":0,"gold_gain":75,"player_choice":"Gather Gold","damage_taken":11,"max_hp_gain":0,"max_hp_loss":0,"event_name":"World of Goop","floor":3,"gold_loss":0},{"damage_healed":0,"gold_gain":0,"player_choice":"Searched \u00271\u0027 times","damage_taken":0,"max_hp_gain":0,"max_hp_loss":0,"event_name":"Dead Adventurer","floor":8,"gold_loss":0}],"is_beta":false,"boss_relics":[],"items_purged_floors":[],"is_endless":false,"potions_floor_spawned":[2,4,6],"killed_by":"Blue Slaver","ascension_level":4}