{"gold_per_floor":[115,131,141,13,25,52,52,86,86,86,6,33,49,64,64,135,135,146,146,71,91,91,91,106,106,161,176,189,200,229,242,242,313,313,323,373,55,55,69,69,85,85,85,85,4,4,19,53,53,53,53],"floor_reached":52,"playtime":2752,"items_purged":["Strike_R"],"score":1823,"play_id":"fe9ff814-a886-4a4e-b306-68f8a72daacd","local_time":"20190131192441","is_ascension_mode":true,"campfire_choices":[{"data":"Immolate","floor":7,"key":"SMITH"},{"data":"Shockwave","floor":10,"key":"SMITH"},{"data":"Demon Form","floor":15,"key":"SMITH"},{"data":"Double Tap","floor":23,"key":"SMITH"},{"data":"Armaments","floor":25,"key":"SMITH"},{"data":"Burning Pact","floor":32,"key":"SMITH"},{"data":"Feel No Pain","floor":40,"key":"SMITH"},{"data":"Power Through","floor":42,"key":"SMITH"},{"data":"Sword Boomerang","floor":44,"key":"SMITH"},{"floor":49,"key":"REST"}],"neow_cost":"NONE","seed_source_timestamp":5016271108153,"circlet_count":0,"master_deck":["AscendersBane","Strike_R","Strike_R","Strike_R","Strike_R","Defend_R","Defend_R","Defend_R","Defend_R","Bash+1","Pommel Strike","Cleave","Immolate+1","Shockwave+1","Shrug It Off","Warcry","Spot Weakness","Double Tap+1","Anger","Shrug It Off","Demon Form+1","Sword Boomerang+1","Reaper","Power Through+1","Armaments+1","Burning Pact+1","Power Through+1","Reaper","Feel No Pain+1","Entrench","Feel No Pain+1","Corruption","Heavy Blade+1"],"relics":["Burning Blood","Letter Opener","Singing Bowl","Self Forming Clay","Meat on the Bone","Sozu","Bag of Preparation","Pantograph","Snecko Eye","Medical Kit","Mummified Hand","Anchor","The Courier"],"potions_floor_usage":[],"damage_taken":[{"damage":1,"enemies":"Cultist","floor":1,"turns":3},{"damage":2,"enemies":"2 Louse","floor":2,"turns":2},{"damage":4,"enemies":"Jaw Worm","floor":3,"turns":4},{"damage":0,"enemies":"Lots of Slimes","floor":5,"turns":1},{"damage":32,"enemies":"Gremlin Nob","floor":6,"turns":4},{"damage":10,"enemies":"3 Sentries","floor":8,"turns":2},{"damage":14,"enemies":"Lagavulin","floor":12,"turns":5},{"damage":12,"enemies":"Gremlin Gang","floor":13,"turns":3},{"damage":16,"enemies":"Looter","floor":14,"turns":3},{"damage":13,"enemies":"Hexaghost","floor":16,"turns":5},{"damage":24,"enemies":"Shell Parasite","floor":18,"turns":4},{"damage":16,"enemies":"2 Thieves","floor":21,"turns":3},{"damage":5,"enemies":"Sentry and Sphere","floor":24,"turns":4},{"damage":27,"enemies":"Snake Plant","floor":27,"turns":4},{"damage":2,"enemies":"Centurion and Healer","floor":28,"turns":5},{"damage":2,"enemies":"3 Cultists","floor":29,"turns":3},{"damage":1,"enemies":"Slavers","floor":30,"turns":2},{"damage":19,"enemies":"Shelled Parasite and Fungi","floor":31,"turns":4},{"damage":70,"enemies":"Champ","floor":33,"turns":8},{"damage":0,"enemies":"3 Shapes","floor":35,"turns":1},{"damage":0,"enemies":"Orb Walker","floor":39,"turns":4},{"damage":0,"enemies":"Sphere and 2 Shapes","floor":41,"turns":3},{"damage":14,"enemies":"Writhing Mass","floor":47,"turns":6},{"damage":48,"enemies":"Giant Head","floor":48,"turns":8},{"damage":22,"enemies":"Donu and Deca","floor":50,"turns":9},{"damage":54,"enemies":"Awakened One","floor":51,"turns":9}],"seed_played":"-4701998307508983415","potions_obtained":[{"floor":3,"key":"Strength Potion"},{"floor":5,"key":"LiquidBronze"}],"is_trial":false,"path_per_floor":["M","M","M","$","M","E","R","E","T","R","$","E","M","M","R","B",null,"M","?","$","M","$","R","M","R","T","M","M","M","E","M","R","B",null,"M","?","$","?","M","R","M","R","T","R","$","?","M","E","R","B","B",null],"character_chosen":"IRONCLAD","items_purchased":["Shockwave","Shrug It Off","Anger","Shrug It Off","Medical Kit","Feel No Pain","Corruption"],"campfire_rested":1,"item_purchase_floors":[4,4,11,11,37,37,45],"current_hp_per_floor":[73,75,75,75,75,49,49,45,45,45,45,39,45,47,47,52,71,53,53,53,55,55,55,62,62,62,55,77,83,87,74,74,52,78,86,78,78,78,89,89,91,91,91,91,91,91,93,60,87,93,64],"gold":53,"neow_bonus":"UPGRADE_CARD","is_prod":false,"is_daily":false,"chose_seed":false,"campfire_upgraded":9,"win_rate":0,"timestamp":1548973481,"path_taken":["M","M","M","?","M","E","R","E","T","R","$","E","M","M","R","BOSS","M","?","$","M","?","R","M","R","T","M","?","?","E","M","R","BOSS","M","?","?","?","?","R","M","R","T","R","?","?","M","E","R","BOSS","BOSS"],"build_version":"2019-01-23","purchased_purges":1,"victory":true,"max_hp_per_floor":[75,75,75,75,75,75,75,75,75,75,75,77,77,77,77,77,77,77,77,77,77,77,77,79,79,79,81,83,85,87,87,87,87,87,89,89,89,89,89,89,91,91,91,91,91,91,93,93,93,93,93],"card_choices":[{"not_picked":["Shrug It Off","Perfected Strike"],"picked":"Pommel Strike","floor":1},{"not_picked":["Body Slam","Havoc"],"picked":"Cleave","floor":2},{"not_picked":["Shrug It Off","Pommel Strike"],"picked":"Immolate","floor":3},{"not_picked":["Uppercut","Havoc"],"picked":"Warcry","floor":5},{"not_picked":["Wild Strike","Shrug It Off"],"picked":"Spot Weakness","floor":6},{"not_picked":["Perfected Strike","True Grit"],"picked":"Double Tap","floor":8},{"not_picked":["Heavy Blade","Body Slam","Seeing Red"],"picked":"Singing Bowl","floor":12},{"not_picked":["Iron Wave","Dropkick"],"picked":"Demon Form","floor":13},{"not_picked":["Sever Soul","Wild Strike"],"picked":"Sword Boomerang","floor":14},{"not_picked":["Feed","Impervious"],"picked":"Reaper","floor":16},{"not_picked":["Dual Wield","Flex"],"picked":"Power Through","floor":18},{"not_picked":["Clash","Heavy Blade"],"picked":"Burning Pact","floor":21},{"not_picked":["Burning Pact","Sword Boomerang","True Grit"],"picked":"Singing Bowl","floor":24},{"not_picked":["Heavy Blade","Second Wind","Clothesline"],"picked":"Singing Bowl","floor":27},{"not_picked":["Shrug It Off","Sword Boomerang","Armaments+1"],"picked":"Singing Bowl","floor":28},{"not_picked":["Sever Soul","Armaments","Headbutt"],"picked":"Singing Bowl","floor":29},{"not_picked":["Armaments","Fire Breathing+1","Immolate"],"picked":"Singing Bowl","floor":30},{"not_picked":["Thunderclap+1","Twin Strike"],"picked":"Power Through+1","floor":31},{"not_picked":["Demon Form","Exhume"],"picked":"Reaper","floor":33},{"not_picked":["Infernal Blade","Armaments+1","Searing Blow"],"picked":"Singing Bowl","floor":35},{"not_picked":["Havoc","Disarm"],"picked":"Feel No Pain+1","floor":39},{"not_picked":["Iron Wave","Anger","Warcry"],"picked":"Singing Bowl","floor":41},{"not_picked":["Flex","Wild Strike","Clash+1"],"picked":"Singing Bowl","floor":47},{"not_picked":["Fiend Fire","Armaments"],"picked":"Heavy Blade+1","floor":48}],"player_experience":800443,"relics_obtained":[{"floor":6,"key":"Letter Opener"},{"floor":8,"key":"Singing Bowl"},{"floor":9,"key":"Self Forming Clay"},{"floor":12,"key":"Meat on the Bone"},{"floor":26,"key":"Bag of Preparation"},{"floor":30,"key":"Pantograph"},{"floor":43,"key":"Mummified Hand"},{"floor":48,"key":"The Courier"}],"event_choices":[{"damage_healed":0,"gold_gain":0,"player_choice":"Read","damage_taken":0,"max_hp_gain":0,"max_hp_loss":0,"event_name":"The Library","floor":19,"gold_loss":0,"cards_obtained":["Armaments"]},{"damage_healed":0,"gold_gain":50,"player_choice":"Touch","damage_taken":8,"max_hp_gain":0,"max_hp_loss":0,"event_name":"FaceTrader","floor":36,"gold_loss":0},{"damage_healed":0,"gold_gain":0,"player_choice":"1 cards matched","damage_taken":0,"max_hp_gain":0,"max_hp_loss":0,"event_name":"Match and Keep!","floor":38,"gold_loss":0,"cards_obtained":["Entrench"]},{"damage_healed":0,"gold_gain":0,"player_choice":"Gave Potion","damage_taken":0,"relics_obtained":["Anchor"],"max_hp_gain":0,"max_hp_loss":0,"event_name":"WeMeetAgain","floor":46,"gold_loss":0}],"is_beta":false,"boss_relics":[{"not_picked":["White Beast Statue","Black Blood"],"picked":"Sozu"},{"not_picked":["Tiny House","Coffee Dripper"],"picked":"Snecko Eye"}],"items_purged_floors":[20],"is_endless":false,"potions_floor_spawned":[3,5,6,8,16,18,24,29,30,33,41,48],"ascension_level":20}