{"gold_per_floor":[114,114,131,145,110,110,127,127,127,159,159,172,188,219,219,319,319,331,331,345,420,198,223,237,256,280,280,297,297,315,329,329,428,428,446,446,265,265,213,225,269,299,381,393,422,394,406,418],"floor_reached":48,"playtime":2326,"items_purged":["Strike_B","Defend_B"],"score":801,"play_id":"7272ddd0-da31-4d9c-bdde-19083c2e080f","local_time":"20181122194433","is_ascension_mode":true,"campfire_choices":[{"data":"Defragment","floor":6,"key":"SMITH"},{"data":"Zap","floor":11,"key":"SMITH"},{"data":"Barrage","floor":15,"key":"SMITH"},{"data":"White Noise","floor":27,"key":"SMITH"},{"data":"White Noise","floor":29,"key":"SMITH"},{"floor":32,"key":"REST"},{"data":"Defragment","floor":40,"key":"SMITH"},{"data":"Loop","floor":44,"key":"SMITH"},{"data":"Seek","floor":47,"key":"SMITH"}],"neow_cost":"NONE","seed_source_timestamp":5661463299091,"circlet_count":0,"master_deck":["AscendersBane","Strike_B","Strike_B","Defend_B","Defend_B+1","Defend_B","Zap+1","Dualcast+1","Seek+1","Defragment+1","Glacier+1","Cold Snap","Glacier","Leap","Sweeping Beam","Barrage+1","Electrodynamics","BootSequence","Coolheaded","White Noise+1","White Noise+1","Loop+1","Defragment+1","Machine Learning","Loop+1","Skim+1"],"relics":["Cracked Core","Shuriken","Gremlin Horn","Kunai","Blood Vial","Sozu","DataDisk","Ancient Tea Set","Strawberry","Busted Crown","MawBank","Bottled Tornado","Singing Bowl"],"potions_floor_usage":[10,14,14,23],"damage_taken":[{"damage":6,"enemies":"2 Louse","floor":1,"turns":2},{"damage":2,"enemies":"Jaw Worm","floor":3,"turns":4},{"damage":8,"enemies":"Small Slimes","floor":4,"turns":3},{"damage":29,"enemies":"Gremlin Gang","floor":7,"turns":5},{"damage":9,"enemies":"3 Sentries","floor":10,"turns":7},{"damage":2,"enemies":"Looter","floor":12,"turns":3},{"damage":0,"enemies":"Blue Slaver","floor":13,"turns":4},{"damage":7,"enemies":"Lagavulin","floor":14,"turns":8},{"damage":10,"enemies":"Slime Boss","floor":16,"turns":15},{"damage":13,"enemies":"2 Thieves","floor":18,"turns":2},{"damage":1,"enemies":"Shell Parasite","floor":20,"turns":5},{"damage":0,"enemies":"Gremlin Leader","floor":23,"turns":5},{"damage":0,"enemies":"Snake Plant","floor":24,"turns":4},{"damage":3,"enemies":"3 Cultists","floor":25,"turns":3},{"damage":9,"enemies":"Cultist and Chosen","floor":28,"turns":5},{"damage":1,"enemies":"Snecko","floor":30,"turns":4},{"damage":30,"enemies":"Snake Plant","floor":31,"turns":5},{"damage":8,"enemies":"Automaton","floor":33,"turns":12},{"damage":12,"enemies":"3 Darklings","floor":35,"turns":4},{"damage":3,"enemies":"Giant Head","floor":41,"turns":13},{"damage":10,"enemies":"3 Shapes","floor":42,"turns":3},{"damage":29,"enemies":"Transient","floor":45,"turns":5},{"damage":33,"enemies":"Jaw Worm Horde","floor":48,"turns":1}],"seed_played":"-1439257689683903550","potions_obtained":[{"floor":7,"key":"Explosive Potion"},{"floor":10,"key":"SpeedPotion"},{"floor":12,"key":"Regen Potion"},{"floor":13,"key":"Strength Potion"},{"floor":16,"key":"PowerPotion"}],"is_trial":false,"path_per_floor":["M","?","M","M","?","R","M","?","T","E","R","M","M","E","R","B",null,"M","?","M","?","$","E","M","M","T","R","M","R","M","M","R","B",null,"M","?","$","?","?","R","E","M","T","R","M","?","R","M"],"character_chosen":"DEFECT","items_purchased":["DataDisk","Loop"],"campfire_rested":1,"item_purchase_floors":[22,37],"current_hp_per_floor":[62,59,57,49,67,67,38,38,38,29,29,27,27,35,35,27,63,52,52,53,46,46,48,50,49,56,56,49,49,50,22,46,40,72,62,62,62,62,62,62,61,53,53,53,28,28,28,0],"gold":418,"neow_bonus":"ONE_RANDOM_RARE_CARD","is_prod":false,"is_daily":false,"chose_seed":false,"campfire_upgraded":8,"win_rate":0,"timestamp":1542926673,"path_taken":["M","?","M","M","?","R","M","?","T","E","R","?","M","E","R","BOSS","M","?","?","?","$","E","M","M","T","R","M","R","?","M","R","BOSS","M","?","$","?","?","R","E","?","T","R","M","?","R","M"],"build_version":"2018-11-15","purchased_purges":2,"victory":false,"max_hp_per_floor":[75,75,75,75,75,75,75,75,75,75,75,75,75,75,75,75,75,75,75,75,75,75,75,75,75,82,82,82,82,82,82,82,82,82,82,82,82,82,82,82,82,82,82,82,84,84,84,84],"card_choices":[{"not_picked":["Redo","Barrage","Storm"],"picked":"SKIP","floor":1},{"not_picked":["Storm","Leap"],"picked":"Defragment","floor":3},{"not_picked":["Sunder","Steam Power"],"picked":"Glacier","floor":4},{"not_picked":["Reinforced Body","Skim"],"picked":"Cold Snap","floor":7},{"not_picked":["Biased Cognition","Coolheaded"],"picked":"Glacier","floor":10},{"not_picked":["Coolheaded","Steam"],"picked":"Leap","floor":12},{"not_picked":["FTL","Turbo"],"picked":"Sweeping Beam","floor":13},{"not_picked":["Rebound","Machine Learning"],"picked":"Barrage","floor":14},{"not_picked":["Multi-Cast","Biased Cognition"],"picked":"Electrodynamics","floor":16},{"not_picked":["Steam+1","Sunder"],"picked":"BootSequence","floor":18},{"not_picked":["Turbo","Cold Snap"],"picked":"Coolheaded","floor":20},{"not_picked":["Skim","Consume"],"picked":"White Noise","floor":23},{"not_picked":["Beam Cell","Go for the Eyes","Darkness"],"picked":"SKIP","floor":24},{"not_picked":["Barrage+1","Turbo"],"picked":"White Noise","floor":25},{"not_picked":["Barrage","FTL"],"picked":"Loop+1","floor":28},{"not_picked":["Stack","Compile Driver","BootSequence"],"picked":"SKIP","floor":30},{"not_picked":["Undo","Ball Lightning+1"],"picked":"Defragment","floor":31},{"not_picked":["Meteor Strike","Electrodynamics"],"picked":"Machine Learning","floor":33},{"not_picked":["Conserve Battery"],"picked":"SKIP","floor":35},{"not_picked":[],"picked":"Skim+1","floor":41},{"not_picked":["Steam Power"],"picked":"SKIP","floor":42},{"not_picked":["Heatsinks"],"picked":"Singing Bowl","floor":45}],"player_experience":392397,"relics_obtained":[{"floor":9,"key":"Gremlin Horn"},{"floor":10,"key":"Kunai"},{"floor":14,"key":"Blood Vial"},{"floor":23,"key":"Ancient Tea Set"},{"floor":26,"key":"Strawberry"},{"floor":41,"key":"Bottled Tornado"},{"floor":43,"key":"Singing Bowl"}],"event_choices":[{"damage_healed":0,"gold_gain":0,"player_choice":"Success","damage_taken":3,"relics_obtained":["Shuriken"],"max_hp_gain":0,"max_hp_loss":0,"event_name":"Scrap Ooze","floor":2,"gold_loss":0},{"damage_healed":18,"gold_gain":0,"player_choice":"Healed","damage_taken":0,"max_hp_gain":0,"max_hp_loss":0,"event_name":"The Cleric","floor":5,"gold_loss":35},{"cards_removed":["Strike_B"],"damage_healed":0,"gold_gain":0,"player_choice":"Purged","damage_taken":0,"max_hp_gain":0,"max_hp_loss":0,"event_name":"Purifier","floor":8,"gold_loss":0},{"damage_healed":0,"gold_gain":0,"player_choice":"Upgraded","damage_taken":0,"max_hp_gain":0,"max_hp_loss":0,"event_name":"Upgrade Shrine","floor":19,"gold_loss":0,"cards_upgraded":["Dualcast"]},{"damage_healed":0,"gold_gain":75,"player_choice":"Touch","damage_taken":7,"max_hp_gain":0,"max_hp_loss":0,"event_name":"FaceTrader","floor":21,"gold_loss":0},{"damage_healed":0,"gold_gain":0,"player_choice":"Ignored","damage_taken":0,"max_hp_gain":0,"max_hp_loss":0,"event_name":"Tomb of Lord Red Mask","floor":36,"gold_loss":0},{"damage_healed":0,"gold_gain":0,"player_choice":"Ignored","damage_taken":0,"max_hp_gain":0,"max_hp_loss":0,"event_name":"Mysterious Sphere","floor":38,"gold_loss":0},{"damage_healed":0,"gold_gain":0,"player_choice":"Paid Gold","damage_taken":0,"relics_obtained":["MawBank"],"max_hp_gain":0,"max_hp_loss":0,"event_name":"WeMeetAgain","floor":39,"gold_loss":52},{"damage_healed":0,"gold_gain":0,"player_choice":"Upgraded Two","damage_taken":0,"max_hp_gain":0,"max_hp_loss":0,"event_name":"Designer","floor":46,"gold_loss":40,"cards_upgraded":["Glacier","Defend_B"]}],"is_beta":false,"boss_relics":[{"not_picked":["Philosopher\u0027s Stone","Black Star"],"picked":"Sozu"},{"not_picked":["Coffee Dripper","Runic Pyramid"],"picked":"Busted Crown"}],"items_purged_floors":[22,37],"is_endless":false,"potions_floor_spawned":[7,10,12,13,16,20,23,24,30,35],"killed_by":"Jaw Worm Horde","ascension_level":11}