{"gold_per_floor":[114,127,140,155,173,173,184,197,222,238,257,257,286,2,2,81,81,95,95,60,10,10],"floor_reached":22,"playtime":1509,"items_purged":["Strike_G"],"score":484,"play_id":"d271fba2-1aa3-472a-989b-839176d3e1f5","local_time":"20190102222746","is_ascension_mode":true,"campfire_choices":[{"floor":6,"key":"REST"},{"data":"Skewer","floor":12,"key":"SMITH"},{"floor":15,"key":"REST"}],"neow_cost":"TEN_PERCENT_HP_LOSS","seed_source_timestamp":24887124295022,"circlet_count":0,"master_deck":["AscendersBane","Defend_G","Defend_G","Defend_G","Defend_G","Defend_G","Strike_G","Strike_G+1","Strike_G+1","Strike_G","Survivor","Neutralize","Terror","Well Laid Plans","Skewer+1","Escape Plan","Footwork","Backflip","Dagger Throw","Deflect","Envenom","PiercingWail","Bane","Backflip"],"relics":["Ring of the Snake","StoneCalendar","Ancient Tea Set","Whetstone","Bronze Scales","Eternal Feather"],"potions_floor_usage":[5,13,16,22],"damage_taken":[{"damage":3,"enemies":"Cultist","floor":1,"turns":5},{"damage":8,"enemies":"2 Louse","floor":2,"turns":3},{"damage":4,"enemies":"Small Slimes","floor":3,"turns":4},{"damage":2,"enemies":"3 Louse","floor":4,"turns":4},{"damage":27,"enemies":"Exordium Wildlife","floor":5,"turns":6},{"damage":6,"enemies":"Blue Slaver","floor":7,"turns":5},{"damage":1,"enemies":"3 Louse","floor":8,"turns":6},{"damage":1,"enemies":"2 Fungi Beasts","floor":10,"turns":4},{"damage":1,"enemies":"Looter","floor":11,"turns":3},{"damage":12,"enemies":"3 Sentries","floor":13,"turns":7},{"damage":0,"enemies":"Hexaghost","floor":16,"turns":7},{"damage":26,"enemies":"Spheric Guardian","floor":18,"turns":8},{"damage":26,"enemies":"2 Thieves","floor":20,"turns":5},{"damage":11,"enemies":"Snecko","floor":22,"turns":2}],"seed_played":"6173912412751993219","potions_obtained":[{"floor":3,"key":"Explosive Potion"},{"floor":4,"key":"AttackPotion"},{"floor":7,"key":"PowerPotion"},{"floor":11,"key":"Strength Potion"},{"floor":16,"key":"Swift Potion"}],"is_trial":false,"path_per_floor":["M","M","M","M","M","R","M","M","T","M","M","R","E","$","R","B",null,"M","?","M","$","M"],"character_chosen":"THE_SILENT","items_purchased":["Deflect","Bronze Scales","Backflip"],"campfire_rested":2,"item_purchase_floors":[14,14,21],"current_hp_per_floor":[56,48,44,42,15,33,27,26,26,25,24,24,12,12,30,30,53,27,32,6,6,0],"gold":10,"neow_bonus":"ONE_RARE_RELIC","is_prod":false,"is_daily":false,"chose_seed":false,"campfire_upgraded":1,"win_rate":0,"timestamp":1546478866,"path_taken":["M","M","M","M","M","R","?","M","T","M","M","R","E","$","R","BOSS","M","?","M","?","M"],"build_version":"2018-12-20","purchased_purges":1,"victory":false,"max_hp_per_floor":[60,60,60,60,60,60,60,60,60,60,60,60,60,60,60,60,60,60,60,60,60,60],"card_choices":[{"not_picked":["Backflip","Bane"],"picked":"Terror","floor":1},{"not_picked":["Accuracy","Outmaneuver"],"picked":"Well Laid Plans","floor":2},{"not_picked":["Accuracy","Masterful Stab"],"picked":"Skewer","floor":3},{"not_picked":["Riddle With Holes","Backflip"],"picked":"Escape Plan","floor":4},{"not_picked":["Dodge and Roll","Quick Slash"],"picked":"Footwork","floor":5},{"not_picked":["Expertise","Endless Agony"],"picked":"Deadly Poison","floor":7},{"not_picked":["Acrobatics","Blade Dance","Slice"],"picked":"SKIP","floor":8},{"not_picked":["Choke","Dagger Throw"],"picked":"Backflip","floor":10},{"not_picked":["Choke","Prepared"],"picked":"Dagger Throw","floor":11},{"not_picked":["Endless Agony","Dagger Spray","Blade Dance"],"picked":"SKIP","floor":13},{"not_picked":["Corpse Explosion","Grand Finale"],"picked":"Envenom","floor":16},{"not_picked":["Heel Hook","Reflex"],"picked":"PiercingWail","floor":18},{"not_picked":["Quick Slash","Deflect"],"picked":"Bane","floor":20}],"player_experience":671236,"relics_obtained":[{"floor":9,"key":"Ancient Tea Set"},{"floor":13,"key":"Whetstone"}],"event_choices":[{"cards_removed":["Deadly Poison"],"damage_healed":5,"gold_gain":0,"player_choice":"Offered Common","damage_taken":0,"max_hp_gain":0,"max_hp_loss":0,"event_name":"Bonfire Elementals","floor":19,"gold_loss":0},{"cards_removed":["Deadly Poison"],"damage_healed":5,"gold_gain":0,"player_choice":"Offered Special","damage_taken":0,"max_hp_gain":0,"max_hp_loss":0,"event_name":"Bonfire Elementals","floor":19,"gold_loss":0}],"is_beta":false,"boss_relics":[{"not_picked":["HoveringKite","Fusion Hammer"],"picked":"Eternal Feather"}],"items_purged_floors":[14],"is_endless":false,"potions_floor_spawned":[3,4,7,10,11,16],"killed_by":"Snecko","ascension_level":20}