{"gold_per_floor":[216,233,245,32,48,82,112,112,112,112,145,164,164],"floor_reached":13,"playtime":530,"items_purged":[],"score":152,"play_id":"a531e77b-cd10-4a32-bd65-f43fed658820","local_time":"20190410145849","is_ascension_mode":true,"campfire_choices":[{"floor":8,"key":"REST"},{"data":"Neutralize","floor":10,"key":"SMITH"}],"neow_cost":"NONE","seed_source_timestamp":15609162011656,"circlet_count":0,"master_deck":["AscendersBane","Defend_G","Defend_G","Defend_G","Defend_G","Defend_G","Strike_G","Strike_G","Strike_G","Strike_G","Strike_G","Survivor","Neutralize+1","Underhanded Strike","Masterful Stab","Dash","Crippling Poison","Dagger Spray","PiercingWail","Footwork","Infinite Blades"],"relics":["Ring of the Snake","Lantern","Oddly Smooth Stone","Strawberry","The Courier"],"potions_floor_usage":[12,13,13],"damage_taken":[{"damage":4,"enemies":"Small Slimes","floor":1,"turns":4},{"damage":0,"enemies":"Jaw Worm","floor":2,"turns":5},{"damage":0,"enemies":"Cultist","floor":3,"turns":3},{"damage":11,"enemies":"Looter","floor":5,"turns":2},{"damage":14,"enemies":"Gremlin Nob","floor":6,"turns":5},{"damage":51,"enemies":"Lagavulin","floor":11,"turns":9},{"damage":0,"enemies":"Exordium Wildlife","floor":12,"turns":3},{"damage":15,"enemies":"3 Sentries","floor":13,"turns":4}],"seed_played":"-8442248688685790968","potions_obtained":[{"floor":1,"key":"Explosive Potion"},{"floor":6,"key":"SpeedPotion"},{"floor":11,"key":"PowerPotion"},{"floor":12,"key":"Dexterity Potion"}],"is_trial":false,"path_per_floor":["M","M","M","$","M","E","?","R","T","R","E","M","E"],"character_chosen":"THE_SILENT","items_purchased":["Crippling Poison","Lantern"],"campfire_rested":1,"item_purchase_floors":[4,4],"current_hp_per_floor":[59,59,59,59,48,34,34,55,62,62,11,11,0],"gold":164,"neow_bonus":"HUNDRED_GOLD","is_prod":false,"is_daily":false,"chose_seed":false,"campfire_upgraded":1,"win_rate":0,"timestamp":1554922729,"path_taken":["M","M","M","$","M","E","?","R","T","R","E","M","E"],"build_version":"2019-01-23","purchased_purges":0,"victory":false,"max_hp_per_floor":[70,70,70,70,70,70,70,70,77,77,77,77,77],"card_choices":[{"not_picked":["Deflect","Prepared"],"picked":"Underhanded Strike","floor":1},{"not_picked":["Blur","Blade Dance"],"picked":"Masterful Stab","floor":2},{"not_picked":["Infinite Blades","Prepared"],"picked":"Dash","floor":3},{"not_picked":["Deflect","Well Laid Plans"],"picked":"Dagger Spray","floor":5},{"not_picked":["Acrobatics","Sucker Punch"],"picked":"PiercingWail","floor":6},{"not_picked":["Acrobatics","Reflex"],"picked":"Footwork","floor":11},{"not_picked":["Underhanded Strike","Dodge and Roll"],"picked":"Infinite Blades","floor":12}],"player_experience":455475,"relics_obtained":[{"floor":6,"key":"Oddly Smooth Stone"},{"floor":9,"key":"Strawberry"},{"floor":11,"key":"The Courier"}],"event_choices":[{"damage_healed":0,"gold_gain":30,"player_choice":"Searched \u00271\u0027 times","damage_taken":0,"max_hp_gain":0,"max_hp_loss":0,"event_name":"Dead Adventurer","floor":7,"gold_loss":0}],"is_beta":false,"boss_relics":[],"items_purged_floors":[],"is_endless":false,"potions_floor_spawned":[1,6,11,12],"killed_by":"3 Sentries","ascension_level":12}