{"gold_per_floor":[115,115,135,145,145,173,173,173,221,235,245,263,273,299,299,299],"floor_reached":16,"playtime":1391,"items_purged":[],"score":114,"play_id":"4c63566c-623f-45a3-bfe6-c1c0bb16af28","local_time":"20181210225432","is_ascension_mode":false,"campfire_choices":[{"data":"Double Tap","floor":7,"key":"SMITH"},{"data":"Armaments","floor":15,"key":"SMITH"}],"neow_cost":"NONE","seed_source_timestamp":265828599817014,"circlet_count":0,"master_deck":["Strike_R","Strike_R","Strike_R","Strike_R","Strike_R","Defend_R","Defend_R","Defend_R","Defend_R","Bash","Thunderclap","Carnage","Double Tap+1","Shrug It Off","Armaments+1","Cleave","Regret","Pommel Strike","Shrug It Off","Shrug It Off","Carnage","Clash"],"relics":["Burning Blood","Oddly Smooth Stone","Bag of Preparation","Lantern","Ornamental Fan"],"potions_floor_usage":[6,6,16,16],"damage_taken":[{"damage":2,"enemies":"Small Slimes","floor":1,"turns":4},{"damage":0,"enemies":"Cultist","floor":3,"turns":3},{"damage":7,"enemies":"2 Louse","floor":4,"turns":3},{"damage":27,"enemies":"3 Sentries","floor":6,"turns":9},{"damage":4,"enemies":"2 Fungi Beasts","floor":10,"turns":2},{"damage":19,"enemies":"Exordium Thugs","floor":11,"turns":4},{"damage":1,"enemies":"3 Louse","floor":12,"turns":3},{"damage":6,"enemies":"Exordium Wildlife","floor":13,"turns":2},{"damage":10,"enemies":"Gremlin Nob","floor":14,"turns":3},{"damage":57,"enemies":"The Guardian","floor":16,"turns":14}],"seed_played":"2709896307628063105","potions_obtained":[{"floor":1,"key":"Ancient Potion"},{"floor":3,"key":"Block Potion"},{"floor":4,"key":"Fire Potion"},{"floor":11,"key":"BloodPotion"},{"floor":13,"key":"EssenceOfSteel"}],"is_trial":false,"path_per_floor":["M","?","M","M","?","E","R","?","T","M","M","M","M","E","R","B"],"character_chosen":"IRONCLAD","items_purchased":[],"campfire_rested":0,"item_purchase_floors":[],"current_hp_per_floor":[80,80,80,79,79,58,58,58,58,60,47,52,52,48,48,0],"gold":299,"neow_bonus":"THREE_CARDS","is_prod":false,"is_daily":false,"chose_seed":false,"campfire_upgraded":2,"win_rate":0.0,"timestamp":1544511272,"path_taken":["M","?","M","?","?","E","R","?","T","M","M","M","M","E","R","BOSS"],"build_version":"2018-12-06","purchased_purges":0,"victory":false,"max_hp_per_floor":[80,80,80,80,80,80,80,80,80,80,80,80,80,80,80,80],"card_choices":[{"not_picked":["Sword Boomerang","Ghostly Armor"],"picked":"Thunderclap","floor":0},{"not_picked":["Heavy Blade","Twin Strike"],"picked":"Carnage","floor":1},{"not_picked":["Second Wind","Ghostly Armor"],"picked":"Armaments","floor":3},{"not_picked":["Perfected Strike","Blood for Blood"],"picked":"Cleave","floor":4},{"not_picked":["Bloodletting","Pummel"],"picked":"Pommel Strike","floor":6},{"not_picked":["Heavy Blade","Iron Wave"],"picked":"Shrug It Off","floor":10},{"not_picked":["Twin Strike","Sword Boomerang"],"picked":"Shrug It Off","floor":11},{"not_picked":["Pommel Strike","Dark Embrace","Thunderclap"],"picked":"SKIP","floor":12},{"not_picked":["Second Wind","Reckless Charge"],"picked":"Carnage","floor":13},{"not_picked":["Cleave","Sword Boomerang"],"picked":"Clash","floor":14}],"player_experience":20798,"relics_obtained":[{"floor":6,"key":"Bag of Preparation"},{"floor":9,"key":"Lantern"},{"floor":14,"key":"Ornamental Fan"}],"event_choices":[{"damage_healed":0,"gold_gain":0,"player_choice":"2 cards matched","damage_taken":0,"max_hp_gain":0,"max_hp_loss":0,"event_name":"Match and Keep!","floor":2,"gold_loss":0,"cards_obtained":["Double Tap","Shrug It Off"]},{"damage_healed":0,"gold_gain":0,"player_choice":"Box","damage_taken":0,"relics_obtained":["Oddly Smooth Stone"],"max_hp_gain":0,"max_hp_loss":0,"event_name":"Big Fish","floor":5,"gold_loss":0,"cards_obtained":["Regret"]},{"damage_healed":0,"gold_gain":0,"player_choice":"Ignored","damage_taken":0,"max_hp_gain":0,"max_hp_loss":0,"event_name":"Shining Light","floor":8,"gold_loss":0}],"is_beta":false,"boss_relics":[],"items_purged_floors":[],"is_endless":false,"potions_floor_spawned":[1,3,4,11,13],"killed_by":"The Guardian","ascension_level":0}