{"gold_per_floor":[115,131,48,73,89,89,117,117,117,117,150,150,167,242,242,347,347,359,260,280,280,298,332,332,332,332,343,377,403,413,446,446,550,550,567,667,667,681,697,697,256,256,256,256,37,50,75,75,75,75,75,75,25,53,53],"floor_reached":55,"playtime":3552,"items_purged":["Parasite","Wild Strike"],"score":1029,"play_id":"cc2f9e1f-c31f-4292-ad5d-9306e09bb346","local_time":"20181225234532","is_ascension_mode":true,"campfire_choices":[{"data":"Armaments","floor":6,"key":"SMITH"},{"data":"Body Slam","floor":10,"key":"SMITH"},{"data":"Immolate","floor":12,"key":"SMITH"},{"data":"Body Slam","floor":15,"key":"SMITH"},{"data":"Shrug It Off","floor":24,"key":"SMITH"},{"data":"Barricade","floor":32,"key":"SMITH"},{"data":"1","floor":40,"key":"LIFT"},{"data":"Disarm","floor":42,"key":"SMITH"},{"floor":49,"key":"RECALL"},{"data":"Body Slam","floor":52,"key":"SMITH"}],"neow_cost":"PERCENT_DAMAGE","seed_source_timestamp":296651185687380,"circlet_count":0,"master_deck":["Strike_R","Strike_R","Strike_R+1","Defend_R","Bash","Shrug It Off+1","Armaments+1","Pommel Strike","Disarm+1","Jack Of All Trades","Body Slam+1","Immolate+1","Body Slam+1","Feed+1","Disarm+1","Iron Wave","Body Slam+1","Entrench+1","Entrench+1","Pummel","Barricade+1","Disarm+1","True Grit+1","Double Tap+1","Warcry+1","Shrug It Off+1","Seeing Red+1","Master of Strategy+1","Writhe","Madness+1","Madness+1","Battle Trance+1","Disarm+1","Shrug It Off+1","Power Through+1"],"relics":["Burning Blood","Happy Flower","Matryoshka","Orichalcum","Toxic Egg 2","Smiling Mask","Cursed Key","Nunchaku","Omamori","Pen Nib","Bag of Preparation","Red Mask","Ornamental Fan","Mercury Hourglass","Black Star","Girya","Bottled Tornado","Anchor","Ancient Tea Set","Pocketwatch","Whetstone","Shuriken"],"potions_floor_usage":[11,22,31,33,36,38,46,54,54,54],"damage_taken":[{"damage":0,"enemies":"Cultist","floor":1,"turns":3},{"damage":0,"enemies":"Small Slimes","floor":2,"turns":4},{"damage":0,"enemies":"2 Louse","floor":5,"turns":3},{"damage":35,"enemies":"3 Sentries","floor":7,"turns":8},{"damage":18,"enemies":"Lagavulin","floor":11,"turns":5},{"damage":6,"enemies":"Blue Slaver","floor":13,"turns":3},{"damage":22,"enemies":"Hexaghost","floor":16,"turns":11},{"damage":1,"enemies":"Chosen","floor":18,"turns":4},{"damage":14,"enemies":"Shell Parasite","floor":20,"turns":5},{"damage":19,"enemies":"Snake Plant","floor":22,"turns":3},{"damage":26,"enemies":"Slavers","floor":23,"turns":4},{"damage":2,"enemies":"Chosen and Byrds","floor":27,"turns":5},{"damage":0,"enemies":"Masked Bandits","floor":28,"turns":2},{"damage":0,"enemies":"Gremlin Leader","floor":29,"turns":6},{"damage":0,"enemies":"Cultist and Chosen","floor":30,"turns":4},{"damage":8,"enemies":"Book of Stabbing","floor":31,"turns":6},{"damage":18,"enemies":"Collector","floor":33,"turns":10},{"damage":7,"enemies":"Orb Walker","floor":35,"turns":3},{"damage":0,"enemies":"Mind Bloom Boss Battle","floor":36,"turns":6},{"damage":8,"enemies":"3 Darklings","floor":38,"turns":4},{"damage":0,"enemies":"Spire Growth","floor":39,"turns":4},{"damage":0,"enemies":"Jaw Worm Horde","floor":46,"turns":4},{"damage":0,"enemies":"Giant Head","floor":47,"turns":5},{"damage":13,"enemies":"Time Eater","floor":50,"turns":12},{"damage":54,"enemies":"Shield and Spear","floor":54,"turns":8},{"damage":48,"enemies":"The Heart","floor":55,"turns":6}],"seed_played":"-5495217971637762474","potions_obtained":[{"floor":5,"key":"Block Potion"},{"floor":7,"key":"SmokeBomb"},{"floor":11,"key":"SteroidPotion"},{"floor":18,"key":"Weak Potion"},{"floor":22,"key":"SkillPotion"},{"floor":27,"key":"GamblersBrew"},{"floor":33,"key":"Block Potion"},{"floor":36,"key":"Poison Potion"},{"floor":38,"key":"Explosive Potion"},{"floor":39,"key":"Explosive Potion"},{"floor":46,"key":"BloodPotion"}],"is_trial":false,"path_per_floor":["M","M","$","T","M","R","E","?","T","R","E","R","M","?","R","B",null,"M","$","M","?","M","E","R","?","T","M","?","E","M","E","R","B",null,"M","?","?","M","M","R","$","R","T","?","$","M","E","?","R","B",null,"R","$","E","B"],"character_chosen":"IRONCLAD","items_purchased":["Jack Of All Trades","Iron Wave","Bottled Tornado","Master of Strategy+1","Battle Trance+1","Anchor"],"campfire_rested":0,"item_purchase_floors":[3,19,41,41,45,45],"current_hp_per_floor":[62,68,68,68,74,74,45,65,65,65,53,53,53,42,42,26,80,83,80,72,72,59,42,42,42,42,46,55,61,67,65,65,53,86,85,86,86,84,86,86,86,86,86,75,75,81,86,86,86,79,86,86,86,46,0],"gold":53,"neow_bonus":"TRANSFORM_TWO_CARDS","is_prod":false,"is_daily":false,"chose_seed":false,"campfire_upgraded":8,"win_rate":0,"timestamp":1545810332,"path_taken":["M","M","$","?","?","R","E","?","T","R","E","R","M","?","R","BOSS","M","$","M","?","?","E","R","?","T","M","?","E","M","E","R","BOSS","M","?","?","?","M","R","?","R","T","?","$","M","E","?","R","BOSS","R","$","E","BOSS"],"build_version":"2018-12-20","purchased_purges":2,"victory":false,"max_hp_per_floor":[80,80,80,80,80,80,80,80,80,80,80,80,80,80,80,80,80,83,80,80,80,80,83,83,83,83,83,86,86,86,86,86,86,86,86,86,86,86,86,86,86,86,86,86,86,86,86,86,86,86,86,86,86,86,86],"card_choices":[{"not_picked":["Armaments","Intimidate"],"picked":"Pommel Strike","floor":1},{"not_picked":["Sword Boomerang","Sever Soul"],"picked":"Disarm","floor":2},{"not_picked":["Iron Wave","Headbutt"],"picked":"Wild Strike","floor":5},{"not_picked":["Spot Weakness","Heavy Blade"],"picked":"Body Slam","floor":7},{"not_picked":["Infernal Blade+1","Pommel Strike"],"picked":"Immolate","floor":11},{"not_picked":["Seeing Red+1","Anger"],"picked":"Body Slam","floor":13},{"not_picked":["Limit Break+1","Bludgeon"],"picked":"Feed","floor":16},{"not_picked":["Flex+1","Carnage+1"],"picked":"Disarm+1","floor":18},{"not_picked":["Inflame","Reckless Charge+1"],"picked":"Body Slam","floor":20},{"not_picked":["Disarm+1","Flame Barrier+1"],"picked":"Entrench+1","floor":22},{"not_picked":["Cleave","Disarm+1"],"picked":"Entrench+1","floor":23},{"not_picked":["Twin Strike+1","Wild Strike","Clash+1"],"picked":"SKIP","floor":27},{"not_picked":["Carnage","Armaments+1"],"picked":"Disarm+1","floor":28},{"not_picked":["Shockwave+1","Armaments+1"],"picked":"True Grit+1","floor":29},{"not_picked":["Fire Breathing","Body Slam"],"picked":"Double Tap+1","floor":30},{"not_picked":["Searing Blow","Corruption","Cleave+1"],"picked":"SKIP","floor":31},{"not_picked":["Perfected Strike+1","Clash","Thunderclap"],"picked":"SKIP","floor":35},{"not_picked":["Clash","Armaments+1"],"picked":"Warcry+1","floor":36},{"not_picked":["Hemokinesis+1","Reckless Charge"],"picked":"Shrug It Off+1","floor":38},{"not_picked":["Shockwave+1","Pommel Strike+1"],"picked":"Seeing Red+1","floor":39},{"not_picked":["Dual Wield+1","Warcry+1"],"picked":"Disarm+1","floor":46},{"not_picked":["Dark Embrace","Havoc+1"],"picked":"Shrug It Off+1","floor":47},{"not_picked":["Metallicize+1","Entrench+1"],"picked":"Power Through+1","floor":54}],"player_experience":106357,"relics_obtained":[{"floor":4,"key":"Happy Flower"},{"floor":7,"key":"Matryoshka"},{"floor":9,"key":"Orichalcum"},{"floor":9,"key":"Toxic Egg 2"},{"floor":11,"key":"Smiling Mask"},{"floor":23,"key":"Omamori"},{"floor":26,"key":"Pen Nib"},{"floor":26,"key":"Bag of Preparation"},{"floor":28,"key":"Red Mask"},{"floor":29,"key":"Ornamental Fan"},{"floor":31,"key":"Mercury Hourglass"},{"floor":36,"key":"Girya"},{"floor":47,"key":"Ancient Tea Set"},{"floor":47,"key":"Pocketwatch"},{"floor":54,"key":"Whetstone"},{"floor":54,"key":"Shuriken"}],"event_choices":[{"damage_healed":20,"gold_gain":0,"player_choice":"Healed and dodged fight","damage_taken":0,"max_hp_gain":0,"max_hp_loss":0,"event_name":"Mushrooms","floor":8,"gold_loss":0,"cards_obtained":["Parasite"]},{"damage_healed":0,"gold_gain":75,"player_choice":"Gather Gold","damage_taken":11,"max_hp_gain":0,"max_hp_loss":0,"event_name":"World of Goop","floor":14,"gold_loss":0},{"damage_healed":0,"gold_gain":0,"player_choice":"Gave Potion","damage_taken":0,"relics_obtained":["Nunchaku"],"max_hp_gain":0,"max_hp_loss":0,"event_name":"WeMeetAgain","floor":21,"gold_loss":0},{"damage_healed":0,"gold_gain":0,"cards_transformed":["Defend_R","Defend_R"],"player_choice":"Became Test Subject","damage_taken":0,"max_hp_gain":0,"max_hp_loss":0,"event_name":"Drug Dealer","floor":25,"gold_loss":0,"cards_obtained":["Pummel","Barricade"]},{"damage_healed":0,"gold_gain":0,"player_choice":"Fought Bandits","damage_taken":0,"max_hp_gain":0,"max_hp_loss":0,"event_name":"Masked Bandits","floor":28,"gold_loss":0},{"damage_healed":0,"gold_gain":0,"player_choice":"Fight","damage_taken":0,"max_hp_gain":0,"max_hp_loss":0,"event_name":"MindBloom","floor":36,"gold_loss":0},{"damage_healed":0,"gold_gain":0,"player_choice":"Cursed","damage_taken":0,"max_hp_gain":0,"max_hp_loss":0,"event_name":"Wheel of Change","floor":37,"gold_loss":0,"cards_obtained":["Decay"]},{"damage_healed":0,"gold_gain":0,"player_choice":"Embrace Madness","damage_taken":11,"max_hp_gain":0,"max_hp_loss":0,"event_name":"Winding Halls","floor":44,"gold_loss":0,"cards_obtained":["Madness","Madness"]},{"cards_removed":["Strike_R"],"damage_healed":0,"gold_gain":0,"player_choice":"Removed Attack","damage_taken":0,"max_hp_gain":0,"max_hp_loss":0,"event_name":"Falling","floor":48,"gold_loss":0}],"is_beta":false,"boss_relics":[{"not_picked":["Snecko Eye","Mark of Pain"],"picked":"Cursed Key"},{"not_picked":["Runic Dome","Runic Cube"],"picked":"Black Star"}],"items_purged_floors":[19,53],"is_endless":false,"potions_floor_spawned":[5,7,11,18,22,27,28,33,36,38,39,46],"killed_by":"The Heart","ascension_level":4}