{"gold_per_floor":[114,114,42,42,54,82,96,96,174,174,127,138,138,149,149,251,251,269,281,203,203,293,304,317,60,86,102,117,117,117,117],"floor_reached":31,"playtime":1808,"items_purged":[],"score":284,"play_id":"5ec35765-b47b-42ea-a3e9-8a1d823e42ac","local_time":"20190119163729","is_ascension_mode":true,"campfire_choices":[{"floor":8,"key":"REST"},{"floor":10,"key":"REST"},{"floor":13,"key":"REST"},{"data":"Cloak And Dagger","floor":15,"key":"SMITH"}],"neow_cost":"NONE","seed_source_timestamp":909509919850582,"circlet_count":0,"master_deck":["Defend_G","Defend_G","Defend_G","Defend_G","Defend_G","Strike_G","Strike_G","Strike_G","Strike_G","Survivor","Neutralize+1","Cloak And Dagger","Skewer","Backflip","PiercingWail","Blade Dance","Heel Hook+1","Adrenaline","Dagger Spray","Acrobatics","Cloak And Dagger+1","Burst","Flying Knee+1","Dagger Throw","Well Laid Plans","Noxious Fumes","Deadly Poison+1","PiercingWail","Injury","Flying Knee+1","Poisoned Stab+1","Regret"],"relics":["Ring of the Snake","Bag of Marbles","Tiny Chest","Cursed Key","Bottled Lightning","Whetstone","Mercury Hourglass"],"potions_floor_usage":[16,18,24,27],"damage_taken":[{"damage":0,"enemies":"Jaw Worm","floor":1,"turns":3},{"damage":0,"enemies":"Cultist","floor":5,"turns":3},{"damage":68,"enemies":"Gremlin Nob","floor":6,"turns":7},{"damage":2,"enemies":"Small Slimes","floor":7,"turns":4},{"damage":1,"enemies":"Gremlin Gang","floor":12,"turns":3},{"damage":1,"enemies":"Exordium Wildlife","floor":14,"turns":5},{"damage":26,"enemies":"Slime Boss","floor":16,"turns":10},{"damage":0,"enemies":"3 Byrds","floor":18,"turns":4},{"damage":11,"enemies":"Spheric Guardian","floor":19,"turns":5},{"damage":21,"enemies":"Snecko","floor":23,"turns":5},{"damage":32,"enemies":"Snake Plant","floor":24,"turns":4},{"damage":0,"enemies":"Chosen and Byrds","floor":27,"turns":5},{"damage":8,"enemies":"3 Cultists","floor":28,"turns":6},{"damage":6,"enemies":"Snake Plant","floor":31,"turns":1}],"seed_played":"2199313905030665618","potions_obtained":[{"floor":7,"key":"GamblersBrew"},{"floor":14,"key":"Strength Potion"},{"floor":16,"key":"Fruit Juice"},{"floor":23,"key":"Regen Potion"},{"floor":24,"key":"Swift Potion"}],"is_trial":false,"path_per_floor":["M","?","$","?","M","E","M","R","T","R","$","M","R","M","R","B",null,"M","M","$","?","?","M","M","$","T","M","M","T","$","M"],"character_chosen":"THE_SILENT","items_purchased":["Backflip","PiercingWail","Dagger Spray","Well Laid Plans","Bottled Lightning"],"campfire_rested":3,"item_purchase_floors":[3,3,11,20,25],"current_hp_per_floor":[77,77,77,77,77,9,7,30,30,53,53,52,75,74,74,48,77,82,71,71,71,55,34,14,14,14,14,6,6,6,0],"gold":117,"neow_bonus":"TEN_PERCENT_HP_BONUS","is_prod":false,"is_daily":false,"chose_seed":false,"campfire_upgraded":1,"win_rate":0,"timestamp":1547933849,"path_taken":["M","?","?","?","M","E","M","R","T","R","$","M","R","M","R","BOSS","M","M","$","?","?","M","?","$","T","M","M","?","?","M"],"build_version":"2019-01-17v2","purchased_purges":0,"victory":false,"max_hp_per_floor":[77,77,77,77,77,77,77,77,77,77,77,77,77,77,77,77,77,82,82,82,82,82,82,82,82,82,82,82,82,82,82],"card_choices":[{"not_picked":["Expertise","Outmaneuver"],"picked":"Cloak And Dagger","floor":1},{"not_picked":["Setup","Outmaneuver"],"picked":"Blade Dance","floor":5},{"not_picked":["Catalyst","Dodge and Roll"],"picked":"Heel Hook","floor":6},{"not_picked":["Dodge and Roll","Deflect"],"picked":"Adrenaline","floor":7},{"not_picked":["Poisoned Stab","Quick Slash"],"picked":"Acrobatics","floor":12},{"not_picked":["Slice","PiercingWail"],"picked":"Cloak And Dagger","floor":14},{"not_picked":["Doppelganger","A Thousand Cuts"],"picked":"Burst","floor":16},{"not_picked":["Prepared","PiercingWail"],"picked":"Flying Knee","floor":18},{"not_picked":["Flechettes","Bane+1"],"picked":"Dagger Throw","floor":19},{"not_picked":["Cloak And Dagger","Flechettes"],"picked":"Deadly Poison+1","floor":23},{"not_picked":["Outmaneuver","Bouncing Flask"],"picked":"PiercingWail","floor":24},{"not_picked":["Prepared","Eviscerate+1"],"picked":"Flying Knee+1","floor":27},{"not_picked":["Slice","Outmaneuver"],"picked":"Poisoned Stab+1","floor":28}],"player_experience":110876,"relics_obtained":[{"floor":6,"key":"Bag of Marbles"},{"floor":9,"key":"Tiny Chest"},{"floor":26,"key":"Whetstone"},{"floor":29,"key":"Mercury Hourglass"}],"event_choices":[{"damage_healed":0,"gold_gain":0,"cards_transformed":["Strike_G"],"player_choice":"Transformed","damage_taken":0,"max_hp_gain":0,"max_hp_loss":0,"event_name":"Transmorgrifier","floor":2,"gold_loss":0,"cards_obtained":["Skewer"]},{"damage_healed":0,"gold_gain":0,"player_choice":"Grow","damage_taken":0,"max_hp_gain":0,"max_hp_loss":0,"event_name":"Living Wall","floor":4,"gold_loss":0,"cards_upgraded":["Neutralize"]},{"damage_healed":0,"gold_gain":0,"player_choice":"Read","damage_taken":0,"max_hp_gain":0,"max_hp_loss":0,"event_name":"The Library","floor":21,"gold_loss":0,"cards_obtained":["Noxious Fumes"]},{"damage_healed":0,"gold_gain":90,"player_choice":"GOLD ","damage_taken":16,"max_hp_gain":0,"max_hp_loss":0,"event_name":"Knowing Skull","floor":22,"potions_obtained":[],"gold_loss":0,"cards_obtained":[]}],"is_beta":false,"boss_relics":[{"not_picked":["Velvet Choker","Empty Cage"],"picked":"Cursed Key"}],"items_purged_floors":[],"is_endless":false,"potions_floor_spawned":[7,14,16,23,24],"killed_by":"Snake Plant","ascension_level":4}