{"gold_per_floor":[117,117,133,146,146,146,166,166,166,183,183,215,177,191,191,290,290,307,307,271,271,289,289,79,90,116,132,152,181,181,193,193,297,297,315,85,103,120,120,152,152,179,179,179,195,210,220,220,220,220],"floor_reached":51,"playtime":2710,"items_purged":[],"score":808,"play_id":"3a4fa53d-ccaf-4f49-bcb2-8307e655da3b","local_time":"20181022174716","is_ascension_mode":true,"campfire_choices":[{"data":"Dodge and Roll","floor":6,"key":"SMITH"},{"data":"Quick Slash","floor":8,"key":"SMITH"},{"data":"Terror","floor":11,"key":"SMITH"},{"data":"Footwork","floor":15,"key":"SMITH"},{"floor":23,"key":"REST"},{"data":"A Thousand Cuts","floor":30,"key":"SMITH"},{"data":"Footwork","floor":32,"key":"SMITH"},{"data":"Noxious Fumes","floor":41,"key":"SMITH"},{"data":"Footwork","floor":44,"key":"SMITH"},{"data":"Caltrops","floor":49,"key":"SMITH"}],"neow_cost":"NONE","seed_source_timestamp":6166978084349,"circlet_count":0,"master_deck":["Defend_G","Defend_G","Defend_G","Defend_G","Defend_G","Strike_G","Strike_G","Strike_G+1","Survivor","Neutralize+1","Deflect","Dodge and Roll+1","Quick Slash+1","Outmaneuver","Terror+1","Cloak And Dagger+1","Footwork+1","Crippling Poison+1","A Thousand Cuts+1","Dagger Throw","Backflip+1","Caltrops+1","Footwork+1","Footwork+1","Finesse+1","Deflect+1","Doppelganger+1","Sucker Punch+1","Noxious Fumes+1","Acrobatics+1","Backflip+1"],"relics":["Ring of the Snake","Whetstone","Lantern","Toxic Egg 2","Busted Crown","Blood Vial","Thread and Needle","White Beast Statue","Bronze Scales","Singing Bowl","Potion Belt","Omamori","The Courier"],"potions_floor_usage":[16,29,31,33,40,42,42,42,42,46,47,47,50,50,50,50,50,50],"damage_taken":[{"damage":0,"enemies":"Cultist","floor":1,"turns":4},{"damage":0,"enemies":"2 Louse","floor":3,"turns":2},{"damage":4,"enemies":"Jaw Worm","floor":4,"turns":5},{"damage":0,"enemies":"Large Slime","floor":7,"turns":6},{"damage":0,"enemies":"2 Fungi Beasts","floor":10,"turns":3},{"damage":15,"enemies":"Gremlin Nob","floor":12,"turns":4},{"damage":2,"enemies":"Exordium Wildlife","floor":14,"turns":4},{"damage":37,"enemies":"Slime Boss","floor":16,"turns":16},{"damage":18,"enemies":"Chosen","floor":18,"turns":6},{"damage":9,"enemies":"3 Byrds","floor":22,"turns":3},{"damage":0,"enemies":"Centurion and Healer","floor":25,"turns":8},{"damage":2,"enemies":"3 Cultists","floor":27,"turns":5},{"damage":0,"enemies":"Snecko","floor":28,"turns":6},{"damage":4,"enemies":"Gremlin Leader","floor":29,"turns":6},{"damage":0,"enemies":"Cultist and Chosen","floor":31,"turns":5},{"damage":16,"enemies":"Champ","floor":33,"turns":16},{"damage":0,"enemies":"Orb Walker","floor":35,"turns":4},{"damage":0,"enemies":"3 Darklings","floor":37,"turns":4},{"damage":0,"enemies":"Maw","floor":38,"turns":7},{"damage":10,"enemies":"Nemesis","floor":40,"turns":8},{"damage":7,"enemies":"Reptomancer","floor":42,"turns":5},{"damage":0,"enemies":"Sphere and 2 Shapes","floor":45,"turns":6},{"damage":0,"enemies":"4 Shapes","floor":46,"turns":5},{"damage":16,"enemies":"Jaw Worm Horde","floor":47,"turns":4},{"damage":7,"enemies":"Time Eater","floor":50,"turns":13}],"seed_played":"1541257774228188500","potions_obtained":[{"floor":3,"key":"Energy Potion"},{"floor":12,"key":"Block Potion"},{"floor":16,"key":"Explosive Potion"},{"floor":22,"key":"Poison Potion"},{"floor":29,"key":"Swift Potion"},{"floor":33,"key":"Poison Potion"},{"floor":35,"key":"LiquidBronze"},{"floor":37,"key":"EntropicBrew"},{"floor":38,"key":"Regen Potion"},{"floor":40,"key":"Fruit Juice"},{"floor":42,"key":"Explosive Potion"},{"floor":45,"key":"LiquidBronze"},{"floor":46,"key":"Weak Potion"},{"floor":47,"key":"EntropicBrew"}],"is_trial":false,"path_per_floor":["M","$","M","M","?","R","M","R","T","M","R","E","$","M","R","B",null,"M","?","$","?","M","R","$","M","T","M","M","E","R","M","R","B",null,"M","$","M","M","T","E","R","E","T","R","M","M","M","?","R","B"],"character_chosen":"THE_SILENT","items_purchased":["Footwork","Caltrops","Footwork","Finesse+1","Deflect+1","Noxious Fumes","Bronze Scales","Acrobatics+1"],"campfire_rested":1,"item_purchase_floors":[13,20,24,24,24,36,36,36],"current_hp_per_floor":[70,70,70,66,66,66,66,66,66,66,66,51,51,49,49,12,70,52,52,52,52,43,64,64,64,64,64,66,64,64,66,66,52,70,70,70,70,70,70,65,65,76,76,76,79,81,75,75,75,79],"gold":220,"neow_bonus":"RANDOM_COMMON_RELIC","is_prod":false,"is_daily":false,"chose_seed":false,"campfire_upgraded":9,"win_rate":0,"timestamp":1540241236,"path_taken":["M","?","M","M","?","R","M","R","T","M","R","E","$","M","R","BOSS","M","?","$","?","M","R","$","M","T","M","M","E","R","M","R","BOSS","M","$","?","M","?","E","R","E","T","R","M","?","?","?","R","BOSS"],"build_version":"2018-10-18","purchased_purges":0,"victory":true,"max_hp_per_floor":[70,70,70,70,70,70,70,70,70,70,70,70,70,70,70,70,70,70,70,70,70,70,70,70,70,70,70,70,70,70,70,70,70,70,70,70,70,70,70,75,75,77,77,77,79,81,83,83,83,83],"card_choices":[{"not_picked":["Prepared","Sucker Punch"],"picked":"Deflect","floor":1},{"not_picked":["Concentrate","Dagger Throw"],"picked":"Dodge and Roll","floor":3},{"not_picked":["Flying Knee","Dagger Spray"],"picked":"Quick Slash","floor":4},{"not_picked":["Underhanded Strike","Deflect"],"picked":"Outmaneuver","floor":7},{"not_picked":["Slice","Reflex"],"picked":"Terror","floor":10},{"not_picked":["Riddle With Holes","Backflip"],"picked":"Cloak And Dagger","floor":12},{"not_picked":["Deadly Poison+1","Bane"],"picked":"Crippling Poison+1","floor":14},{"not_picked":["Phantasmal Killer+1","Doppelganger+1"],"picked":"A Thousand Cuts","floor":16},{"not_picked":[],"picked":"Dagger Throw","floor":18},{"not_picked":["Choke"],"picked":"SKIP","floor":22},{"not_picked":["Outmaneuver+1"],"picked":"SKIP","floor":25},{"not_picked":["Underhanded Strike+1"],"picked":"SKIP","floor":27},{"not_picked":[],"picked":"Doppelganger+1","floor":28},{"not_picked":["All Out Attack"],"picked":"SKIP","floor":29},{"not_picked":["All Out Attack"],"picked":"SKIP","floor":29},{"not_picked":[],"picked":"Sucker Punch+1","floor":31},{"not_picked":["Acrobatics+1"],"picked":"SKIP","floor":35},{"not_picked":["PiercingWail+1"],"picked":"SKIP","floor":37},{"not_picked":["Bane"],"picked":"SKIP","floor":38},{"not_picked":[],"picked":"Backflip+1","floor":40},{"not_picked":["Terror+1"],"picked":"Singing Bowl","floor":42},{"not_picked":["Heel Hook"],"picked":"Singing Bowl","floor":45},{"not_picked":["Dash+1"],"picked":"Singing Bowl","floor":46},{"not_picked":["PiercingWail+1"],"picked":"Singing Bowl","floor":47}],"player_experience":179249,"relics_obtained":[{"floor":9,"key":"Lantern"},{"floor":12,"key":"Toxic Egg 2"},{"floor":26,"key":"Blood Vial"},{"floor":29,"key":"Thread and Needle"},{"floor":39,"key":"Singing Bowl"},{"floor":40,"key":"Potion Belt"},{"floor":42,"key":"Omamori"},{"floor":43,"key":"The Courier"}],"event_choices":[{"cards_removed":["Strike_G"],"damage_healed":0,"gold_gain":0,"player_choice":"Purged","damage_taken":0,"max_hp_gain":0,"max_hp_loss":0,"event_name":"Purifier","floor":5,"gold_loss":0},{"damage_healed":0,"gold_gain":0,"player_choice":"Read","damage_taken":0,"max_hp_gain":0,"max_hp_loss":0,"event_name":"The Library","floor":19,"gold_loss":0,"cards_obtained":["Backflip"]},{"damage_healed":0,"gold_gain":0,"cards_transformed":["Strike_G"],"player_choice":"Transformed","damage_taken":0,"max_hp_gain":0,"max_hp_loss":0,"event_name":"Transmorgrifier","floor":21,"gold_loss":0,"cards_obtained":["Footwork"]},{"damage_healed":0,"gold_gain":0,"player_choice":"0 cards matched","damage_taken":0,"max_hp_gain":0,"max_hp_loss":0,"event_name":"Match and Keep!","floor":48,"gold_loss":0,"cards_obtained":[]}],"is_beta":false,"boss_relics":[{"not_picked":["Black Star","Runic Pyramid"],"picked":"Busted Crown"},{"not_picked":["Philosopher\u0027s Stone","Sozu"],"picked":"White Beast Statue"}],"items_purged_floors":[],"is_endless":false,"potions_floor_spawned":[3,12,16,22,27,29,33,35,37,38,40,42,45,46,47],"ascension_level":3}