{"gold_per_floor":[117,128,128,144,144,170,13,28,82,82,117,142,177,194,194,297,297,308,326,344,344,375,375,389,389,389,404,434,434,434,467,467,467],"floor_reached":33,"playtime":1952,"items_purged":[],"score":568,"play_id":"f9d687d1-5051-4e13-be54-5b95aee1fba1","local_time":"20190322145834","is_ascension_mode":true,"campfire_choices":[{"floor":10,"key":"REST"},{"floor":15,"key":"REST"},{"floor":23,"key":"REST"},{"data":"Neutralize","floor":25,"key":"SMITH"},{"data":"Malaise","floor":29,"key":"SMITH"},{"data":"Infinite Blades","floor":32,"key":"SMITH"}],"neow_cost":"NONE","seed_source_timestamp":768745269819754,"circlet_count":0,"master_deck":["AscendersBane","Defend_G+1","Defend_G","Defend_G+1","Defend_G","Defend_G","Strike_G","Strike_G+1","Survivor","Neutralize+1","Dagger Spray","Predator","Quick Slash","Dash","PiercingWail","Infinite Blades+1","Backstab","Blur","Burst","Quick Slash+1","Deflect+1","Venomology+1","Backflip+1","Footwork+1","Noxious Fumes+1","Cloak And Dagger+1","Caltrops+1","Malaise+1","Backstab"],"relics":["Ring of the Snake","NeowsBlessing","Singing Bowl","Vajra","Centennial Puzzle","Bronze Scales","Blood Vial","Ancient Tea Set","Astrolabe","Gremlin Horn","Red Mask","FossilizedHelix","Snake Skull","War Paint"],"potions_floor_usage":[8,13,13,20,20,22,22,27,28,31,31,33,33],"damage_taken":[{"damage":0,"enemies":"2 Louse","floor":1,"turns":1},{"damage":0,"enemies":"Cultist","floor":2,"turns":1},{"damage":0,"enemies":"Jaw Worm","floor":4,"turns":1},{"damage":20,"enemies":"Gremlin Nob","floor":6,"turns":5},{"damage":0,"enemies":"Red Slaver","floor":8,"turns":2},{"damage":14,"enemies":"3 Sentries","floor":11,"turns":5},{"damage":35,"enemies":"Lagavulin","floor":13,"turns":7},{"damage":0,"enemies":"Blue Slaver","floor":14,"turns":3},{"damage":38,"enemies":"Slime Boss","floor":16,"turns":9},{"damage":0,"enemies":"Chosen","floor":18,"turns":5},{"damage":3,"enemies":"Shell Parasite","floor":19,"turns":6},{"damage":15,"enemies":"Snake Plant","floor":20,"turns":4},{"damage":2,"enemies":"Masked Bandits","floor":22,"turns":4},{"damage":12,"enemies":"3 Cultists","floor":24,"turns":5},{"damage":0,"enemies":"Chosen and Byrds","floor":27,"turns":4},{"damage":0,"enemies":"Gremlin Leader","floor":28,"turns":8},{"damage":0,"enemies":"Book of Stabbing","floor":31,"turns":5},{"damage":86,"enemies":"Champ","floor":33,"turns":12}],"seed_played":"5565373760563840495","potions_obtained":[{"floor":2,"key":"Regen Potion"},{"floor":4,"key":"Energy Potion"},{"floor":8,"key":"Ancient Potion"},{"floor":18,"key":"SpeedPotion"},{"floor":19,"key":"PowerPotion"},{"floor":24,"key":"EssenceOfSteel"}],"is_trial":false,"path_per_floor":["M","M","?","M","?","E","$","M","T","R","E","T","E","M","R","B",null,"M","M","M","T","?","R","M","R","T","M","E","R","?","E","R","B"],"character_chosen":"THE_SILENT","items_purchased":["Vajra"],"campfire_rested":3,"item_purchase_floors":[7],"current_hp_per_floor":[63,63,63,63,49,29,29,29,29,50,36,36,18,20,41,5,54,56,55,42,42,42,63,53,53,53,55,57,57,70,72,72,0],"gold":467,"neow_bonus":"THREE_ENEMY_KILL","is_prod":false,"is_daily":false,"chose_seed":false,"campfire_upgraded":3,"win_rate":0,"timestamp":1553281114,"path_taken":["M","M","?","?","?","E","$","M","T","R","E","?","E","M","R","BOSS","M","M","M","?","?","R","M","R","T","M","E","R","?","E","R","BOSS"],"build_version":"2019-01-23","purchased_purges":0,"victory":false,"max_hp_per_floor":[70,70,70,70,70,70,70,70,70,70,70,70,70,70,70,70,70,70,70,70,70,70,70,70,70,70,70,70,70,70,72,72,72],"card_choices":[{"not_picked":["Deadly Poison","Bouncing Flask"],"picked":"Dagger Spray","floor":1},{"not_picked":["Terror","Bane"],"picked":"Predator","floor":2},{"not_picked":["Underhanded Strike","Outmaneuver"],"picked":"Quick Slash","floor":4},{"not_picked":["PiercingWail","Poisoned Stab"],"picked":"Dash","floor":6},{"not_picked":["Deflect","Poisoned Stab"],"picked":"PiercingWail","floor":8},{"not_picked":["Outmaneuver","Night Terror"],"picked":"Infinite Blades","floor":11},{"not_picked":["Masterful Stab","Underhanded Strike"],"picked":"Backstab","floor":13},{"not_picked":["Acrobatics","Bane"],"picked":"Blur","floor":14},{"not_picked":["Adrenaline","Venomology"],"picked":"Burst","floor":16},{"not_picked":["Underhanded Strike","Bane"],"picked":"Backflip","floor":18},{"not_picked":["Leg Sweep","Blade Dance"],"picked":"Footwork+1","floor":19},{"not_picked":["Sucker Punch","Well Laid Plans"],"picked":"Noxious Fumes+1","floor":20},{"not_picked":["Deflect","Outmaneuver"],"picked":"Cloak And Dagger+1","floor":22},{"not_picked":["Dagger Throw","Deadly Poison"],"picked":"Caltrops+1","floor":24},{"not_picked":["All Out Attack","Backstab+1"],"picked":"Malaise","floor":27},{"not_picked":["All Out Attack","Outmaneuver"],"picked":"Backstab","floor":28},{"not_picked":["Dagger Spray","Accuracy","Riddle With Holes"],"picked":"Singing Bowl","floor":31}],"player_experience":236003,"relics_obtained":[{"floor":6,"key":"Singing Bowl"},{"floor":9,"key":"Centennial Puzzle"},{"floor":11,"key":"Bronze Scales"},{"floor":12,"key":"Blood Vial"},{"floor":13,"key":"Ancient Tea Set"},{"floor":21,"key":"Gremlin Horn"},{"floor":22,"key":"Red Mask"},{"floor":26,"key":"FossilizedHelix"},{"floor":28,"key":"Snake Skull"},{"floor":31,"key":"War Paint"}],"event_choices":[{"damage_healed":0,"gold_gain":0,"player_choice":"Bought 0 Potions","damage_taken":0,"max_hp_gain":0,"max_hp_loss":0,"event_name":"The Woman in Blue","floor":3,"gold_loss":0},{"damage_healed":0,"gold_gain":0,"player_choice":"Entered Light","damage_taken":14,"max_hp_gain":0,"max_hp_loss":0,"event_name":"Shining Light","floor":5,"gold_loss":0,"cards_upgraded":["Defend_G","Strike_G"]},{"damage_healed":0,"gold_gain":0,"player_choice":"Fought Bandits","damage_taken":0,"max_hp_gain":0,"max_hp_loss":0,"event_name":"Masked Bandits","floor":22,"gold_loss":0},{"damage_healed":23,"gold_gain":0,"player_choice":"Heal","damage_taken":0,"max_hp_gain":0,"max_hp_loss":0,"event_name":"The Library","floor":30,"gold_loss":0}],"is_beta":false,"boss_relics":[{"not_picked":["WristBlade","Ring of the Serpent"],"picked":"Astrolabe"}],"items_purged_floors":[],"is_endless":false,"potions_floor_spawned":[2,4,8,18,19,20,24],"killed_by":"Champ","ascension_level":12}