{"gold_per_floor":[115,115,125,48,66,66,38,69,69,103,103,130,190,202,202,281,281,294,294,308,308,308,335,335,351,374,354,369,254,285,296,296,367,367,378,389,389,348,348,85,95,113,181,181,214,264,278,278,278,278],"floor_reached":51,"playtime":3733,"items_purged":["Strike_G"],"score":1323,"play_id":"12c363c3-8dfb-4c83-89fc-2d0887fb486a","local_time":"20190621140943","is_ascension_mode":true,"campfire_choices":[{"data":"Glass Knife","floor":6.0,"key":"SMITH"},{"floor":11.0,"key":"REST"},{"floor":15.0,"key":"REST"},{"floor":24.0,"key":"REST"},{"data":"Wraith Form v2","floor":32.0,"key":"SMITH"},{"floor":44,"key":"REST"},{"floor":49,"key":"REST"}],"neow_cost":"NONE","seed_source_timestamp":0,"circlet_count":0,"master_deck":["AscendersBane","Defend_G","Defend_G","Defend_G+1","Defend_G","Defend_G","Survivor+1","Neutralize","Poisoned Stab","Endless Agony","Glass Knife+1","Finisher","Dagger Spray","Backstab","Predator","Well Laid Plans","Poisoned Stab","Cloak And Dagger+1","Wraith Form v2+1","Deadly Poison+1","Neutralize","Night Terror+1","Deadly Poison+1","Noxious Fumes","Blur+1","Night Terror+1","Dodge and Roll+1","Bullet Time+1","Prepared+1","Acrobatics+1","Concentrate+1","Calculated Gamble+1","PiercingWail+1","Prepared+1","Parasite","Dodge and Roll+1"],"special_seed":0,"relics":["Ring of the Snake","Darkstone Periapt","Question Card","Blue Candle","Ninja Scroll","Toxic Egg 2","Empty Cage","MutagenicStrength","Meat on the Bone","War Paint","Bottled Tornado","Runic Pyramid","OrangePellets","Frozen Egg 2","Mummified Hand"],"potions_floor_usage":[50,50],"damage_taken":[{"damage":6.0,"enemies":"Cultist","floor":1.0,"turns":6.0},{"damage":0.0,"enemies":"2 Louse","floor":3.0,"turns":3.0},{"damage":4.0,"enemies":"Small Slimes","floor":5.0,"turns":3.0},{"damage":8.0,"enemies":"Gremlin Nob","floor":8.0,"turns":3.0},{"damage":30.0,"enemies":"Lagavulin","floor":10.0,"turns":5.0},{"damage":10.0,"enemies":"3 Sentries","floor":12.0,"turns":5.0},{"damage":0.0,"enemies":"Lagavulin Event","floor":13.0,"turns":1.0},{"damage":0.0,"enemies":"Exordium Thugs","floor":14.0,"turns":2.0},{"damage":31.0,"enemies":"Hexaghost","floor":16.0,"turns":9.0},{"damage":23.0,"enemies":"Shell Parasite","floor":18.0,"turns":5.0},{"damage":11.0,"enemies":"2 Thieves","floor":20.0,"turns":3.0},{"damage":3.0,"enemies":"Gremlin Leader","floor":23.0,"turns":6.0},{"damage":0.0,"enemies":"Centurion and Healer","floor":25.0,"turns":4.0},{"damage":0.0,"enemies":"Snecko","floor":28.0,"turns":2.0},{"damage":16.0,"enemies":"Book of Stabbing","floor":30.0,"turns":4.0},{"damage":5.0,"enemies":"Snake Plant","floor":31.0,"turns":3.0},{"damage":25.0,"enemies":"Champ","floor":33.0,"turns":15.0},{"damage":0.0,"enemies":"Orb Walker","floor":35.0,"turns":1.0},{"damage":5.0,"enemies":"3 Darklings","floor":36.0,"turns":5.0},{"damage":2.0,"enemies":"Sphere and 2 Shapes","floor":41.0,"turns":6.0},{"damage":2,"enemies":"Transient","floor":42,"turns":6},{"damage":4,"enemies":"Giant Head","floor":45,"turns":10},{"damage":23,"enemies":"Writhing Mass","floor":47,"turns":11},{"damage":46,"enemies":"Time Eater","floor":50,"turns":17}],"seed_played":"4354566058763631000","potions_obtained":[{"floor":5.0,"key":"Strength Potion"},{"floor":10.0,"key":"FearPotion"},{"floor":12.0,"key":"SneckoOil"},{"floor":13.0,"key":"EssenceOfSteel"},{"floor":23.0,"key":"PowerPotion"},{"floor":27.0,"key":"Strength Potion"},{"floor":30.0,"key":"Swift Potion"},{"floor":36.0,"key":"Dexterity Potion"},{"floor":41.0,"key":"Dexterity Potion"},{"floor":47,"key":"Block Potion"}],"is_trial":false,"path_per_floor":["M","?","M","$","M","R","$","E","T","E","R","E","?","M","R","B",null,"M","?","M","?","?","E","R","M","T","?","M","$","E","M","R","B",null,"M","M","?","$","?","$","M","M","T","R","E","?","M","?","R","B",null],"character_chosen":"THE_SILENT","items_purchased":["Glass Knife","Dagger Spray","Blur+1","Concentrate+1","OrangePellets","Calculated Gamble+1"],"campfire_rested":5,"item_purchase_floors":[4,7,29,38,40,40],"current_hp_per_floor":[59,59,59,59,55,55,55,47,47,17,38,28,28,28,49,18,59,36,36,25,25,25,22,43,43,43,43,43,43,39,46,46,33,62,62,57,57,57,57,57,55,53,53,72,68,68,51,51,74,40],"gold":278,"neow_bonus":"TEN_PERCENT_HP_BONUS","is_prod":false,"is_daily":false,"chose_seed":false,"campfire_upgraded":2,"win_rate":0,"timestamp":1561140583,"path_taken":["M","?","M","?","M","R","$","E","T","E","R","E","?","M","R","BOSS","M","?","M","?","?","E","R","?","T","?","?","$","E","M","R","BOSS","M","M","?","$","?","$","M","M","T","R","E","?","?","?","R","BOSS"],"build_version":"2019-01-23","purchased_purges":1,"victory":true,"max_hp_per_floor":[72,72,72,72,72,72,72,72,72,72,72,72,72,72,72,72,72,72,72,72,72,72,72,72,72,72,72,72,72,72,72,72,72,72,72,72,72,72,72,72,72,72,72,72,72,72,78,78,78,78],"card_choices":[{"not_picked":["Bane","Cloak And Dagger"],"picked":"Poisoned Stab","floor":1.0},{"not_picked":["PiercingWail","Acrobatics"],"picked":"Endless Agony","floor":3.0},{"not_picked":["Flechettes","Blur"],"picked":"Finisher","floor":5.0},{"not_picked":["Backflip","Dagger Spray"],"picked":"Backstab","floor":8.0},{"not_picked":["Skewer","Unload","Cloak And Dagger"],"picked":"Predator","floor":10.0},{"not_picked":["Flying Knee","Dagger Throw","Escape Plan"],"picked":"Well Laid Plans","floor":12.0},{"not_picked":["All Out Attack","Slice","Prepared"],"picked":"Poisoned Stab","floor":13.0},{"not_picked":["Blade Dance+1","PiercingWail+1","Terror+1"],"picked":"Cloak And Dagger+1","floor":14.0},{"not_picked":["Tools of the Trade","Glass Knife","Burst+1"],"picked":"Wraith Form v2","floor":16.0},{"not_picked":["Outmaneuver+1","All Out Attack","Flying Knee","Backstab"],"picked":"SKIP","floor":18.0},{"not_picked":["Blade Dance+1","Outmaneuver+1","Infinite Blades"],"picked":"Deadly Poison+1","floor":20.0},{"not_picked":["Eviscerate","Poisoned Stab+1","Prepared+1"],"picked":"Night Terror+1","floor":23.0},{"not_picked":["Prepared+1","Poisoned Stab","Setup+1"],"picked":"Deadly Poison+1","floor":25.0},{"not_picked":["Cloak And Dagger+1","Riddle With Holes","Prepared+1"],"picked":"Noxious Fumes","floor":28.0},{"not_picked":["Prepared+1","Endless Agony","Acrobatics+1"],"picked":"Night Terror+1","floor":30.0},{"not_picked":["Terror+1","Heel Hook","Poisoned Stab+1"],"picked":"Dodge and Roll+1","floor":31.0},{"not_picked":["Storm of Steel+1","Wraith Form v2","Grand Finale"],"picked":"Bullet Time+1","floor":33.0},{"not_picked":["Tactician+1","Quick Slash+1","Poisoned Stab"],"picked":"Prepared+1","floor":35.0},{"not_picked":["Blade Dance+1","Deflect+1","All Out Attack+1"],"picked":"Acrobatics+1","floor":36.0},{"not_picked":["Blade Dance+1","Backflip+1","Slice"],"picked":"PiercingWail+1","floor":41.0},{"not_picked":["Tactician+1","Dagger Spray+1","Heel Hook","Flying Knee+1"],"picked":"SKIP","floor":42},{"not_picked":["Finisher","Blade Dance+1","Deflect+1"],"picked":"Prepared+1","floor":45},{"not_picked":["A Thousand Cuts+1","Quick Slash","Sucker Punch"],"picked":"Dodge and Roll+1","floor":47}],"player_experience":846461,"relics_obtained":[{"floor":8.0,"key":"Darkstone Periapt"},{"floor":9.0,"key":"Question Card"},{"floor":10.0,"key":"Blue Candle"},{"floor":12.0,"key":"Ninja Scroll"},{"floor":13.0,"key":"Toxic Egg 2"},{"floor":23.0,"key":"Meat on the Bone"},{"floor":26.0,"key":"War Paint"},{"floor":30.0,"key":"Bottled Tornado"},{"floor":43,"key":"Frozen Egg 2"},{"floor":45,"key":"Mummified Hand"}],"event_choices":[{"cards_removed":["Strike_G"],"damage_healed":0.0,"max_hp_gain":0.0,"max_hp_loss":0.0,"gold_gain":0.0,"event_name":"Bonfire Elementals","player_choice":"Offered Basic","floor":2.0,"gold_loss":0.0,"damage_taken":0.0},{"damage_healed":0.0,"max_hp_gain":0.0,"max_hp_loss":0.0,"gold_gain":30.0,"event_name":"Dead Adventurer","player_choice":"Searched \u00272\u0027 times","floor":13.0,"gold_loss":0.0,"damage_taken":0.0},{"cards_removed":["Strike_G"],"damage_healed":0.0,"max_hp_gain":0.0,"max_hp_loss":0.0,"gold_gain":0.0,"event_name":"Back to Basics","player_choice":"Elegance","floor":19.0,"gold_loss":0.0,"damage_taken":0.0},{"damage_healed":0.0,"max_hp_gain":0.0,"max_hp_loss":0.0,"gold_gain":0.0,"event_name":"Drug Dealer","player_choice":"Inject Mutagens","floor":21.0,"gold_loss":0.0,"damage_taken":0.0,"relics_obtained":["MutagenicStrength"]},{"damage_healed":0.0,"max_hp_gain":0.0,"max_hp_loss":0.0,"gold_gain":0.0,"event_name":"Match and Keep!","player_choice":"2 cards matched","floor":22.0,"gold_loss":0.0,"damage_taken":0.0,"cards_obtained":["Neutralize","Die Die Die"]},{"damage_healed":0.0,"max_hp_gain":0.0,"max_hp_loss":0.0,"gold_gain":0.0,"event_name":"The Woman in Blue","player_choice":"Bought 1 Potion","floor":27.0,"gold_loss":0.0,"damage_taken":0.0},{"damage_healed":0.0,"max_hp_gain":0.0,"max_hp_loss":0.0,"gold_gain":0.0,"event_name":"Tomb of Lord Red Mask","player_choice":"Ignored","floor":37.0,"gold_loss":0.0,"damage_taken":0.0},{"damage_healed":0.0,"max_hp_gain":0.0,"max_hp_loss":0.0,"gold_gain":0.0,"event_name":"Mysterious Sphere","player_choice":"Ignored","floor":39.0,"gold_loss":0.0,"damage_taken":0.0},{"damage_healed":0,"gold_gain":50,"player_choice":"Pray","damage_taken":0,"max_hp_gain":0,"max_hp_loss":0,"event_name":"Golden Shrine","floor":46,"gold_loss":0},{"cards_removed":["Die Die Die"],"damage_healed":0,"gold_gain":0,"player_choice":"Removed Attack","damage_taken":0,"max_hp_gain":0,"max_hp_loss":0,"event_name":"Falling","floor":48,"gold_loss":0}],"is_beta":false,"boss_relics":[{"not_picked":["Eternal Feather","Busted Crown"],"picked":"Empty Cage"},{"not_picked":["Ring of the Serpent","WristBlade"],"picked":"Runic Pyramid"}],"items_purged_floors":[29],"is_endless":false,"potions_floor_spawned":[5,10,12,13,14,23,30,31,36,41,42,47],"ascension_level":18}