{"gold_per_floor":[114,130,130,144,144,180,52,52,75,16,31,56,56,81,81,81],"floor_reached":16,"playtime":540,"items_purged":["Strike_G"],"score":189,"play_id":"698f7d03-8afe-4efd-9cf0-28a21ac54baf","local_time":"20190620122446","is_ascension_mode":true,"campfire_choices":[{"floor":8,"key":"REST"},{"data":"Neutralize","floor":13,"key":"SMITH"},{"data":"Cloak And Dagger","floor":15,"key":"SMITH"}],"neow_cost":"NONE","seed_source_timestamp":671846256277499,"circlet_count":0,"master_deck":["AscendersBane","Defend_G","Defend_G","Defend_G","Defend_G","Defend_G","Strike_G","Strike_G","Strike_G","Survivor","Neutralize+1","Backstab","After Image","Dash","Glass Knife","Cloak And Dagger+1","Backflip","Cloak And Dagger"],"relics":["Ring of the Snake","NeowsBlessing","Golden Idol","Bag of Preparation","Strawberry"],"potions_floor_usage":[2,6,16],"damage_taken":[{"damage":0,"enemies":"Cultist","floor":1,"turns":1},{"damage":0,"enemies":"Jaw Worm","floor":2,"turns":1},{"damage":0,"enemies":"2 Louse","floor":4,"turns":1},{"damage":24,"enemies":"Gremlin Nob","floor":6,"turns":6},{"damage":0,"enemies":"Exordium Wildlife","floor":11,"turns":4},{"damage":9,"enemies":"Exordium Thugs","floor":12,"turns":6},{"damage":0,"enemies":"Blue Slaver","floor":14,"turns":4},{"damage":37,"enemies":"Hexaghost","floor":16,"turns":16}],"seed_played":"3665127957500257060","potions_obtained":[{"floor":2,"key":"Fruit Juice"},{"floor":4,"key":"SteroidPotion"},{"floor":14,"key":"Dexterity Potion"}],"is_trial":false,"path_per_floor":["M","M","?","M","?","E","$","R","T","$","M","M","R","M","R","B"],"character_chosen":"THE_SILENT","items_purchased":["Cloak And Dagger","Backflip"],"campfire_rested":1,"item_purchase_floors":[7,10],"current_hp_per_floor":[59,64,40,40,40,16,16,37,44,44,44,35,35,35,35,0],"gold":81,"neow_bonus":"THREE_ENEMY_KILL","is_prod":false,"is_daily":false,"chose_seed":false,"campfire_upgraded":2,"win_rate":0,"timestamp":1561004686,"path_taken":["M","?","?","M","?","E","$","R","T","?","?","M","R","M","R","BOSS"],"build_version":"2019-01-23","purchased_purges":1,"victory":false,"max_hp_per_floor":[66,71,71,71,71,71,71,71,78,78,78,78,78,78,78,78],"card_choices":[{"not_picked":["Deadly Poison","Underhanded Strike"],"picked":"Backstab","floor":1},{"not_picked":["Bane","Outmaneuver"],"picked":"After Image","floor":2},{"not_picked":["Distraction","Concentrate"],"picked":"Dash","floor":4},{"not_picked":["Blade Dance","Sucker Punch"],"picked":"Glass Knife","floor":6},{"not_picked":["Quick Slash","Predator","Underhanded Strike"],"picked":"SKIP","floor":11},{"not_picked":["Quick Slash","Predator","Underhanded Strike"],"picked":"SKIP","floor":11},{"not_picked":["Finisher","Reflex","All Out Attack"],"picked":"SKIP","floor":12},{"not_picked":["Dagger Spray","Dodge and Roll"],"picked":"Cloak And Dagger","floor":14}],"player_experience":920417,"relics_obtained":[{"floor":6,"key":"Bag of Preparation"},{"floor":9,"key":"Strawberry"}],"event_choices":[{"damage_healed":0,"gold_gain":0,"player_choice":"Take Damage","damage_taken":24,"relics_obtained":["Golden Idol"],"max_hp_gain":0,"max_hp_loss":0,"event_name":"Golden Idol","floor":3,"gold_loss":0},{"cards_removed":["Strike_G"],"damage_healed":0,"gold_gain":0,"player_choice":"Forget","damage_taken":0,"max_hp_gain":0,"max_hp_loss":0,"event_name":"Living Wall","floor":5,"gold_loss":0}],"is_beta":false,"boss_relics":[],"items_purged_floors":[7],"is_endless":false,"potions_floor_spawned":[2,4,14],"killed_by":"Hexaghost","ascension_level":17}