{"gold_per_floor":[368,518,531,456,476,226,236,236,262,277,306,365,365],"floor_reached":13,"playtime":366,"items_purged":["Doubt","Strike_G"],"score":162,"play_id":"dc5d87ba-dca5-4c43-98a9-ed033fc26aa9","local_time":"20190610131105","is_ascension_mode":true,"campfire_choices":[{"floor":8,"key":"REST"}],"neow_cost":"PERCENT_DAMAGE","seed_source_timestamp":2281143404017588,"circlet_count":0,"master_deck":["AscendersBane","Defend_G","Defend_G","Defend_G","Defend_G","Defend_G","Strike_G","Strike_G","Strike_G","Strike_G","Survivor","Neutralize","Dash","Dagger Throw","Corpse Explosion","Caltrops","Deadly Poison","Quick Slash"],"relics":["Ring of the Snake","Strawberry","Happy Flower"],"potions_floor_usage":[11,13],"damage_taken":[{"damage":0,"enemies":"Small Slimes","floor":1,"turns":4},{"damage":0,"enemies":"2 Louse","floor":3,"turns":3},{"damage":14,"enemies":"Cultist","floor":5,"turns":5},{"damage":3,"enemies":"Looter","floor":7,"turns":4},{"damage":0,"enemies":"2 Fungi Beasts","floor":10,"turns":2},{"damage":48,"enemies":"Gremlin Nob","floor":11,"turns":5},{"damage":5,"enemies":"Exordium Wildlife","floor":13,"turns":2}],"seed_played":"3429415105957254209","potions_obtained":[{"floor":1,"key":"SkillPotion"},{"floor":5,"key":"Ancient Potion"},{"floor":11,"key":"EssenceOfSteel"}],"is_trial":false,"path_per_floor":["M","?","M","$","M","$","M","R","T","M","E","?","M"],"character_chosen":"THE_SILENT","items_purchased":["Corpse Explosion"],"campfire_rested":1,"item_purchase_floors":[6],"current_hp_per_floor":[44,44,44,44,30,30,27,46,53,53,5,5,0],"gold":365,"neow_bonus":"TWO_FIFTY_GOLD","is_prod":false,"is_daily":false,"chose_seed":false,"campfire_upgraded":0,"win_rate":0,"timestamp":1560186665,"path_taken":["M","?","M","$","M","$","M","R","T","M","E","?","M"],"build_version":"2019-01-23","purchased_purges":2,"victory":false,"max_hp_per_floor":[66,66,66,66,66,66,66,66,73,73,73,73,73],"card_choices":[{"not_picked":["Tactician","Distraction"],"picked":"Dash","floor":1},{"not_picked":["Underhanded Strike","Accuracy","Deflect"],"picked":"SKIP","floor":3},{"not_picked":["Quick Slash","Blade Dance"],"picked":"Dagger Throw","floor":5},{"not_picked":["Flying Knee","Endless Agony"],"picked":"Caltrops","floor":7},{"not_picked":["Distraction","Acrobatics"],"picked":"Deadly Poison","floor":10},{"not_picked":["Prepared","Eviscerate"],"picked":"Quick Slash","floor":11}],"player_experience":808905,"relics_obtained":[{"floor":9,"key":"Strawberry"},{"floor":11,"key":"Happy Flower"}],"event_choices":[{"damage_healed":0,"gold_gain":150,"player_choice":"AGREE","damage_taken":0,"max_hp_gain":0,"max_hp_loss":0,"event_name":"Liars Game","floor":2,"gold_loss":0,"cards_obtained":["Doubt"]},{"damage_healed":0,"gold_gain":59,"player_choice":"Gained Gold","damage_taken":0,"max_hp_gain":0,"max_hp_loss":0,"event_name":"Golden Wing","floor":12,"gold_loss":0}],"is_beta":false,"boss_relics":[],"items_purged_floors":[4,6],"is_endless":false,"potions_floor_spawned":[1,5,11],"killed_by":"Exordium Wildlife","ascension_level":18}