{"gold_per_floor":[116,42,42,42,56,56,69,69,122,87,12,12,24,34,34,136,136,146,166,166,166,166,166,31,31,56,56,56,81,104,122,122,226,226,241,241,241,42,62,62,93,93,139,170,170,189,189,202,202,202],"floor_reached":51,"playtime":1813,"items_purged":["Strike_B","Strike_B+1","Zap+1"],"score":1149,"play_id":"e79043c7-8036-4243-967c-80c87147b70e","local_time":"20181125014423","is_ascension_mode":true,"campfire_choices":[{"data":"Gash","floor":6,"key":"SMITH"},{"data":"Zap","floor":8,"key":"SMITH"},{"floor":15,"key":"REST"},{"data":"Buffer","floor":23,"key":"SMITH"},{"data":"Seek","floor":28,"key":"SMITH"},{"floor":32,"key":"REST"},{"data":"Go for the Eyes","floor":40,"key":"SMITH"},{"floor":42,"key":"REST"},{"data":"Steam","floor":45,"key":"SMITH"},{"data":"Capacitor","floor":47,"key":"SMITH"},{"floor":49,"key":"REST"}],"neow_cost":"NONE","seed_source_timestamp":18805939793969,"circlet_count":0,"master_deck":["AscendersBane","Strike_B+1","Strike_B+1","Defend_B+1","Defend_B+1","Defend_B+1","Defend_B+1","Conserve Battery+1","All For One","Gash+1","Sweeping Beam","Buffer+1","Gash","Seek+1","Streamline","Scrape","Capacitor+1","All For One","Capacitor+1","Go for the Eyes+1","Steam+1","Injury","Defragment"],"relics":["FrozenCore","Vajra","Dream Catcher","Orichalcum","Oddly Smooth Stone","Cursed Key","Blood Vial","Pen Nib","Regal Pillow"],"potions_floor_usage":[29,39,50],"damage_taken":[{"damage":10,"enemies":"2 Louse","floor":1,"turns":3},{"damage":7,"enemies":"Jaw Worm","floor":5,"turns":3},{"damage":7,"enemies":"Small Slimes","floor":7,"turns":3},{"damage":2,"enemies":"2 Fungi Beasts","floor":13,"turns":3},{"damage":18,"enemies":"3 Louse","floor":14,"turns":3},{"damage":38,"enemies":"The Guardian","floor":16,"turns":8},{"damage":3,"enemies":"3 Byrds","floor":18,"turns":4},{"damage":0,"enemies":"Chosen","floor":19,"turns":4},{"damage":10,"enemies":"Book of Stabbing","floor":29,"turns":6},{"damage":3,"enemies":"3 Cultists","floor":31,"turns":4},{"damage":25,"enemies":"Collector","floor":33,"turns":10},{"damage":0,"enemies":"3 Shapes","floor":35,"turns":4},{"damage":13,"enemies":"3 Darklings","floor":39,"turns":5},{"damage":0,"enemies":"Nemesis","floor":41,"turns":9},{"damage":0,"enemies":"Reptomancer","floor":44,"turns":6},{"damage":17,"enemies":"Sphere and 2 Shapes","floor":46,"turns":6},{"damage":10,"enemies":"Maw","floor":48,"turns":8},{"damage":48,"enemies":"Donu and Deca","floor":50,"turns":11}],"seed_played":"-9063563441002473750","potions_obtained":[{"floor":5,"key":"Weak Potion"},{"floor":13,"key":"Dexterity Potion"},{"floor":16,"key":"Block Potion"},{"floor":35,"key":"FairyPotion"},{"floor":39,"key":"SteroidPotion"}],"is_trial":false,"path_per_floor":["M","$","?","$","M","R","M","R","T","?","$","?","M","M","R","B",null,"M","M","?","$","?","R","$","?","T","?","R","E","T","M","R","B",null,"M","?","?","$","M","R","E","R","T","E","R","M","R","M","R","B",null],"character_chosen":"DEFECT","items_purchased":["All For One","Scrape","Capacitor"],"campfire_rested":4,"item_purchase_floors":[2,24,38],"current_hp_per_floor":[58,58,43,43,36,36,29,29,29,47,47,47,45,27,49,11,59,56,56,56,56,56,56,56,56,56,56,56,46,46,43,65,40,66,66,66,66,66,53,53,53,71,71,71,71,54,54,46,71,23],"gold":202,"neow_bonus":"REMOVE_CARD","is_prod":false,"is_daily":false,"chose_seed":false,"campfire_upgraded":7,"win_rate":0,"timestamp":1543121063,"path_taken":["M","$","?","$","M","R","M","R","T","?","$","?","?","M","R","BOSS","M","M","?","$","?","R","$","?","T","?","R","E","?","M","R","BOSS","M","?","?","$","M","R","E","R","T","E","R","M","R","M","R","BOSS"],"build_version":"2018-11-15","purchased_purges":3,"victory":true,"max_hp_per_floor":[75,75,75,75,75,75,75,75,75,75,75,75,75,75,75,75,75,75,75,75,75,75,75,75,75,75,75,75,75,75,75,75,75,75,75,71,71,71,71,71,71,71,71,71,71,71,71,71,71,71],"card_choices":[{"not_picked":["Leap","Tempest"],"picked":"Conserve Battery","floor":1},{"not_picked":["Undo","Auto Shields"],"picked":"Gash","floor":5},{"not_picked":["Loop","Cold Snap"],"picked":"Sweeping Beam","floor":7},{"not_picked":["Redo","Go for the Eyes"],"picked":"Buffer","floor":13},{"not_picked":["Turbo","Redo"],"picked":"Gash","floor":14},{"not_picked":["Biased Cognition","Electrodynamics"],"picked":"Seek","floor":16},{"not_picked":["Reprogram+1","Sunder","Barrage+1"],"picked":"SKIP","floor":18},{"not_picked":["Redo+1","Ball Lightning"],"picked":"Streamline","floor":19},{"not_picked":["All For One","Ball Lightning","Darkness"],"picked":"SKIP","floor":29},{"not_picked":["Double Energy","Glacier"],"picked":"Capacitor+1","floor":31},{"not_picked":["Self Repair","Barrage+1"],"picked":"BootSequence","floor":32},{"not_picked":["Hyperbeam","Buffer"],"picked":"All For One","floor":33},{"not_picked":["Streamline+1","Coolheaded","Turbo"],"picked":"SKIP","floor":35},{"not_picked":["Cold Snap+1","Compile Driver+1"],"picked":"Go for the Eyes","floor":39},{"not_picked":["Fusion+1","Ball Lightning+1","Tempest+1"],"picked":"SKIP","floor":41},{"not_picked":["Fusion+1","Ball Lightning+1","Tempest+1"],"picked":"SKIP","floor":41},{"not_picked":["Redo","Ball Lightning+1"],"picked":"Steam","floor":42},{"not_picked":["Conserve Battery+1","Barrage+1","Fusion"],"picked":"SKIP","floor":44},{"not_picked":["Compile Driver","Double Energy+1","FTL"],"picked":"SKIP","floor":46},{"not_picked":["Machine Learning","Loop"],"picked":"Defragment","floor":48}],"player_experience":413459,"relics_obtained":[{"floor":9,"key":"Vajra"},{"floor":26,"key":"Dream Catcher"},{"floor":29,"key":"Orichalcum"},{"floor":30,"key":"Oddly Smooth Stone"},{"floor":41,"key":"Blood Vial"},{"floor":43,"key":"Pen Nib"},{"floor":44,"key":"Regal Pillow"}],"event_choices":[{"damage_healed":0,"gold_gain":0,"player_choice":"Entered Light","damage_taken":15,"max_hp_gain":0,"max_hp_loss":0,"event_name":"Shining Light","floor":3,"gold_loss":0,"cards_upgraded":["Defend_B","Conserve Battery"]},{"damage_healed":18,"gold_gain":0,"player_choice":"Healed","damage_taken":0,"max_hp_gain":0,"max_hp_loss":0,"event_name":"The Cleric","floor":10,"gold_loss":35},{"damage_healed":0,"gold_gain":0,"player_choice":"Searched \u00271\u0027 times","damage_taken":0,"max_hp_gain":0,"max_hp_loss":0,"event_name":"Dead Adventurer","floor":12,"gold_loss":0},{"damage_healed":0,"gold_gain":0,"player_choice":"Ignored","damage_taken":0,"max_hp_gain":0,"max_hp_loss":0,"event_name":"Ghosts","floor":20,"gold_loss":0},{"damage_healed":0,"gold_gain":0,"player_choice":"Simplicity","damage_taken":0,"max_hp_gain":0,"max_hp_loss":0,"event_name":"Back to Basics","floor":22,"gold_loss":0,"cards_upgraded":["Strike_B","Strike_B","Strike_B","Defend_B","Defend_B","Defend_B"]},{"damage_healed":0,"gold_gain":0,"player_choice":"Ignored","damage_taken":0,"max_hp_gain":0,"max_hp_loss":0,"event_name":"Vampires","floor":27,"gold_loss":0},{"damage_healed":0,"gold_gain":0,"player_choice":"Max HP","damage_taken":0,"max_hp_gain":0,"max_hp_loss":4,"event_name":"Winding Halls","floor":36,"gold_loss":0},{"cards_removed":["BootSequence"],"damage_healed":0,"gold_gain":0,"player_choice":"Removed Skill","damage_taken":0,"max_hp_gain":0,"max_hp_loss":0,"event_name":"Falling","floor":37,"gold_loss":0}],"is_beta":false,"boss_relics":[{"not_picked":["Pandora\u0027s Box","Snecko Eye"],"picked":"FrozenCore"},{"not_picked":["Velvet Choker","Empty Cage"],"picked":"Cursed Key"}],"items_purged_floors":[11,24,38],"is_endless":false,"potions_floor_spawned":[5,13,16,18,19,35,39],"ascension_level":11}