{"gold_per_floor":[111,121,221,233,243,275,295,307,333,333,333,94,123,178,178,178],"floor_reached":16,"playtime":624,"items_purged":[],"score":140,"play_id":"2aad20b7-da85-4177-bf97-307af8dfa7af","local_time":"20190513172507","is_ascension_mode":true,"campfire_choices":[{"data":"Battle Trance","floor":11,"key":"SMITH"},{"data":"Spot Weakness","floor":15,"key":"SMITH"}],"neow_cost":"NONE","seed_source_timestamp":1034969169650594,"circlet_count":0,"master_deck":["Strike_R","Strike_R","Strike_R","Strike_R","Strike_R","Defend_R","Defend_R","Defend_R","Defend_R","Bash","Battle Trance+1","Perfected Strike","Spot Weakness","Flame Barrier","Feel No Pain","Reaper","Pummel","Spot Weakness+1"],"relics":["Burning Blood","Juzu Bracelet","Smiling Mask","Meat on the Bone","Magic Flower","Vajra"],"potions_floor_usage":[5,6,13,14],"damage_taken":[{"damage":3,"enemies":"Jaw Worm","floor":1,"turns":4},{"damage":6,"enemies":"Cultist","floor":2,"turns":3},{"damage":8,"enemies":"2 Louse","floor":4,"turns":3},{"damage":5,"enemies":"Gremlin Gang","floor":5,"turns":2},{"damage":40,"enemies":"Lagavulin","floor":6,"turns":5},{"damage":4,"enemies":"Blue Slaver","floor":7,"turns":5},{"damage":18,"enemies":"3 Louse","floor":8,"turns":4},{"damage":26,"enemies":"Gremlin Nob","floor":13,"turns":4},{"damage":29,"enemies":"Lagavulin Event","floor":14,"turns":5},{"damage":46,"enemies":"Slime Boss","floor":16,"turns":9}],"seed_played":"-5391799150638532803","potions_obtained":[{"floor":2,"key":"Explosive Potion"},{"floor":4,"key":"SteroidPotion"},{"floor":5,"key":"Strength Potion"},{"floor":6,"key":"Explosive Potion"},{"floor":14,"key":"Dexterity Potion"}],"is_trial":false,"path_per_floor":["M","M","?","M","M","E","M","M","T","?","R","$","E","?","R","B"],"character_chosen":"IRONCLAD","items_purchased":["Meat on the Bone"],"campfire_rested":0,"item_purchase_floors":[12],"current_hp_per_floor":[88,88,88,86,87,53,55,43,43,43,43,43,35,41,41,0],"gold":178,"neow_bonus":"TEN_PERCENT_HP_BONUS","is_prod":false,"is_daily":false,"chose_seed":false,"campfire_upgraded":2,"win_rate":0,"timestamp":1557782707,"path_taken":["M","M","?","?","?","E","M","M","T","?","R","$","E","?","R","BOSS"],"build_version":"2019-01-23","purchased_purges":0,"victory":false,"max_hp_per_floor":[88,88,88,88,88,88,88,88,88,88,88,88,88,88,88,88],"card_choices":[{"not_picked":["Thunderclap","Warcry"],"picked":"Battle Trance","floor":1},{"not_picked":["Reckless Charge","Wild Strike"],"picked":"Perfected Strike","floor":2},{"not_picked":["Clothesline","Armaments"],"picked":"Spot Weakness","floor":4},{"not_picked":["Hemokinesis","Cleave","Combust"],"picked":"SKIP","floor":5},{"not_picked":["Battle Trance","Shrug It Off"],"picked":"Flame Barrier","floor":6},{"not_picked":["Seeing Red","Wild Strike"],"picked":"Feel No Pain","floor":7},{"not_picked":["Anger","Entrench"],"picked":"Reaper","floor":8},{"not_picked":["Headbutt","Thunderclap"],"picked":"Pummel","floor":13},{"not_picked":["Headbutt","Twin Strike"],"picked":"Spot Weakness","floor":14}],"player_experience":536332,"relics_obtained":[{"floor":6,"key":"Juzu Bracelet"},{"floor":9,"key":"Smiling Mask"},{"floor":13,"key":"Magic Flower"},{"floor":14,"key":"Vajra"}],"event_choices":[{"damage_healed":0,"gold_gain":100,"player_choice":"Gold","damage_taken":0,"max_hp_gain":0,"max_hp_loss":0,"event_name":"Wheel of Change","floor":3,"gold_loss":0},{"damage_healed":0,"gold_gain":0,"player_choice":"Bought 0 Potions","damage_taken":0,"max_hp_gain":0,"max_hp_loss":0,"event_name":"The Woman in Blue","floor":10,"gold_loss":0},{"damage_healed":0,"gold_gain":0,"player_choice":"Searched \u00271\u0027 times","damage_taken":0,"max_hp_gain":0,"max_hp_loss":0,"event_name":"Dead Adventurer","floor":14,"gold_loss":0}],"is_beta":false,"boss_relics":[],"items_purged_floors":[],"is_endless":false,"potions_floor_spawned":[2,4,5,6,14],"killed_by":"Slime Boss","ascension_level":5}