{"gold_per_floor":[111,161,174,184,204,204,219,219,270,199,199,216,216,233,233,307,307,207,207,74,74,74,74,74],"floor_reached":24,"playtime":1137,"items_purged":["Strike_G"],"score":352,"play_id":"05919c1e-80ec-495b-a297-79ce4d5abb42","local_time":"20181221165847","is_ascension_mode":true,"campfire_choices":[{"data":"Noxious Fumes","floor":6,"key":"SMITH"},{"data":"Dodge and Roll","floor":8,"key":"SMITH"},{"data":"Deadly Poison","floor":11,"key":"SMITH"},{"data":"Neutralize","floor":13,"key":"SMITH"},{"data":"Acrobatics","floor":15,"key":"SMITH"},{"data":"Wraith Form v2","floor":23,"key":"SMITH"}],"neow_cost":"NONE","seed_source_timestamp":3814512943800,"circlet_count":0,"master_deck":["AscendersBane","Defend_G","Defend_G","Defend_G","Defend_G","Defend_G","Strike_G","Strike_G","Strike_G","Strike_G","Survivor","Neutralize+1","Deadly Poison+1","Bane","Noxious Fumes+1","Dagger Throw","Dodge and Roll+1","Acrobatics+1","Wraith Form v2+1","Backflip","Deflect","Crippling Poison"],"relics":["Ring of the Snake","Ancient Tea Set","Centennial Puzzle","Ectoplasm"],"potions_floor_usage":[21],"damage_taken":[{"damage":3,"enemies":"Cultist","floor":1,"turns":4},{"damage":4,"enemies":"Small Slimes","floor":3,"turns":4},{"damage":7,"enemies":"2 Louse","floor":4,"turns":4},{"damage":4,"enemies":"Looter","floor":5,"turns":4},{"damage":0,"enemies":"2 Fungi Beasts","floor":7,"turns":2},{"damage":3,"enemies":"Large Slime","floor":12,"turns":5},{"damage":0,"enemies":"Blue Slaver","floor":14,"turns":3},{"damage":10,"enemies":"Hexaghost","floor":16,"turns":9},{"damage":6,"enemies":"2 Thieves","floor":18,"turns":5},{"damage":12,"enemies":"Shell Parasite","floor":21,"turns":6},{"damage":15,"enemies":"Snecko","floor":22,"turns":6},{"damage":33,"enemies":"Book of Stabbing","floor":24,"turns":6}],"seed_played":"-1056148317332737597","potions_obtained":[{"floor":4,"key":"SteroidPotion"},{"floor":5,"key":"Energy Potion"},{"floor":12,"key":"Regen Potion"},{"floor":22,"key":"Energy Potion"}],"is_trial":false,"path_per_floor":["M","?","M","M","M","R","M","R","T","?","R","M","R","M","R","B",null,"M","?","$","M","M","R","E"],"character_chosen":"THE_SILENT","items_purchased":["Deflect"],"campfire_rested":0,"item_purchase_floors":[20],"current_hp_per_floor":[56,56,52,45,41,41,41,41,41,41,41,38,38,38,38,28,57,51,45,45,48,33,33,0],"gold":74,"neow_bonus":"RANDOM_COMMON_RELIC","is_prod":false,"is_daily":false,"chose_seed":false,"campfire_upgraded":6,"win_rate":0,"timestamp":1545422327,"path_taken":["M","?","?","M","M","R","M","R","T","?","R","M","R","M","R","BOSS","M","?","$","M","M","R","E"],"build_version":"2018-12-20","purchased_purges":1,"victory":false,"max_hp_per_floor":[66,66,66,66,66,66,66,66,66,66,66,66,66,66,66,66,66,66,66,66,66,66,66,66],"card_choices":[{"not_picked":["Eviscerate","Infinite Blades"],"picked":"Deadly Poison","floor":1},{"not_picked":["Terror","PiercingWail"],"picked":"Bane","floor":3},{"not_picked":["Flying Knee","Slice"],"picked":"Noxious Fumes","floor":4},{"not_picked":["Bane","Poisoned Stab"],"picked":"Dagger Throw","floor":5},{"not_picked":["Cloak And Dagger","Underhanded Strike"],"picked":"Dodge and Roll","floor":7},{"not_picked":["Choke","Outmaneuver"],"picked":"Acrobatics","floor":12},{"not_picked":["Backstab","Eviscerate","Setup"],"picked":"SKIP","floor":14},{"not_picked":["Grand Finale","Doppelganger"],"picked":"Wraith Form v2","floor":16},{"not_picked":["Cloak And Dagger","Poisoned Stab"],"picked":"Backflip","floor":18},{"not_picked":["Concentrate","Prepared"],"picked":"Crippling Poison","floor":21},{"not_picked":["Distraction","Expertise","Finisher"],"picked":"SKIP","floor":22}],"player_experience":586856,"relics_obtained":[{"floor":9,"key":"Centennial Puzzle"}],"event_choices":[{"damage_healed":0,"gold_gain":50,"player_choice":"Pray","damage_taken":0,"max_hp_gain":0,"max_hp_loss":0,"event_name":"Golden Shrine","floor":2,"gold_loss":0},{"damage_healed":0,"gold_gain":0,"player_choice":"Left Gold","damage_taken":0,"max_hp_gain":0,"max_hp_loss":0,"event_name":"World of Goop","floor":10,"gold_loss":71},{"damage_healed":0,"gold_gain":0,"player_choice":"","damage_taken":6,"max_hp_gain":0,"max_hp_loss":0,"event_name":"Knowing Skull","floor":19,"potions_obtained":[],"gold_loss":0,"cards_obtained":[]}],"is_beta":false,"boss_relics":[{"not_picked":["HoveringKite","White Beast Statue"],"picked":"Ectoplasm"}],"items_purged_floors":[20],"is_endless":false,"potions_floor_spawned":[4,5,7,12,22],"killed_by":"Book of Stabbing","ascension_level":17}