{"gold_per_floor":[117,117,117,22,22,63,63,88,137,168,168,36,52,52,52,176,176,197,197,211,261,261],"floor_reached":22,"playtime":633,"items_purged":[],"score":219,"play_id":"240a4b58-a33a-4ae3-8bf7-d63d382f4577","local_time":"20180920215122","is_ascension_mode":true,"campfire_choices":[{"floor":11,"key":"REST"},{"floor":15,"key":"REST"}],"neow_cost":"NONE","seed_source_timestamp":547274430518053,"circlet_count":0,"master_deck":["Strike_B+1","Strike_B","Strike_B","Strike_B","Defend_B","Defend_B","Defend_B","Defend_B","Zap","Dualcast","Rainbow+1","Redo","Injury","Discovery","Double Energy","Auto Shields","Core Surge","Madness+1","Sunder","Stack","Rainbow","White Noise","Necronomicurse","Doom and Gloom"],"relics":["Cracked Core","Golden Idol","Darkstone Periapt","Mercury Hourglass","Dodecahedron","PreservedInsect","Blood Vial","Busted Crown","Necronomicon"],"potions_floor_usage":[16,22],"damage_taken":[{"damage":8,"enemies":"Small Slimes","floor":1,"turns":3},{"damage":26,"enemies":"Gremlin Nob","floor":6,"turns":4},{"damage":0,"enemies":"2 Louse","floor":8,"turns":2},{"damage":26,"enemies":"Lagavulin","floor":10,"turns":4},{"damage":0,"enemies":"Jaw Worm","floor":13,"turns":2},{"damage":25,"enemies":"Hexaghost","floor":16,"turns":11},{"damage":31,"enemies":"3 Byrds","floor":18,"turns":4},{"damage":28,"enemies":"Shell Parasite","floor":20,"turns":4},{"damage":18,"enemies":"Snake Plant","floor":22,"turns":2}],"seed_played":"2203893795943405148","potions_obtained":[{"floor":6,"key":"Swift Potion"},{"floor":8,"key":"Energy Potion"},{"floor":18,"key":"Poison Potion"}],"is_trial":false,"path_per_floor":["M","?","?","$","?","E","?","M","T","E","R","$","M","?","R","B",null,"M","?","M","?"],"character_chosen":"DEFECT","items_purchased":["Discovery","Madness","Sunder"],"campfire_rested":2,"item_purchase_floors":[4,12,12],"current_hp_per_floor":[67,67,67,67,64,38,38,38,38,12,34,34,36,21,43,20,75,51,41,15,15,0],"gold":261,"neow_bonus":"ONE_RANDOM_RARE_CARD","is_prod":false,"is_daily":false,"chose_seed":false,"campfire_upgraded":0,"win_rate":0,"timestamp":1537494682,"path_taken":["M","?","?","$","?","E","?","?","T","E","R","$","M","?","R","BOSS","M","?","M","?","?"],"build_version":"2018-09-20","purchased_purges":0,"victory":false,"max_hp_per_floor":[75,75,75,75,75,75,75,75,75,75,75,75,75,75,75,75,75,75,81,81,81,81],"card_choices":[{"not_picked":["Sunder","Scrape"],"picked":"Redo","floor":1},{"not_picked":["Skim","Chaos"],"picked":"Double Energy","floor":6},{"not_picked":["Coolheaded","Undo"],"picked":"Auto Shields","floor":8},{"not_picked":["Gash","Reboot"],"picked":"Core Surge","floor":10},{"not_picked":["Sunder","Leap"],"picked":"Stack","floor":13},{"not_picked":["All For One","Multi-Cast"],"picked":"Rainbow","floor":16},{"not_picked":[],"picked":"White Noise","floor":18},{"not_picked":[],"picked":"Doom and Gloom","floor":20}],"player_experience":155615,"relics_obtained":[{"floor":6,"key":"Mercury Hourglass"},{"floor":9,"key":"PreservedInsect"},{"floor":10,"key":"Blood Vial"},{"floor":19,"key":"Necronomicon"}],"event_choices":[{"event_name":"Golden Idol","player_choice":"Take Wound","floor":2,"damage_taken":0},{"event_name":"Living Wall","player_choice":"Grow","floor":3,"damage_taken":0},{"event_name":"Scrap Ooze","player_choice":"success","floor":5,"damage_taken":3},{"event_name":"WeMeetAgain","player_choice":"Potion","floor":7,"damage_taken":0},{"event_name":"Shining Light","player_choice":"Entered Light","floor":14,"damage_taken":0},{"event_name":"Cursed Tome","player_choice":"Obtained Book","floor":19,"damage_taken":0},{"event_name":"The Joust","player_choice":"Bet on Murderer","floor":21,"damage_taken":0}],"is_beta":false,"boss_relics":[{"not_picked":["Ectoplasm","Coffee Dripper"],"picked":"Busted Crown"}],"items_purged_floors":[],"is_endless":false,"potions_floor_spawned":[6,8,18],"killed_by":"Snake Plant","ascension_level":3}