{"gold_per_floor":[116,116,126,146,146,146,162,172,223,248,267,286,286,286,286,363,363,363,323,248,248,248],"floor_reached":22,"playtime":1193,"items_purged":["Pain"],"score":338,"play_id":"7987f673-6877-49f4-ae5d-8cb6e9652601","local_time":"20190621141511","is_ascension_mode":true,"campfire_choices":[{"data":"Poisoned Stab","floor":6,"key":"SMITH"},{"floor":13,"key":"REST"},{"data":"Noxious Fumes","floor":15,"key":"SMITH"}],"neow_cost":"NONE","seed_source_timestamp":764217759470520,"circlet_count":0,"master_deck":["AscendersBane","Defend_G","Defend_G","Defend_G","Defend_G","Defend_G","Strike_G","Strike_G","Strike_G","Strike_G","Strike_G","Survivor","Neutralize+1","Poisoned Stab+1","Poisoned Stab+1","Noxious Fumes","Noxious Fumes+1","Dodge and Roll","Slice","Corpse Explosion","Die Die Die","Catalyst"],"relics":["Ring of the Snake","Lantern","Odd Mushroom","Ectoplasm","Nilry\u0027s Codex"],"potions_floor_usage":[10,11,22],"damage_taken":[{"damage":3,"enemies":"Small Slimes","floor":1,"turns":6},{"damage":7,"enemies":"Jaw Worm","floor":3,"turns":6},{"damage":0,"enemies":"Cultist","floor":4,"turns":4},{"damage":1,"enemies":"Looter","floor":7,"turns":3},{"damage":12,"enemies":"3 Louse","floor":8,"turns":4},{"damage":4,"enemies":"The Mushroom Lair","floor":10,"turns":4},{"damage":17,"enemies":"Gremlin Gang","floor":11,"turns":5},{"damage":0,"enemies":"Large Slime","floor":12,"turns":6},{"damage":36,"enemies":"The Guardian","floor":16,"turns":9},{"damage":4,"enemies":"3 Byrds","floor":18,"turns":3},{"damage":19,"enemies":"2 Thieves","floor":19,"turns":2},{"damage":16,"enemies":"Snecko","floor":22,"turns":3}],"seed_played":"2469676745404417792","potions_obtained":[{"floor":4,"key":"SpeedPotion"},{"floor":8,"key":"Explosive Potion"},{"floor":12,"key":"FearPotion"},{"floor":16,"key":"Ancient Potion"}],"is_trial":false,"path_per_floor":["M","?","M","M","?","R","M","M","T","?","M","M","R","?","R","B",null,"M","M","$","?","M"],"character_chosen":"THE_SILENT","items_purchased":[],"campfire_rested":1,"item_purchase_floors":[],"current_hp_per_floor":[56,61,54,54,54,54,53,41,41,37,20,20,41,41,41,5,55,51,32,32,11,0],"gold":248,"neow_bonus":"UPGRADE_CARD","is_prod":false,"is_daily":false,"chose_seed":false,"campfire_upgraded":2,"win_rate":0,"timestamp":1561097711,"path_taken":["M","?","M","M","?","R","M","?","T","?","M","M","R","?","R","BOSS","M","?","$","?","M"],"build_version":"2019-01-23","purchased_purges":1,"victory":false,"max_hp_per_floor":[66,71,71,71,71,71,71,71,71,71,71,71,71,71,71,71,71,71,71,71,71,71],"card_choices":[{"not_picked":["Quick Slash","Blade Dance"],"picked":"Poisoned Stab","floor":1},{"not_picked":["Acrobatics","Choke","Underhanded Strike"],"picked":"SKIP","floor":3},{"not_picked":["Leg Sweep","Quick Slash"],"picked":"Poisoned Stab","floor":4},{"not_picked":["Sucker Punch","Outmaneuver"],"picked":"Noxious Fumes","floor":7},{"not_picked":["Accuracy","Outmaneuver","Prepared"],"picked":"SKIP","floor":8},{"not_picked":["Masterful Stab","Crippling Poison"],"picked":"Noxious Fumes","floor":10},{"not_picked":["Predator","PiercingWail"],"picked":"Dodge and Roll","floor":11},{"not_picked":["Deflect","Accuracy"],"picked":"Slice","floor":12},{"not_picked":["Glass Knife","Unload"],"picked":"Die Die Die","floor":16},{"not_picked":["Skewer","Blade Dance"],"picked":"Catalyst","floor":18},{"not_picked":["Dagger Throw","Skewer","Prepared"],"picked":"SKIP","floor":19}],"player_experience":944471,"relics_obtained":[{"floor":9,"key":"Lantern"},{"floor":10,"key":"Odd Mushroom"},{"floor":21,"key":"Nilry\u0027s Codex"}],"event_choices":[{"damage_healed":0,"gold_gain":0,"player_choice":"Donut","damage_taken":0,"max_hp_gain":5,"max_hp_loss":0,"event_name":"Big Fish","floor":2,"gold_loss":0},{"damage_healed":0,"gold_gain":0,"player_choice":"Upgraded","damage_taken":0,"max_hp_gain":0,"max_hp_loss":0,"event_name":"Upgrade Shrine","floor":5,"gold_loss":0,"cards_upgraded":["Poisoned Stab"]},{"damage_healed":0,"gold_gain":0,"player_choice":"Fought Mushrooms","damage_taken":0,"max_hp_gain":0,"max_hp_loss":0,"event_name":"Mushrooms","floor":10,"gold_loss":0},{"damage_healed":0,"gold_gain":0,"player_choice":"2 cards matched","damage_taken":0,"max_hp_gain":0,"max_hp_loss":0,"event_name":"Match and Keep!","floor":14,"gold_loss":0,"cards_obtained":["Pain","Corpse Explosion"]},{"damage_healed":0,"gold_gain":0,"player_choice":"Obtained Book","damage_taken":21,"max_hp_gain":0,"max_hp_loss":0,"event_name":"Cursed Tome","floor":21,"gold_loss":0}],"is_beta":false,"boss_relics":[{"not_picked":["Eternal Feather","Calling Bell"],"picked":"Ectoplasm"}],"items_purged_floors":[20],"is_endless":false,"potions_floor_spawned":[4,8,12,16],"killed_by":"Snecko","ascension_level":18}