{"gold_per_floor":[111,111,121,140,151,151,161,89,89,89,104,133,150,170,170,269,269,289,299,54,68,68,68],"floor_reached":23,"playtime":1069,"items_purged":[],"score":217,"play_id":"43db95f0-e9a0-4e12-997d-3b90c0cc47c7","local_time":"20181008010728","is_ascension_mode":true,"campfire_choices":[{"data":"Infernal Blade","floor":6,"key":"SMITH"},{"data":"Infernal Blade","floor":15,"key":"SMITH"}],"neow_cost":"NONE","seed_source_timestamp":35084311527311,"circlet_count":0,"master_deck":["Strike_R","Strike_R","Strike_R","Strike_R","Strike_R","Defend_R+1","Defend_R","Defend_R","Defend_R","Bash","Clash","Heavy Blade","Pommel Strike","Shrug It Off+1","Infernal Blade+1","Infernal Blade","Infernal Blade+1","Feed","Warcry","Flex","Spot Weakness","Clash+1"],"relics":["Black Blood","War Paint","Art of War","Happy Flower","Letter Opener"],"potions_floor_usage":[12,16,18,19,21],"damage_taken":[{"damage":0,"enemies":"Small Slimes","floor":1,"turns":3},{"damage":7,"enemies":"Jaw Worm","floor":3,"turns":3},{"damage":1,"enemies":"Cultist","floor":4,"turns":3},{"damage":16,"enemies":"Blue Slaver","floor":5,"turns":3},{"damage":1,"enemies":"Red Slaver","floor":7,"turns":3},{"damage":6,"enemies":"Exordium Thugs","floor":11,"turns":4},{"damage":17,"enemies":"Lagavulin","floor":12,"turns":6},{"damage":13,"enemies":"Blue Slaver","floor":13,"turns":2},{"damage":11,"enemies":"Large Slime","floor":14,"turns":4},{"damage":13,"enemies":"The Guardian","floor":16,"turns":10},{"damage":8,"enemies":"3 Byrds","floor":18,"turns":6},{"damage":36,"enemies":"Shell Parasite","floor":19,"turns":7},{"damage":21,"enemies":"Sentry and Sphere","floor":21,"turns":4},{"damage":54,"enemies":"Book of Stabbing","floor":23,"turns":4}],"seed_played":"-3903521964768564803","potions_obtained":[{"floor":1,"key":"Ancient Potion"},{"floor":4,"key":"FearPotion"},{"floor":5,"key":"Swift Potion"},{"floor":11,"key":"PowerPotion"},{"floor":16,"key":"SkillPotion"},{"floor":18,"key":"Poison Potion"},{"floor":19,"key":"Block Potion"}],"is_trial":false,"path_per_floor":["M","?","M","M","M","R","M","$","T","$","M","E","M","M","R","B",null,"M","M","$","M","?"],"character_chosen":"IRONCLAD","items_purchased":["Infernal Blade","Flex","Spot Weakness","Happy Flower"],"campfire_rested":0,"item_purchase_floors":[8,20,20,20],"current_hp_per_floor":[80,80,79,80,70,70,75,75,75,75,75,64,57,52,52,45,80,83,60,60,49,49,0],"gold":68,"neow_bonus":"THREE_CARDS","is_prod":false,"is_daily":false,"chose_seed":false,"campfire_upgraded":2,"win_rate":0,"timestamp":1538971648,"path_taken":["M","?","M","M","M","R","M","?","T","$","M","E","M","?","R","BOSS","M","M","$","M","?","E"],"build_version":"2018-10-04v2","purchased_purges":0,"victory":false,"max_hp_per_floor":[80,80,80,80,80,80,80,80,80,80,80,80,80,80,80,80,80,83,86,86,86,86,86],"card_choices":[{"not_picked":["Whirlwind","Clothesline"],"picked":"Clash","floor":0},{"not_picked":["Disarm","Pommel Strike"],"picked":"Heavy Blade","floor":1},{"not_picked":["Clothesline","True Grit"],"picked":"Pommel Strike","floor":3},{"not_picked":["Whirlwind","Body Slam"],"picked":"Shrug It Off","floor":4},{"not_picked":["Cleave","Juggernaut"],"picked":"Infernal Blade","floor":5},{"not_picked":["Hemokinesis","Sever Soul"],"picked":"Infernal Blade","floor":7},{"not_picked":["Anger","Perfected Strike","Metallicize"],"picked":"SKIP","floor":11},{"not_picked":["Twin Strike","Perfected Strike","Fire Breathing"],"picked":"SKIP","floor":12},{"not_picked":["Armaments","Ghostly Armor","Anger"],"picked":"SKIP","floor":13},{"not_picked":["Clothesline","Headbutt","True Grit"],"picked":"SKIP","floor":14},{"not_picked":["Bludgeon","Berserk"],"picked":"Feed","floor":16},{"not_picked":["Ghostly Armor","Flame Barrier"],"picked":"Warcry","floor":18},{"not_picked":["Anger+1","Carnage","Hemokinesis"],"picked":"SKIP","floor":19},{"not_picked":["Armaments","Warcry"],"picked":"Clash+1","floor":21}],"player_experience":118515,"relics_obtained":[{"floor":9,"key":"War Paint"},{"floor":12,"key":"Art of War"}],"event_choices":[{"event_name":"The Cleric","player_choice":"Leave","floor":2,"damage_taken":0},{"event_name":"WeMeetAgain","player_choice":"Potion","floor":22,"damage_taken":0}],"is_beta":false,"boss_relics":[{"not_picked":["Snecko Eye","Sozu"],"picked":"Black Blood"}],"items_purged_floors":[],"is_endless":false,"potions_floor_spawned":[1,4,5,11,16,18,19],"killed_by":"Book of Stabbing","ascension_level":2}