{"gold_per_floor":[110,185,185,200,47,47,77,142,142,142,42,54,71,105,105,176,176,191,191,191,205,216,216,228,228,228,256,256,290,304,105,105,182,182,196,213,233,233,233,261,261,261],"floor_reached":42,"playtime":2383,"items_purged":["Strike_G","Strike_G","Strike_G"],"score":1141,"play_id":"058fe738-c031-4781-8685-1ae62a6c6399","local_time":"20190620103411","is_ascension_mode":true,"campfire_choices":[{"data":"Neutralize","floor":6,"key":"SMITH"},{"floor":10,"key":"REST"},{"floor":15,"key":"REST"},{"floor":23,"key":"REST"},{"floor":25,"key":"REST"},{"floor":28,"key":"REST"},{"floor":32,"key":"REST"},{"floor":41,"key":"REST"}],"neow_cost":"NONE","seed_source_timestamp":714821317786354,"circlet_count":0,"master_deck":["AscendersBane","Defend_G","Defend_G","Defend_G","Defend_G","Defend_G","Strike_G","Strike_G","Survivor","Neutralize+1","Quick Slash","Escape Plan","Dash","Backstab","Cloak And Dagger","Venomology","Dagger Spray","Corpse Explosion","Wraith Form v2","Underhanded Strike","Dagger Spray+1","Footwork","Dagger Throw+1","Catalyst","Backflip","Crippling Poison","Noxious Fumes","Catalyst","Noxious Fumes","Glass Knife","Burst","Finisher+1","Calculated Gamble+1","Backflip","Writhe","The Bomb","Backflip","Backflip+1"],"relics":["Ring of the Snake","Dream Catcher","Bag of Preparation","Kunai","Tough Bandages","HoveringKite","Meat on the Bone","Dodecahedron","Blue Candle","Cursed Key","Ornamental Fan"],"potions_floor_usage":[7,14,16,16,20,21,22,24,27,33,35,40,40],"damage_taken":[{"damage":1,"enemies":"Cultist","floor":1,"turns":4},{"damage":2,"enemies":"Jaw Worm","floor":4,"turns":5},{"damage":35,"enemies":"3 Sentries","floor":7,"turns":12},{"damage":0,"enemies":"2 Louse","floor":12,"turns":3},{"damage":0,"enemies":"Blue Slaver","floor":13,"turns":3},{"damage":0,"enemies":"Gremlin Nob","floor":14,"turns":3},{"damage":63,"enemies":"Slime Boss","floor":16,"turns":15},{"damage":16,"enemies":"Spheric Guardian","floor":18,"turns":8},{"damage":20,"enemies":"Colosseum Slavers","floor":20,"turns":7},{"damage":0,"enemies":"2 Thieves","floor":21,"turns":4},{"damage":0,"enemies":"Centurion and Healer","floor":22,"turns":5},{"damage":28,"enemies":"Shelled Parasite and Fungi","floor":24,"turns":8},{"damage":20,"enemies":"Book of Stabbing","floor":27,"turns":6},{"damage":18,"enemies":"Slavers","floor":29,"turns":4},{"damage":20,"enemies":"Snake Plant","floor":30,"turns":5},{"damage":0,"enemies":"Automaton","floor":33,"turns":8},{"damage":19,"enemies":"3 Darklings","floor":35,"turns":5},{"damage":0,"enemies":"3 Shapes","floor":36,"turns":5},{"damage":0,"enemies":"3 Darklings","floor":37,"turns":2},{"damage":39,"enemies":"Reptomancer","floor":40,"turns":4},{"damage":81,"enemies":"Giant Head","floor":42,"turns":8}],"seed_played":"4352540429482738521","potions_obtained":[{"floor":4,"key":"Strength Potion"},{"floor":7,"key":"FearPotion"},{"floor":16,"key":"SteroidPotion"},{"floor":21,"key":"PowerPotion"},{"floor":30,"key":"Poison Potion"}],"is_trial":false,"path_per_floor":["M","?","T","M","$","R","E","?","T","R","$","M","M","E","R","B",null,"M","?","?","M","M","R","M","R","T","E","R","E","M","$","R","B",null,"M","M","M","?","?","E","R","E"],"character_chosen":"THE_SILENT","items_purchased":["Dash","Noxious Fumes"],"campfire_rested":7,"item_purchase_floors":[5,31],"current_hp_per_floor":[64,53,53,51,51,51,16,16,16,37,37,37,37,37,58,6,56,40,40,20,20,20,41,13,34,34,26,47,41,33,33,54,54,68,49,49,49,63,63,36,57,0],"gold":261,"neow_bonus":"TEN_PERCENT_HP_BONUS","is_prod":false,"is_daily":false,"chose_seed":false,"campfire_upgraded":1,"win_rate":0,"timestamp":1561041251,"path_taken":["M","?","?","M","$","R","E","?","T","R","?","M","M","E","R","BOSS","M","?","?","M","M","R","M","R","T","E","R","E","M","?","R","BOSS","M","M","M","?","?","E","R","E"],"build_version":"2019-01-23","purchased_purges":3,"victory":false,"max_hp_per_floor":[72,72,72,72,72,72,72,72,72,72,72,72,72,72,72,72,72,72,72,72,72,72,72,72,72,72,72,72,72,72,72,72,72,72,72,72,72,72,72,72,72,72],"card_choices":[{"not_picked":["Deadly Poison","Blade Dance"],"picked":"Quick Slash","floor":1},{"not_picked":["Expertise","Blade Dance"],"picked":"Escape Plan","floor":4},{"not_picked":["Flying Knee","Slice"],"picked":"Backstab","floor":7},{"not_picked":["Skewer","Poisoned Stab"],"picked":"Cloak And Dagger","floor":10},{"not_picked":["Deadly Poison","Backflip"],"picked":"Venomology","floor":12},{"not_picked":["Slice","Deflect","Acrobatics"],"picked":"SKIP","floor":13},{"not_picked":["Reflex","Outmaneuver"],"picked":"Dagger Spray","floor":14},{"not_picked":["Dodge and Roll","Tactician"],"picked":"Corpse Explosion","floor":15},{"not_picked":["A Thousand Cuts","Adrenaline"],"picked":"Wraith Form v2","floor":16},{"not_picked":["Flying Knee","Finisher"],"picked":"Underhanded Strike","floor":18},{"not_picked":["Quick Slash","Heel Hook+1"],"picked":"Dagger Spray+1","floor":21},{"not_picked":["Riddle With Holes","Flying Knee"],"picked":"Footwork","floor":22},{"not_picked":["All Out Attack","Dodge and Roll"],"picked":"Dagger Throw+1","floor":24},{"not_picked":["Unload","Dodge and Roll"],"picked":"Catalyst","floor":25},{"not_picked":["Concentrate","Outmaneuver"],"picked":"Backflip","floor":27},{"not_picked":["Flying Knee","Cloak And Dagger"],"picked":"Crippling Poison","floor":28},{"not_picked":["Terror","Quick Slash"],"picked":"Noxious Fumes","floor":29},{"not_picked":["PiercingWail","Cloak And Dagger"],"picked":"Catalyst","floor":30},{"not_picked":["Concentrate","Reflex"],"picked":"Glass Knife","floor":32},{"not_picked":["Tools of the Trade","Doppelganger"],"picked":"Burst","floor":33},{"not_picked":["Terror","Underhanded Strike"],"picked":"Finisher+1","floor":35},{"not_picked":["Masterful Stab+1","Blade Dance+1"],"picked":"Calculated Gamble+1","floor":36},{"not_picked":["Bane","Distraction"],"picked":"Backflip","floor":37},{"not_picked":["Jack Of All Trades","Secret Weapon"],"picked":"The Bomb","floor":39},{"not_picked":["Blade Dance","Accuracy"],"picked":"Backflip","floor":40},{"not_picked":["Tactician","Blade Dance+1"],"picked":"Backflip+1","floor":41}],"player_experience":838506,"relics_obtained":[{"floor":3,"key":"Dream Catcher"},{"floor":7,"key":"Bag of Preparation"},{"floor":9,"key":"Kunai"},{"floor":14,"key":"Tough Bandages"},{"floor":26,"key":"Meat on the Bone"},{"floor":27,"key":"Dodecahedron"},{"floor":29,"key":"Blue Candle"},{"floor":40,"key":"Ornamental Fan"}],"event_choices":[{"damage_healed":0,"gold_gain":75,"player_choice":"Gather Gold","damage_taken":11,"max_hp_gain":0,"max_hp_loss":0,"event_name":"World of Goop","floor":2,"gold_loss":0},{"damage_healed":0,"gold_gain":65,"player_choice":"Gained Gold","damage_taken":0,"max_hp_gain":0,"max_hp_loss":0,"event_name":"Golden Wing","floor":8,"gold_loss":0},{"damage_healed":0,"gold_gain":0,"player_choice":"Ignored","damage_taken":0,"max_hp_gain":0,"max_hp_loss":0,"event_name":"Vampires","floor":19,"gold_loss":0},{"damage_healed":0,"gold_gain":0,"player_choice":"Fight","damage_taken":0,"max_hp_gain":0,"max_hp_loss":0,"event_name":"Colosseum","floor":20,"gold_loss":0},{"damage_healed":0,"gold_gain":0,"player_choice":"Fled From Nobs","damage_taken":0,"max_hp_gain":0,"max_hp_loss":0,"event_name":"Colosseum","floor":20,"gold_loss":0},{"damage_healed":14,"gold_gain":0,"player_choice":"Writhe","damage_taken":0,"max_hp_gain":0,"max_hp_loss":0,"event_name":"Winding Halls","floor":38,"gold_loss":0,"cards_obtained":["Writhe"]},{"damage_healed":0,"gold_gain":0,"player_choice":"Memory 1","damage_taken":0,"max_hp_gain":0,"max_hp_loss":0,"event_name":"SensoryStone","floor":39,"gold_loss":0}],"is_beta":false,"boss_relics":[{"not_picked":["Eternal Feather","WristBlade"],"picked":"HoveringKite"},{"not_picked":["Lizard Tail","Calling Bell"],"picked":"Cursed Key"}],"items_purged_floors":[5,11,31],"is_endless":false,"potions_floor_spawned":[4,7,16,18,21,24,30],"killed_by":"Giant Head","ascension_level":18}