{"gold_per_floor":[111,127,137,61,61,61,89,89,89,89,109,109,119,144,144,144],"floor_reached":16,"playtime":832,"items_purged":[],"score":198,"play_id":"4c3c2365-4f1c-4d11-94b7-00e02a520c92","local_time":"20181218154407","is_ascension_mode":true,"campfire_choices":[{"data":"Immolate","floor":6,"key":"SMITH"},{"data":"Carnage","floor":8,"key":"SMITH"},{"data":"Bash","floor":10,"key":"SMITH"},{"data":"Shrug It Off","floor":15,"key":"SMITH"}],"neow_cost":"TEN_PERCENT_HP_LOSS","seed_source_timestamp":2099434921378,"circlet_count":0,"master_deck":["AscendersBane","Strike_R","Strike_R","Strike_R","Strike_R","Strike_R","Defend_R","Defend_R","Defend_R","Defend_R","Bash+1","Immolate+1","Battle Trance","Shrug It Off","Clash","Carnage+1","Sword Boomerang","Shrug It Off+1"],"relics":["Burning Blood","Nunchaku","Gremlin Horn","Mango"],"potions_floor_usage":[],"damage_taken":[{"damage":10,"enemies":"Jaw Worm","floor":1,"turns":4},{"damage":3,"enemies":"Cultist","floor":2,"turns":4},{"damage":0,"enemies":"Small Slimes","floor":3,"turns":2},{"damage":24,"enemies":"Gremlin Nob","floor":7,"turns":4},{"damage":13,"enemies":"Blue Slaver","floor":11,"turns":3},{"damage":0,"enemies":"Exordium Thugs","floor":13,"turns":2},{"damage":10,"enemies":"3 Sentries","floor":14,"turns":4},{"damage":59,"enemies":"The Guardian","floor":16,"turns":13}],"seed_played":"2844738209363564873","potions_obtained":[{"floor":1,"key":"Strength Potion"},{"floor":3,"key":"SmokeBomb"}],"is_trial":false,"path_per_floor":["M","M","M","$","?","R","E","R","T","R","M","?","M","E","R","B"],"character_chosen":"IRONCLAD","items_purchased":["Carnage"],"campfire_rested":0,"item_purchase_floors":[4],"current_hp_per_floor":[64,67,68,68,68,68,50,50,50,50,43,43,49,59,59,0],"gold":144,"neow_bonus":"THREE_RARE_CARDS","is_prod":false,"is_daily":false,"chose_seed":false,"campfire_upgraded":4,"win_rate":0,"timestamp":1545158647,"path_taken":["M","M","M","$","?","R","E","R","T","R","?","?","M","E","R","BOSS"],"build_version":"2018-12-13","purchased_purges":0,"victory":false,"max_hp_per_floor":[68,68,68,68,68,68,68,68,68,68,68,68,68,82,82,82],"card_choices":[{"not_picked":["Offering","Double Tap"],"picked":"Immolate","floor":0},{"not_picked":["Warcry","Sever Soul"],"picked":"Battle Trance","floor":1},{"not_picked":["Havoc","Sword Boomerang"],"picked":"Shrug It Off","floor":2},{"not_picked":["Burning Pact","Flex"],"picked":"Clash","floor":3},{"not_picked":["Bloodletting","Cleave","Pommel Strike"],"picked":"SKIP","floor":7},{"not_picked":["Wild Strike","Sword Boomerang","Clothesline"],"picked":"SKIP","floor":11},{"not_picked":["Berserk","Clash","Perfected Strike"],"picked":"SKIP","floor":13},{"not_picked":["Infernal Blade","Combust"],"picked":"Shrug It Off","floor":14}],"player_experience":564954,"relics_obtained":[{"floor":7,"key":"Nunchaku"},{"floor":9,"key":"Gremlin Horn"},{"floor":14,"key":"Mango"}],"event_choices":[{"damage_healed":0,"gold_gain":0,"player_choice":"1 cards matched","damage_taken":0,"max_hp_gain":0,"max_hp_loss":0,"event_name":"Match and Keep!","floor":5,"gold_loss":0,"cards_obtained":["Sword Boomerang"]},{"damage_healed":0,"gold_gain":0,"player_choice":"Ignored","damage_taken":0,"max_hp_gain":0,"max_hp_loss":0,"event_name":"Liars Game","floor":12,"gold_loss":0}],"is_beta":false,"boss_relics":[],"items_purged_floors":[],"is_endless":false,"potions_floor_spawned":[1,3,7],"killed_by":"The Guardian","ascension_level":16}