{"gold_per_floor":[112,112,112,112,130,168,182,206,232,267,342,377,401,425,425,555,555,549,499,11,34,34,69,69,118,118,118,132,132],"floor_reached":29,"playtime":1268,"items_purged":[],"score":276,"play_id":"92bd5cc3-6772-452c-aae8-50d576a4a6cd","local_time":"20181204233934","is_ascension_mode":true,"campfire_choices":[{"data":"Armaments","floor":15,"key":"SMITH"},{"floor":24,"key":"REST"}],"neow_cost":"NONE","seed_source_timestamp":5720307352964275,"circlet_count":0,"master_deck":["Strike_R","Strike_R","Strike_R","Strike_R","Strike_R","Defend_R","Defend_R+1","Defend_R","Defend_R","Bash","Exhume+1","Flex","Metallicize","Pummel","Armaments+1","Reaper","Armaments+1","Anger","Heavy Blade","Rampage","Berserk","Searing Blow+1","Inflame","Dual Wield+1","Rupture+1","Writhe","Sword Boomerang"],"relics":["Burning Blood","Bloody Idol","Regal Pillow","Blood Vial","Ancient Tea Set","War Paint","Eternal Feather","Mummified Hand","Toy Ornithopter","Pear","Boot","Bronze Scales","Bag of Preparation"],"potions_floor_usage":[6,10,12,16,21,23],"damage_taken":[{"damage":9,"enemies":"Cultist","floor":1,"turns":4},{"damage":5,"enemies":"2 Louse","floor":5,"turns":3},{"damage":20,"enemies":"3 Sentries","floor":6,"turns":10},{"damage":12,"enemies":"Small Slimes","floor":7,"turns":4},{"damage":0,"enemies":"Exordium Wildlife","floor":8,"turns":5},{"damage":15,"enemies":"Gremlin Nob","floor":10,"turns":3},{"damage":44,"enemies":"3 Sentries","floor":12,"turns":11},{"damage":2,"enemies":"Large Slime","floor":13,"turns":6},{"damage":16,"enemies":"Lots of Slimes","floor":14,"turns":3},{"damage":45,"enemies":"The Guardian","floor":16,"turns":14},{"damage":19,"enemies":"2 Thieves","floor":18,"turns":4},{"damage":38,"enemies":"Shell Parasite","floor":21,"turns":5},{"damage":56,"enemies":"Slavers","floor":23,"turns":6},{"damage":31,"enemies":"Snecko","floor":28,"turns":5},{"damage":127,"enemies":"Gremlin Leader","floor":29,"turns":8}],"seed_played":"6169585911678732229","potions_obtained":[{"floor":5,"key":"Explosive Potion"},{"floor":6,"key":"Fire Potion"},{"floor":10,"key":"SteroidPotion"},{"floor":14,"key":"PowerPotion"},{"floor":18,"key":"Fire Potion"},{"floor":21,"key":"Energy Potion"}],"is_trial":false,"path_per_floor":["M","?","?","?","M","E","M","M","T","E","?","E","M","M","R","B",null,"M","?","$","M","?","E","R","T","T","?","M","E"],"character_chosen":"IRONCLAD","items_purchased":["Mummified Hand","Inflame","Toy Ornithopter"],"campfire_rested":1,"item_purchase_floors":[20,20,20],"current_hp_per_floor":[77,77,70,70,71,57,51,57,57,54,43,52,58,70,70,37,80,67,67,67,51,51,38,90,90,90,90,76,0],"gold":132,"neow_bonus":"ONE_RANDOM_RARE_CARD","is_prod":false,"is_daily":false,"chose_seed":false,"campfire_upgraded":1,"win_rate":0,"timestamp":1543984774,"path_taken":["M","?","?","?","M","E","M","?","T","E","?","E","M","M","R","BOSS","M","?","$","?","?","E","R","?","T","?","M","E"],"build_version":"2018-11-15","purchased_purges":0,"victory":false,"max_hp_per_floor":[80,80,80,80,80,80,80,80,80,80,80,80,80,80,80,80,80,80,80,80,80,80,90,90,90,90,90,90,90],"card_choices":[{"not_picked":["Warcry","True Grit"],"picked":"Flex","floor":1},{"not_picked":["Combust","Dropkick"],"picked":"Metallicize","floor":5},{"not_picked":["Bloodletting","Power Through"],"picked":"Pummel","floor":6},{"not_picked":["Blood for Blood","Sword Boomerang"],"picked":"Armaments","floor":7},{"not_picked":["Rage","Shrug It Off"],"picked":"Reaper","floor":8},{"not_picked":["Bloodletting","Sever Soul"],"picked":"Armaments","floor":10},{"not_picked":["Ghostly Armor","Rage"],"picked":"Anger","floor":12},{"not_picked":["Headbutt","Shrug It Off"],"picked":"Heavy Blade","floor":13},{"not_picked":["Disarm","Shrug It Off"],"picked":"Rampage","floor":14},{"not_picked":["Offering","Dark Embrace"],"picked":"Berserk","floor":16},{"not_picked":["Cleave","Heavy Blade"],"picked":"Searing Blow+1","floor":18},{"not_picked":["Twin Strike+1","True Grit"],"picked":"Dual Wield+1","floor":21},{"not_picked":["Wild Strike","Brutality"],"picked":"Rupture+1","floor":23},{"not_picked":["Heavy Blade","Thunderclap+1"],"picked":"Sword Boomerang","floor":28}],"player_experience":249678,"relics_obtained":[{"floor":6,"key":"Regal Pillow"},{"floor":9,"key":"Blood Vial"},{"floor":10,"key":"Ancient Tea Set"},{"floor":12,"key":"War Paint"},{"floor":23,"key":"Pear"},{"floor":25,"key":"Boot"},{"floor":26,"key":"Bronze Scales"}],"event_choices":[{"damage_healed":0,"gold_gain":0,"player_choice":"Take Wound","damage_taken":0,"relics_obtained":["Golden Idol"],"max_hp_gain":0,"max_hp_loss":0,"event_name":"Golden Idol","floor":2,"gold_loss":0,"cards_obtained":["Injury"]},{"cards_removed":["Injury"],"damage_healed":0,"gold_gain":0,"player_choice":"Card Removal","damage_taken":7,"max_hp_gain":0,"max_hp_loss":0,"event_name":"Golden Wing","floor":3,"gold_loss":0},{"damage_healed":0,"gold_gain":0,"player_choice":"Grow","damage_taken":0,"max_hp_gain":0,"max_hp_loss":0,"event_name":"Living Wall","floor":4,"gold_loss":0,"cards_upgraded":["Exhume"]},{"damage_healed":0,"gold_gain":75,"player_choice":"Gather Gold","damage_taken":11,"max_hp_gain":0,"max_hp_loss":0,"event_name":"World of Goop","floor":11,"gold_loss":0},{"damage_healed":0,"gold_gain":0,"player_choice":"Bet on Owner","damage_taken":0,"max_hp_gain":0,"max_hp_loss":0,"event_name":"The Joust","floor":19,"gold_loss":50},{"damage_healed":0,"gold_gain":0,"player_choice":"Gave Idol","damage_taken":0,"relics_obtained":["Bloody Idol"],"max_hp_gain":0,"max_hp_loss":0,"event_name":"Forgotten Altar","floor":22,"relics_lost":["Golden Idol"],"gold_loss":0},{"damage_healed":0,"gold_gain":0,"player_choice":"Opened","damage_taken":0,"relics_obtained":["Bag of Preparation"],"max_hp_gain":0,"max_hp_loss":0,"event_name":"The Mausoleum","floor":27,"gold_loss":0,"cards_obtained":["Writhe"]}],"is_beta":false,"boss_relics":[{"not_picked":["Fusion Hammer","White Beast Statue"],"picked":"Eternal Feather"}],"items_purged_floors":[],"is_endless":false,"potions_floor_spawned":[5,6,10,14,18,21],"killed_by":"Gremlin Leader","ascension_level":1}