{"gold_per_floor":[16,16,16,36,49,81,81,99,99,115,126,126,145,156,156,256,256,274,284,284,384,400,400,426,0,51,70,70,169,189,25,25,130,180,200,216,516,237,251,269,298,298,298,298,298,298,298,325,325,325,325,325,14,48,48],"floor_reached":56,"playtime":8465,"items_purged":[],"score":1367,"play_id":"b15e58ac-6a51-457e-8622-243b77dcce9c","local_time":"20190609193025","is_ascension_mode":true,"campfire_choices":[{"data":"Prepared","floor":7,"key":"SMITH"},{"floor":15,"key":"REST"},{"floor":23,"key":"REST"},{"floor":28,"key":"REST"},{"data":"Noxious Fumes","floor":32,"key":"SMITH"},{"data":"Blade Dance","floor":42,"key":"SMITH"},{"data":"Malaise","floor":45,"key":"SMITH"},{"floor":47,"key":"RECALL"},{"floor":49,"key":"REST"},{"data":"Ghostly","floor":52,"key":"SMITH"}],"neow_cost":"NO_GOLD","seed_source_timestamp":0,"circlet_count":0,"master_deck":["Defend_G","Defend_G","Defend_G","Defend_G+1","Defend_G","Strike_G","Strike_G","Survivor","Neutralize","Prepared+1","Flying Knee","Quick Slash","Reflex","Backflip","Noxious Fumes+1","Predator","Distraction","Malaise+1","Bouncing Flask","PiercingWail","Ghostly+1","Ghostly","Ghostly","Ghostly","Ghostly","PiercingWail+1","Caltrops","Sucker Punch+1","Outmaneuver","Well Laid Plans","PanicButton","Bullet Time","Blade Dance+1","Cloak And Dagger+1","Well Laid Plans","Concentrate+1","Tactician+1","Caltrops","Noxious Fumes+1","PiercingWail+1","Underhanded Strike+1"],"special_seed":0,"relics":["Ring of the Snake","Pen Nib","Mummified Hand","Empty Cage","Dead Branch","Paper Crane","Question Card","Potion Belt","Tiny House","Lee\u0027s Waffle","Bag of Preparation","Bottled Tornado","Kunai","Snake Skull"],"potions_floor_usage":[6,14,16,33,33,44,48,48,55],"damage_taken":[{"damage":0.0,"enemies":"Small Slimes","floor":1.0,"turns":5.0},{"damage":2.0,"enemies":"2 Louse","floor":4.0,"turns":3.0},{"damage":10.0,"enemies":"Cultist","floor":5.0,"turns":5.0},{"damage":19,"enemies":"3 Sentries","floor":6,"turns":9},{"damage":0,"enemies":"Exordium Wildlife","floor":8,"turns":3},{"damage":14,"enemies":"Large Slime","floor":10,"turns":9},{"damage":0,"enemies":"2 Fungi Beasts","floor":11,"turns":4},{"damage":12,"enemies":"3 Louse","floor":13,"turns":4},{"damage":4,"enemies":"Blue Slaver","floor":14,"turns":3},{"damage":19,"enemies":"The Guardian","floor":16,"turns":12},{"damage":13,"enemies":"3 Byrds","floor":18,"turns":7},{"damage":7,"enemies":"Shell Parasite","floor":19,"turns":6},{"damage":4,"enemies":"Colosseum Slavers","floor":21,"turns":8},{"damage":10,"enemies":"Colosseum Nobs","floor":21,"turns":10},{"damage":5,"enemies":"Shelled Parasite and Fungi","floor":22,"turns":8},{"damage":9,"enemies":"Gremlin Leader","floor":24,"turns":10},{"damage":5,"enemies":"Snecko","floor":27,"turns":5},{"damage":3,"enemies":"Snake Plant","floor":30,"turns":4},{"damage":21,"enemies":"Collector","floor":33,"turns":13},{"damage":2,"enemies":"Orb Walker","floor":35,"turns":6},{"damage":7,"enemies":"3 Darklings","floor":36,"turns":7},{"damage":10,"enemies":"Maw","floor":39,"turns":9},{"damage":0,"enemies":"Jaw Worm Horde","floor":40,"turns":6},{"damage":1,"enemies":"Giant Head","floor":41,"turns":8},{"damage":0,"enemies":"3 Darklings","floor":44,"turns":1},{"damage":6,"enemies":"Nemesis","floor":48,"turns":9},{"damage":41,"enemies":"Donu and Deca","floor":50,"turns":9},{"damage":9,"enemies":"Shield and Spear","floor":54,"turns":6},{"damage":40,"enemies":"The Heart","floor":55,"turns":10}],"seed_played":"-4301726258459886439","potions_obtained":[{"floor":5.0,"key":"PowerPotion"},{"floor":6,"key":"GhostInAJar"},{"floor":11,"key":"Weak Potion"},{"floor":13,"key":"AttackPotion"},{"floor":21,"key":"LiquidBronze"},{"floor":30,"key":"Explosive Potion"},{"floor":34,"key":"Swift Potion"},{"floor":39,"key":"PowerPotion"},{"floor":41,"key":"SmokeBomb"},{"floor":48,"key":"SteroidPotion"}],"is_trial":false,"path_per_floor":["M","?","?","M","M","E","R","M","T","M","M","$","M","M","R","B",null,"M","M","?","?","M","R","E","?","T","M","R","?","M","$","R","B",null,"M","M","?","$","M","M","E","R","T","M","R","?","R","E","R","B",null,"R","$","E","B",null],"character_chosen":"THE_SILENT","items_purchased":["Well Laid Plans","PanicButton","Well Laid Plans","Lee\u0027s Waffle","Kunai","GhostInAJar"],"campfire_rested":4,"item_purchase_floors":[31,31,38,38,53,53],"current_hp_per_floor":[84,84,84,82,72,53,53,53,53,39,39,39,27,23,48,29,84,71,64,42,28,23,35,26,26,26,21,33,33,30,30,30,9,47,45,38,38,54,44,44,43,43,43,43,43,43,43,37,53,12,54,54,54,45,5],"gold":48,"neow_bonus":"TWENTY_PERCENT_HP_BONUS","is_prod":false,"is_daily":false,"chose_seed":false,"campfire_upgraded":5,"win_rate":0,"timestamp":1560133825,"path_taken":["M","?","?","M","M","E","R","M","T","?","M","$","M","M","R","BOSS","M","M","?","?","M","R","E","?","T","M","R","?","?","?","R","BOSS","M","M","?","?","M","?","E","R","T","M","R","?","R","E","R","BOSS","R","$","E","BOSS"],"build_version":"2019-01-23","purchased_purges":0,"victory":true,"max_hp_per_floor":[84,84,84,84,84,84,84,84,84,84,84,84,84,84,84,84,84,84,84,42,42,42,42,42,42,42,42,42,42,42,42,42,42,47,47,47,47,54,54,54,54,54,54,54,54,54,54,54,54,54,54,54,54,54,54],"card_choices":[{"not_picked":["Dodge and Roll","Deflect"],"picked":"Prepared","floor":1.0},{"not_picked":["Outmaneuver","Deadly Poison"],"picked":"Flying Knee","floor":4.0},{"not_picked":["Riddle With Holes","Flechettes"],"picked":"Quick Slash","floor":5.0},{"not_picked":["Bane","Quick Slash"],"picked":"Reflex","floor":6},{"not_picked":["Deadly Poison","Caltrops"],"picked":"Backflip","floor":8},{"not_picked":["Deflect","Setup"],"picked":"Noxious Fumes","floor":10},{"not_picked":["Flying Knee","Prepared","Cloak And Dagger"],"picked":"SKIP","floor":11},{"not_picked":["Concentrate","Tactician"],"picked":"Predator","floor":13},{"not_picked":["Poisoned Stab","Blade Dance"],"picked":"Distraction","floor":14},{"not_picked":["After Image","Envenom"],"picked":"Malaise","floor":16},{"not_picked":["Dagger Spray+1","Dodge and Roll"],"picked":"Bouncing Flask","floor":18},{"not_picked":["Slice+1","Outmaneuver"],"picked":"PiercingWail","floor":19},{"not_picked":["Bane","Expertise"],"picked":"PiercingWail+1","floor":21},{"not_picked":["Leg Sweep+1","Flying Knee"],"picked":"Caltrops","floor":22},{"not_picked":["Slice+1","Cloak And Dagger+1"],"picked":"Sucker Punch+1","floor":24},{"not_picked":["Dash","Predator","Dagger Spray+1","Flechettes+1"],"picked":"SKIP","floor":27},{"not_picked":["Underhanded Strike","Corpse Explosion","Bane+1"],"picked":"Outmaneuver","floor":30},{"not_picked":["Glass Knife","Unload","Grand Finale"],"picked":"Bullet Time","floor":33},{"not_picked":["Crippling Poison","Concentrate+1","Dagger Throw"],"picked":"Blade Dance","floor":34},{"not_picked":["Eviscerate+1","Backflip+1","Dodge and Roll"],"picked":"Cloak And Dagger+1","floor":35},{"not_picked":["Poisoned Stab+1","Bouncing Flask+1","Dagger Spray+1","Acrobatics+1"],"picked":"SKIP","floor":36},{"not_picked":["Unload","Sucker Punch+1","Flying Knee"],"picked":"Concentrate+1","floor":39},{"not_picked":["Deflect","Quick Slash","Bane+1"],"picked":"Tactician+1","floor":40},{"not_picked":["Poisoned Stab+1","Concentrate","Masterful Stab+1"],"picked":"Caltrops","floor":41},{"not_picked":["Sucker Punch","Outmaneuver","Bane"],"picked":"PiercingWail+1","floor":48},{"not_picked":["Unload","Sucker Punch+1","Poisoned Stab+1"],"picked":"Underhanded Strike+1","floor":54}],"player_experience":200953,"relics_obtained":[{"floor":6,"key":"Pen Nib"},{"floor":9,"key":"Mummified Hand"},{"floor":21,"key":"Dead Branch"},{"floor":21,"key":"Paper Crane"},{"floor":24,"key":"Question Card"},{"floor":26,"key":"Potion Belt"},{"floor":41,"key":"Bag of Preparation"},{"floor":48,"key":"Bottled Tornado"},{"floor":54,"key":"Snake Skull"}],"event_choices":[{"damage_healed":0.0,"max_hp_gain":0.0,"max_hp_loss":0.0,"gold_gain":0.0,"cards_transformed":["Strike_G"],"event_name":"Living Wall","player_choice":"Change","floor":2.0,"gold_loss":0.0,"damage_taken":0.0,"cards_obtained":["Calculated Gamble"]},{"cards_removed":["Calculated Gamble"],"damage_healed":0.0,"max_hp_gain":0.0,"max_hp_loss":0.0,"gold_gain":0.0,"event_name":"Bonfire Elementals","player_choice":"Offered Uncommon","floor":3.0,"gold_loss":0.0,"damage_taken":0.0},{"damage_healed":0,"gold_gain":0,"player_choice":"Became a Ghost","damage_taken":0,"max_hp_gain":0,"max_hp_loss":42,"event_name":"Ghosts","floor":20,"gold_loss":0,"cards_obtained":["Ghostly","Ghostly","Ghostly","Ghostly","Ghostly"]},{"damage_healed":0,"gold_gain":0,"player_choice":"Fight","damage_taken":0,"max_hp_gain":0,"max_hp_loss":0,"event_name":"Colosseum","floor":21,"gold_loss":0},{"damage_healed":0,"gold_gain":0,"player_choice":"Fought Nobs","damage_taken":0,"max_hp_gain":0,"max_hp_loss":0,"event_name":"Colosseum","floor":21,"gold_loss":0},{"damage_healed":0,"gold_gain":0,"player_choice":"Paid Fearfully","damage_taken":0,"max_hp_gain":0,"max_hp_loss":0,"event_name":"Masked Bandits","floor":25,"gold_loss":426},{"damage_healed":0,"gold_gain":99,"player_choice":"Stole From Cult","damage_taken":0,"max_hp_gain":0,"max_hp_loss":0,"event_name":"Nest","floor":29,"gold_loss":0},{"damage_healed":0,"gold_gain":300,"player_choice":"Gold","damage_taken":0,"max_hp_gain":0,"max_hp_loss":0,"event_name":"Wheel of Change","floor":37,"gold_loss":0},{"damage_healed":0,"gold_gain":0,"player_choice":"Copied","damage_taken":0,"max_hp_gain":0,"max_hp_loss":0,"event_name":"Duplicator","floor":46,"gold_loss":0,"cards_obtained":["Noxious Fumes"]}],"is_beta":false,"boss_relics":[{"not_picked":["Runic Pyramid","Eternal Feather"],"picked":"Empty Cage"},{"not_picked":["Orrery","Black Star"],"picked":"Tiny House"}],"items_purged_floors":[],"is_endless":false,"potions_floor_spawned":[5,6,11,13,21,21,30,39,41,48],"ascension_level":3}