{"path_per_floor":["M","M","?","?","M","E","R","E","T","M","?","M","M","E","R","B",null,"M","M","?","M","M","R","M","R","T","E","M","R","$","M","R","B",null,"M","?","$","?","M","R","E","R","T","?","M","E","R","M","R"],"character_chosen":"THE_SILENT","items_purchased":["Letter Opener","Strawberry","Bag of Preparation","Bandage Up"],"gold_per_floor":[119,133,133,233,252,277,277,310,388,398,374,386,402,429,429,525,525,535,552,467,482,494,494,507,507,507,537,555,555,16,34,34,132,132,147,147,48,0,10,10,37,37,37,37,49,84,84,96,96],"floor_reached":50,"campfire_rested":6,"playtime":2735,"current_hp_per_floor":[70,68,54,54,54,39,39,15,15,15,15,15,20,18,39,11,70,43,40,40,24,24,55,36,67,67,46,40,52,59,45,57,25,77,38,28,28,28,21,58,37,76,76,76,71,41,77,63,77],"items_purged":[],"gold":96,"score":545,"play_id":"88c7b97c-34a3-4bd9-8a84-81a5dd76c560","is_prod":false,"is_daily":false,"is_ascension_mode":false,"campfire_upgraded":4,"path_taken":["M","M","?","?","M","E","R","E","T","M","?","?","M","E","R","BOSS","M","M","?","M","M","R","M","R","T","E","M","R","?","M","R","BOSS","M","?","?","?","?","R","E","R","T","?","M","E","R","M","R","BOSS"],"build_version":"2018-02-12-PROD1","purchased_purges":0,"victory":false,"master_deck":["Defend_G","Defend_G","Defend_G","Defend_G","Defend_G","Strike_G+1","Strike_G","Strike_G+1","Strike_G","Strike_G","Survivor","Neutralize","Deflect","Endless Agony+1","Poisoned Stab","Deflect","Venomology+1","Backstab","Poisoned Stab","A Thousand Cuts+1","Endless Agony","Glass Knife","Backflip+1","Infinite Blades+1","Slice+1","Poisoned Stab","Deadly Poison+1","Tools of the Trade","Riddle With Holes+1","Adrenaline","Backstab+1","Cloak And Dagger+1","Venomology","Poisoned Stab+1","Madness","Madness","Bandage Up","Backflip+1","Quick Slash+1","Footwork+1","Bane+1","Distraction+1","Cloak And Dagger+1","Expertise+1","Terror+1"],"max_hp_per_floor":[70,70,70,70,70,70,70,70,70,70,70,70,70,70,70,70,70,70,70,70,70,70,70,70,70,70,70,70,70,77,77,77,77,77,77,77,77,77,77,77,77,77,77,77,77,77,77,77,77],"relics":["Ring of the Snake","Mercury Hourglass","Dream Catcher","Smiling Mask","Bottled Flame","Eternal Feather","Vajra","Bottled Lightning","Ice Cream","Letter Opener","Strawberry","Bag of Preparation","Red Mask","Kunai","Lantern","Prayer Wheel"],"card_choices":[{"not_picked":["Poisoned Stab","Catalyst"],"picked":"Deflect"},{"not_picked":["Flying Knee","Phantasmal Killer"],"picked":"Endless Agony"},{"not_picked":["Dagger Throw","Acrobatics"],"picked":"Poisoned Stab"},{"not_picked":["Bane","Underhanded Strike"],"picked":"Deflect"},{"not_picked":["Expertise","Heel Hook"],"picked":"Venomology"},{"not_picked":["Reflex","Underhanded Strike"],"picked":"Terror"},{"not_picked":["Acrobatics","Dagger Spray"],"picked":"Backstab"},{"not_picked":["Slice","Dagger Spray"],"picked":"Poisoned Stab"},{"not_picked":["Deadly Poison","Sucker Punch"],"picked":"A Thousand Cuts"},{"not_picked":["Prepared","Slice"],"picked":"Endless Agony"},{"not_picked":["Wraith Form","Storm of Steel"],"picked":"Glass Knife"},{"not_picked":["Sucker Punch","Acrobatics"],"picked":"Backflip"},{"not_picked":["Deadly Poison","Slice"],"picked":"Infinite Blades"},{"not_picked":["Dash","Eviscerate"],"picked":"Slice"},{"not_picked":["Dodge and Roll","Footwork"],"picked":"Poisoned Stab"},{"not_picked":["Underhanded Strike","PiercingWail"],"picked":"Deadly Poison"},{"not_picked":["Outmaneuver","Backflip"],"picked":"Tools of the Trade"},{"not_picked":["PiercingWail","Prepared"],"picked":"Riddle With Holes"},{"not_picked":["Deflect","Footwork"],"picked":"Adrenaline"},{"not_picked":["Dagger Spray","Dash"],"picked":"Backstab"},{"not_picked":["Dodge and Roll","Backflip"],"picked":"Cloak And Dagger"},{"not_picked":["Wraith Form","Tools of the Trade"],"picked":"Venomology"},{"not_picked":["Choke","Underhanded Strike"],"picked":"Poisoned Stab"},{"not_picked":["Flechettes","Malaise"],"picked":"Backflip"},{"not_picked":["Dagger Throw","Bane"],"picked":"Quick Slash"},{"not_picked":["Underhanded Strike","Acrobatics"],"picked":"Footwork"},{"not_picked":["Caltrops","Eviscerate"],"picked":"Bane"},{"not_picked":["Bane","Unload"],"picked":"Distraction"},{"not_picked":["PiercingWail","Prepared"],"picked":"Cloak And Dagger"},{"not_picked":["Underhanded Strike","Dagger Throw"],"picked":"Expertise"},{"not_picked":["Poisoned Stab","Heel Hook"],"picked":"Terror"}],"player_experience":52622,"potions_floor_usage":[1,5,12,13,13,14,16,16,18,21,24,27,27,27,31,33,33,33,33,35,39,41,41,46,46,46,46,48,48,50,50,50,50],"damage_taken":[{"damage":0,"enemies":"Jaw Worm","floor":1,"turns":4},{"damage":2,"enemies":"2 Louse","floor":2,"turns":4},{"damage":0,"enemies":"Small Slimes","floor":5,"turns":2},{"damage":15,"enemies":"3 Sentries","floor":6,"turns":9},{"damage":24,"enemies":"Gremlin Nob","floor":8,"turns":4},{"damage":0,"enemies":"3 Louse","floor":10,"turns":2},{"damage":0,"enemies":"Lots of Slimes","floor":12,"turns":3},{"damage":4,"enemies":"Large Slime","floor":13,"turns":4},{"damage":2,"enemies":"Lagavulin","floor":14,"turns":6},{"damage":28,"enemies":"Hexaghost","floor":16,"turns":10},{"damage":27,"enemies":"Spheric Guardian","floor":18,"turns":4},{"damage":3,"enemies":"Shell Parasite","floor":19,"turns":4},{"damage":16,"enemies":"Centurion and Healer","floor":21,"turns":4},{"damage":0,"enemies":"Snecko","floor":22,"turns":4},{"damage":19,"enemies":"Cultist and Chosen","floor":24,"turns":5},{"damage":30,"enemies":"Slavers","floor":27,"turns":5},{"damage":6,"enemies":"3 Cultists","floor":28,"turns":4},{"damage":14,"enemies":"Slaver and Parasite","floor":31,"turns":5},{"damage":32,"enemies":"Champ","floor":33,"turns":11},{"damage":39,"enemies":"3 Darklings","floor":35,"turns":4},{"damage":11,"enemies":"Orb Walker","floor":39,"turns":2},{"damage":25,"enemies":"2 Orb Walkers","floor":41,"turns":4},{"damage":6,"enemies":"3 Darklings","floor":45,"turns":6},{"damage":34,"enemies":"Nemesis","floor":46,"turns":7},{"damage":18,"enemies":"Maw","floor":48,"turns":7},{"damage":120,"enemies":"Time Eater","floor":50,"turns":8}],"event_choices":[{"event_name":"Shining Light","player_choice":"Entered Light","floor":3,"damage_taken":0},{"event_name":"Golden Shrine","player_choice":"Pray","floor":4,"damage_taken":0},{"event_name":"World of Goop","player_choice":"Left","floor":11,"damage_taken":0},{"event_name":"Addict","player_choice":"Obtained Relic","floor":20,"damage_taken":0},{"event_name":"Winding Halls","player_choice":"Embrace Madness","floor":36,"damage_taken":0},{"event_name":"Tomb of Lord Red Mask","player_choice":"Paid","floor":38,"damage_taken":0}],"boss_relics":[{"not_picked":["Lizard Tail","Black Star"],"picked":"Eternal Feather"},{"not_picked":["Velvet Choker","Sozu","Snecko Eye"]}],"potions_floor_spawned":[2,6,8,10,12,21,22,27,28,31,41,45,46],"seed_played":"-5622703381025600739","killed_by":"Time Eater","ascension_level":0,"is_trial":false}