{"gold_per_floor":[111,111,130,12,86,121,121,154,179,195,195,205,205,216,216,315,315,331,116,135,146,246,246],"floor_reached":23,"playtime":2056,"items_purged":[],"score":201,"play_id":"f41f392a-feaa-48e6-817b-9c95e074c1a4","local_time":"20190115042432","is_ascension_mode":false,"campfire_choices":[{"floor":7,"key":"REST"},{"floor":11,"key":"REST"},{"floor":13,"key":"REST"},{"data":"Predator","floor":15,"key":"SMITH"}],"neow_cost":"NONE","seed_source_timestamp":519682020833801,"circlet_count":0,"master_deck":["Defend_G","Defend_G","Defend_G","Defend_G","Defend_G","Strike_G","Strike_G","Strike_G","Strike_G","Strike_G","Survivor","Neutralize+1","Slice","Bandage Up","Acrobatics","Underhanded Strike","Blade Dance","Bane","Heel Hook","Backstab","Predator+1","Underhanded Strike","Slice","Bullet Time","Quick Slash","Dramatic Entrance","Adrenaline","Flying Knee","Outmaneuver+1","Poisoned Stab","Dagger Spray"],"relics":["Ring of the Snake","Sundial","Snake Skull","Orichalcum","Bag of Marbles","HoveringKite","Tingsha","Letter Opener"],"potions_floor_usage":[16,18,22,22,22],"damage_taken":[{"damage":9,"enemies":"2 Louse","floor":1,"turns":3},{"damage":0,"enemies":"Cultist","floor":3,"turns":3},{"damage":39,"enemies":"3 Sentries","floor":6,"turns":9},{"damage":31,"enemies":"Gremlin Nob","floor":8,"turns":5},{"damage":0,"enemies":"Jaw Worm","floor":10,"turns":2},{"damage":0,"enemies":"Blue Slaver","floor":12,"turns":1},{"damage":0,"enemies":"3 Louse","floor":14,"turns":1},{"damage":40,"enemies":"Hexaghost","floor":16,"turns":10},{"damage":14,"enemies":"Shell Parasite","floor":18,"turns":4},{"damage":8,"enemies":"2 Thieves","floor":20,"turns":3},{"damage":23,"enemies":"Cultist and Chosen","floor":21,"turns":7},{"damage":17,"enemies":"Colosseum Slavers","floor":22,"turns":3},{"damage":12,"enemies":"Colosseum Nobs","floor":22,"turns":5},{"damage":13,"enemies":"Slavers","floor":23,"turns":1}],"seed_played":"5064674222649172764","potions_obtained":[{"floor":1,"key":"PowerPotion"},{"floor":14,"key":"Weak Potion"},{"floor":16,"key":"Ancient Potion"},{"floor":20,"key":"SpeedPotion"},{"floor":21,"key":"SteroidPotion"},{"floor":22,"key":"Dexterity Potion"}],"is_trial":false,"path_per_floor":["M","?","M","$","T","E","R","E","T","M","R","M","R","M","R","B",null,"M","$","M","M","?","E"],"character_chosen":"THE_SILENT","items_purchased":["Underhanded Strike","Blade Dance","Bane","Dramatic Entrance","Adrenaline","Flying Knee"],"campfire_rested":3,"item_purchase_floors":[4,4,4,19,19,19],"current_hp_per_floor":[61,61,65,65,65,30,51,24,24,28,49,53,70,70,70,34,70,56,56,52,33,8,0],"gold":246,"neow_bonus":"UPGRADE_CARD","is_prod":false,"is_daily":false,"chose_seed":false,"campfire_upgraded":1,"win_rate":0.0,"timestamp":1547544272,"path_taken":["M","?","M","$","?","E","R","E","T","?","R","M","R","M","R","BOSS","M","$","M","?","?","E"],"build_version":"2019-01-10","purchased_purges":0,"victory":false,"max_hp_per_floor":[70,70,70,70,70,70,70,70,70,70,70,70,70,70,70,70,70,70,70,70,70,70,70],"card_choices":[{"not_picked":["Noxious Fumes","Bane"],"picked":"Slice","floor":1},{"not_picked":["Leg Sweep","Deadly Poison"],"picked":"Acrobatics","floor":3},{"not_picked":["Backflip","Quick Slash"],"picked":"Heel Hook","floor":6},{"not_picked":["Sucker Punch","Dodge and Roll"],"picked":"Backstab","floor":8},{"not_picked":["Dodge and Roll","Bouncing Flask"],"picked":"Predator","floor":10},{"not_picked":["PiercingWail","Night Terror"],"picked":"Underhanded Strike","floor":12},{"not_picked":["Heel Hook","Bane"],"picked":"Slice","floor":14},{"not_picked":["Glass Knife","Phantasmal Killer"],"picked":"Bullet Time","floor":16},{"not_picked":["Sucker Punch","PiercingWail"],"picked":"Quick Slash","floor":18},{"not_picked":["Dagger Throw","Night Terror"],"picked":"Outmaneuver+1","floor":20},{"not_picked":["Dodge and Roll+1","Caltrops+1"],"picked":"Poisoned Stab","floor":21},{"not_picked":["Flying Knee","Backflip"],"picked":"Dagger Spray","floor":22}],"player_experience":8364,"relics_obtained":[{"floor":5,"key":"Sundial"},{"floor":6,"key":"Snake Skull"},{"floor":8,"key":"Orichalcum"},{"floor":9,"key":"Bag of Marbles"},{"floor":22,"key":"Tingsha"},{"floor":22,"key":"Letter Opener"}],"event_choices":[{"damage_healed":0,"gold_gain":0,"player_choice":"1 cards matched","damage_taken":0,"max_hp_gain":0,"max_hp_loss":0,"event_name":"Match and Keep!","floor":2,"gold_loss":0,"cards_obtained":["Bandage Up"]},{"damage_healed":0,"gold_gain":0,"player_choice":"Fight","damage_taken":0,"max_hp_gain":0,"max_hp_loss":0,"event_name":"Colosseum","floor":22,"gold_loss":0},{"damage_healed":0,"gold_gain":0,"player_choice":"Fought Nobs","damage_taken":0,"max_hp_gain":0,"max_hp_loss":0,"event_name":"Colosseum","floor":22,"gold_loss":0}],"is_beta":false,"boss_relics":[{"not_picked":["White Beast Statue","Eternal Feather"],"picked":"HoveringKite"}],"items_purged_floors":[],"is_endless":false,"potions_floor_spawned":[1,14,16,20,21,22],"killed_by":"Slavers","ascension_level":0}