{"gold_per_floor":[116,132,132,150,150,150,150,120,120,144,109,142,142,37,37,160,160,180,196,98,98,111,111,111,111],"floor_reached":25,"playtime":961,"items_purged":[],"score":239,"play_id":"4da80473-ba7f-4f20-9e4a-155c2e50bbb8","local_time":"20181029232341","is_ascension_mode":true,"campfire_choices":[{"data":"Zap","floor":6,"key":"SMITH"},{"data":"Melter","floor":13,"key":"SMITH"},{"floor":15,"key":"REST"},{"floor":23,"key":"REST"}],"neow_cost":"NONE","seed_source_timestamp":2605673177091019,"circlet_count":0,"master_deck":["Strike_B","Strike_B","Strike_B","Strike_B","Defend_B","Defend_B","Defend_B","Defend_B","Zap+1","Dualcast","Rebound","Melter+1","BootSequence","Shame","Glacier","Sunder","Loop","Steam","All For One","Leap+1","White Noise","Hello World","Gash","Trip","Deep Breath","Hologram+1"],"relics":["Cracked Core","StoneCalendar","Golden Idol","Bottled Flame","Meat on the Bone","Lizard Tail","MutagenicStrength"],"potions_floor_usage":[16,16,16,18],"damage_taken":[{"damage":1,"enemies":"Cultist","floor":1,"turns":4},{"damage":7,"enemies":"Jaw Worm","floor":2,"turns":3},{"damage":7,"enemies":"Small Slimes","floor":4,"turns":2},{"damage":4,"enemies":"3 Louse","floor":10,"turns":4},{"damage":27,"enemies":"3 Sentries","floor":12,"turns":6},{"damage":36,"enemies":"Hexaghost","floor":16,"turns":10},{"damage":21,"enemies":"3 Byrds","floor":18,"turns":6},{"damage":17,"enemies":"Shell Parasite","floor":19,"turns":5},{"damage":23,"enemies":"Shelled Parasite and Fungi","floor":22,"turns":7},{"damage":93,"enemies":"3 Cultists","floor":25,"turns":6}],"seed_played":"9147061903926502375","potions_obtained":[{"floor":1,"key":"Weak Potion"},{"floor":8,"key":"Ancient Potion"},{"floor":8,"key":"SmokeBomb"},{"floor":10,"key":"Swift Potion"},{"floor":16,"key":"Explosive Potion"},{"floor":22,"key":"SteroidPotion"}],"is_trial":false,"path_per_floor":["M","M","?","M","?","R","?","?","T","M","?","E","R","$","R","B",null,"M","M","$","?","M","R","?"],"character_chosen":"DEFECT","items_purchased":["Loop","Steam","Hello World","Gash"],"campfire_rested":2,"item_purchase_floors":[14,14,20,20],"current_hp_per_floor":[81,74,71,64,64,64,64,64,64,60,80,53,53,53,77,53,82,61,44,44,20,53,77,77,0],"gold":111,"neow_bonus":"TEN_PERCENT_HP_BONUS","is_prod":false,"is_daily":false,"chose_seed":false,"campfire_upgraded":2,"win_rate":0,"timestamp":1540869821,"path_taken":["M","?","?","M","?","R","?","?","T","?","?","E","R","$","R","BOSS","M","M","$","?","M","R","?","M"],"build_version":"2018-10-25v2","purchased_purges":0,"victory":false,"max_hp_per_floor":[82,82,82,82,82,82,82,82,82,82,82,82,82,82,82,82,82,82,82,82,82,82,82,82,82],"card_choices":[{"not_picked":["Recycle","Hologram"],"picked":"Rebound","floor":1},{"not_picked":["Recycle","Go for the Eyes"],"picked":"Melter","floor":2},{"not_picked":["Coolheaded","Gash"],"picked":"BootSequence","floor":4},{"not_picked":["Turbo","Fusion"],"picked":"Glacier","floor":10},{"not_picked":["Force Field","Hologram"],"picked":"Sunder","floor":12},{"not_picked":["Thunder Strike","Fission"],"picked":"All For One","floor":16},{"not_picked":["Chill+1","Compile Driver"],"picked":"Leap+1","floor":18},{"not_picked":["Storm","Blizzard"],"picked":"White Noise","floor":19},{"not_picked":["Rebound","Cold Snap"],"picked":"Hologram+1","floor":22}],"player_experience":206933,"relics_obtained":[{"floor":9,"key":"Bottled Flame"},{"floor":12,"key":"Meat on the Bone"}],"event_choices":[{"damage_healed":0,"gold_gain":0,"player_choice":"Success","damage_taken":3,"relics_obtained":["StoneCalendar"],"max_hp_gain":0,"max_hp_loss":0,"event_name":"Scrap Ooze","floor":3,"gold_loss":0},{"damage_healed":0,"gold_gain":0,"player_choice":"Take Wound","damage_taken":0,"relics_obtained":["Golden Idol"],"max_hp_gain":0,"max_hp_loss":0,"event_name":"Golden Idol","floor":5,"gold_loss":0,"cards_obtained":["Injury"]},{"damage_healed":0,"gold_gain":0,"cards_transformed":["Injury"],"player_choice":"Transformed","damage_taken":0,"max_hp_gain":0,"max_hp_loss":0,"event_name":"Transmorgrifier","floor":7,"gold_loss":0,"cards_obtained":["Shame"]},{"damage_healed":0,"gold_gain":0,"player_choice":"Bought 2 Potions","damage_taken":0,"max_hp_gain":0,"max_hp_loss":0,"event_name":"The Woman in Blue","floor":8,"gold_loss":0},{"damage_healed":20,"gold_gain":0,"player_choice":"Healed","damage_taken":0,"max_hp_gain":0,"max_hp_loss":0,"event_name":"The Cleric","floor":11,"gold_loss":35},{"damage_healed":0,"gold_gain":0,"player_choice":"CARD CARD ","damage_taken":24,"max_hp_gain":0,"max_hp_loss":0,"event_name":"Knowing Skull","floor":21,"potions_obtained":[],"gold_loss":0,"cards_obtained":["Trip","Deep Breath"]},{"damage_healed":0,"gold_gain":0,"player_choice":"Inject Mutagens","damage_taken":0,"relics_obtained":["MutagenicStrength"],"max_hp_gain":0,"max_hp_loss":0,"event_name":"Drug Dealer","floor":24,"gold_loss":0}],"is_beta":false,"boss_relics":[{"not_picked":["Snecko Eye","Empty Cage"],"picked":"Lizard Tail"}],"items_purged_floors":[],"is_endless":false,"potions_floor_spawned":[1,10,16,22],"killed_by":"3 Cultists","ascension_level":4}