{"gold_per_floor":[115,115,130,205,205,205,243,243,243,261,276,296,315,315,315,315],"floor_reached":16,"playtime":302,"items_purged":[],"score":189,"play_id":"bfcb6055-43c4-40ec-b0b4-356f8c0f3816","local_time":"20190728184925","is_ascension_mode":true,"campfire_choices":[{"floor":6,"key":"REST"},{"floor":8,"key":"REST"},{"floor":15,"key":"REST"}],"neow_cost":"NONE","seed_source_timestamp":512757451370400,"circlet_count":0,"master_deck":["AscendersBane","Strike_B","Strike_B","Strike_B","Strike_B","Defend_B","Defend_B","Defend_B","Defend_B","Zap","Dualcast","Cold Snap","Cold Snap","Gash"],"relics":["Cracked Core","Happy Flower","Golden Idol","Letter Opener","Calipers"],"potions_floor_usage":[13,16],"damage_taken":[{"damage":2,"enemies":"2 Louse","floor":1,"turns":3},{"damage":4,"enemies":"Jaw Worm","floor":3,"turns":3},{"damage":43,"enemies":"Gremlin Nob","floor":7,"turns":5},{"damage":6,"enemies":"Small Slimes","floor":10,"turns":3},{"damage":16,"enemies":"Exordium Wildlife","floor":11,"turns":3},{"damage":4,"enemies":"Lots of Slimes","floor":12,"turns":4},{"damage":0,"enemies":"2 Fungi Beasts","floor":13,"turns":3},{"damage":24,"enemies":"Slime Boss","floor":16,"turns":5}],"seed_played":"-9150205491901580981","potions_obtained":[{"floor":7,"key":"FearPotion"},{"floor":11,"key":"Dexterity Potion"},{"floor":12,"key":"Block Potion"},{"floor":13,"key":"SpeedPotion"}],"is_trial":false,"path_per_floor":["M","$","M","?","?","R","E","R","T","M","M","M","M","?","R","B"],"character_chosen":"DEFECT","items_purchased":[],"campfire_rested":3,"item_purchase_floors":[],"current_hp_per_floor":[62,62,58,47,47,64,21,40,40,34,18,14,14,14,33,9],"gold":315,"neow_bonus":"RANDOM_COMMON_RELIC","is_prod":false,"is_daily":false,"chose_seed":false,"campfire_upgraded":0,"win_rate":0,"timestamp":1564332565,"path_taken":["M","$","M","?","?","R","E","R","T","M","M","M","M","?","R","BOSS"],"build_version":"2019-07-17","purchased_purges":0,"victory":false,"max_hp_per_floor":[71,71,71,71,64,64,64,64,64,64,64,64,64,64,64,64],"card_choices":[{"not_picked":["Hologram","Beam Cell","Sweeping Beam"],"picked":"SKIP","floor":1},{"not_picked":["Sweeping Beam","Sunder"],"picked":"Cold Snap","floor":3},{"not_picked":["Beam Cell","Reboot"],"picked":"Cold Snap","floor":7},{"not_picked":["Hologram","Compile Driver","Rebound"],"picked":"SKIP","floor":10},{"not_picked":["Compile Driver","Gash","Rip and Tear"],"picked":"SKIP","floor":11},{"not_picked":["Compile Driver","Doom and Gloom","Go for the Eyes"],"picked":"SKIP","floor":12},{"not_picked":["Rip and Tear","Go for the Eyes"],"picked":"Gash","floor":13}],"player_experience":379753,"relics_obtained":[{"floor":7,"key":"Letter Opener"},{"floor":9,"key":"Calipers"}],"event_choices":[{"damage_healed":0,"gold_gain":75,"player_choice":"Gather Gold","damage_taken":11,"max_hp_gain":0,"max_hp_loss":0,"event_name":"World of Goop","floor":4,"gold_loss":0},{"damage_healed":0,"gold_gain":0,"player_choice":"Lose Max HP","damage_taken":0,"relics_obtained":["Golden Idol"],"max_hp_gain":0,"max_hp_loss":7,"event_name":"Golden Idol","floor":5,"gold_loss":0},{"damage_healed":0,"gold_gain":0,"player_choice":"Searched \u00270\u0027 times","damage_taken":0,"max_hp_gain":0,"max_hp_loss":0,"event_name":"Dead Adventurer","floor":14,"gold_loss":0}],"is_beta":false,"boss_relics":[],"items_purged_floors":[],"is_endless":false,"potions_floor_spawned":[7,11,12,13],"killed_by":"Slime Boss","ascension_level":17}