{"gold_per_floor":[218,218,183,100,118,118,118,136,160,204,230,262,317,347,359,467,479,506,537,387,387,168,168,192,192,241,261,311,311],"floor_reached":29,"playtime":937,"items_purged":[],"score":470,"play_id":"88ec5070-14c3-41e9-bef9-e183baf2cf96","local_time":"20190803182138","is_ascension_mode":true,"campfire_choices":[{"data":"Zap","floor":7,"key":"SMITH"},{"floor":15,"key":"REST"},{"data":"Consume","floor":25,"key":"SMITH"}],"neow_cost":"NONE","seed_source_timestamp":1028850511900300,"circlet_count":0,"master_deck":["AscendersBane","Strike_B","Strike_B","Defend_B","Defend_B","Zap+1","Dualcast","Reinforced Body","Glacier","Cold Snap","Ball Lightning","Consume+1","Ball Lightning","Auto Shields","Ball Lightning","Cold Snap","All For One","Compile Driver+1","Undo+1","Loop+1","Redo+1"],"relics":["Cracked Core","Golden Idol","Orichalcum","Bronze Scales","MawBank","Juzu Bracelet","Astrolabe","Happy Flower","Nilry\u0027s Codex","Lee\u0027s Waffle","Dream Catcher"],"potions_floor_usage":[11,13,16,19],"damage_taken":[{"damage":9,"enemies":"Jaw Worm","floor":1,"turns":3},{"damage":3,"enemies":"2 Louse","floor":5,"turns":3},{"damage":0,"enemies":"Small Slimes","floor":8,"turns":4},{"damage":4,"enemies":"3 Sentries","floor":10,"turns":10},{"damage":1,"enemies":"Gremlin Gang","floor":11,"turns":2},{"damage":3,"enemies":"Red Slaver","floor":12,"turns":4},{"damage":32,"enemies":"Gremlin Nob","floor":13,"turns":4},{"damage":6,"enemies":"Exordium Thugs","floor":14,"turns":4},{"damage":14,"enemies":"Hexaghost","floor":16,"turns":8},{"damage":5,"enemies":"3 Byrds","floor":18,"turns":3},{"damage":13,"enemies":"Shell Parasite","floor":19,"turns":5},{"damage":18,"enemies":"Chosen and Byrds","floor":24,"turns":7},{"damage":11,"enemies":"Snecko","floor":27,"turns":4},{"damage":47,"enemies":"Slavers","floor":29,"turns":3}],"seed_played":"7400626489549772772","potions_obtained":[{"floor":8,"key":"Poison Potion"},{"floor":10,"key":"Explosive Potion"},{"floor":13,"key":"FocusPotion"},{"floor":16,"key":"FearPotion"},{"floor":19,"key":"Fruit Juice"}],"is_trial":false,"path_per_floor":["M","?","?","$","M","T","R","M","T","E","M","M","E","M","R","B",null,"M","M","$","?","$","?","M","R","T","M","?","E"],"character_chosen":"DEFECT","items_purchased":["Glacier","Happy Flower","Lee\u0027s Waffle"],"campfire_rested":1,"item_purchase_floors":[4,20,22],"current_hp_per_floor":[55,55,64,64,61,61,61,61,61,57,56,53,21,15,34,20,53,48,40,40,19,76,76,58,58,58,47,47,0],"gold":311,"neow_bonus":"HUNDRED_GOLD","is_prod":false,"is_daily":false,"chose_seed":false,"campfire_upgraded":2,"win_rate":0,"timestamp":1564849298,"path_taken":["M","?","?","$","M","?","R","M","T","E","M","M","E","M","R","BOSS","M","M","$","?","$","?","M","R","T","M","?","E"],"build_version":"2019-07-17","purchased_purges":0,"victory":false,"max_hp_per_floor":[71,64,64,64,64,64,64,64,64,64,64,64,64,64,64,64,64,64,69,69,69,76,76,76,76,76,76,76,76],"card_choices":[{"not_picked":["Streamline","Coolheaded"],"picked":"Reinforced Body","floor":1},{"not_picked":["Go for the Eyes","Self Repair"],"picked":"Cold Snap","floor":5},{"not_picked":["BootSequence","Stack"],"picked":"Ball Lightning","floor":8},{"not_picked":["Compile Driver","Buffer"],"picked":"Consume","floor":10},{"not_picked":["Streamline","Turbo"],"picked":"Ball Lightning","floor":11},{"not_picked":["Gash","Turbo"],"picked":"Auto Shields","floor":12},{"not_picked":["Creative AI","FTL"],"picked":"Ball Lightning","floor":13},{"not_picked":["BootSequence","Hologram"],"picked":"Cold Snap","floor":14},{"not_picked":["Seek","Multi-Cast"],"picked":"All For One","floor":16},{"not_picked":["Stack","Compile Driver","Go for the Eyes"],"picked":"SKIP","floor":18},{"not_picked":["Barrage","Streamline","Hologram"],"picked":"SKIP","floor":19},{"not_picked":["Auto Shields","Amplify","Barrage"],"picked":"SKIP","floor":24},{"not_picked":["Leap","FTL"],"picked":"Redo+1","floor":27}],"player_experience":402294,"relics_obtained":[{"floor":6,"key":"Orichalcum"},{"floor":9,"key":"Bronze Scales"},{"floor":10,"key":"MawBank"},{"floor":13,"key":"Juzu Bracelet"},{"floor":21,"key":"Nilry\u0027s Codex"},{"floor":26,"key":"Dream Catcher"}],"event_choices":[{"damage_healed":0,"gold_gain":0,"player_choice":"Lose Max HP","damage_taken":0,"relics_obtained":["Golden Idol"],"max_hp_gain":0,"max_hp_loss":7,"event_name":"Golden Idol","floor":2,"gold_loss":0},{"damage_healed":16,"gold_gain":0,"player_choice":"Healed","damage_taken":0,"max_hp_gain":0,"max_hp_loss":0,"event_name":"The Cleric","floor":3,"gold_loss":35},{"damage_healed":0,"gold_gain":0,"player_choice":"Obtained Book","damage_taken":21,"max_hp_gain":0,"max_hp_loss":0,"event_name":"Cursed Tome","floor":21,"gold_loss":0},{"cards_removed":["Defend_B"],"damage_healed":0,"gold_gain":0,"player_choice":"Purged","damage_taken":0,"max_hp_gain":0,"max_hp_loss":0,"event_name":"Purifier","floor":23,"gold_loss":0},{"damage_healed":0,"gold_gain":50,"player_choice":"Pray","damage_taken":0,"max_hp_gain":0,"max_hp_loss":0,"event_name":"Golden Shrine","floor":28,"gold_loss":0}],"is_beta":false,"boss_relics":[{"not_picked":["Runic Dome","Black Star"],"picked":"Astrolabe"}],"items_purged_floors":[],"is_endless":false,"potions_floor_spawned":[8,10,13,16,19],"killed_by":"Slavers","ascension_level":20}