{"gold_per_floor":[114,114,127,77,95,130,149,149,149,164,164,203,203,228,228,358,358,372,14,30,50,75,118,118,132,132,173,272,272,303,303,303,432,432,450,450,468,481,27,61,76,0,47,80,101,124,139,157,157,157],"floor_reached":51,"playtime":5015,"items_purged":["Strike_B","Strike_B"],"score":933,"play_id":"734c08cb-3f0e-43eb-851d-00ca9169a2b5","local_time":"20190730230248","is_ascension_mode":false,"campfire_choices":[{"data":"Zap","floor":8,"key":"SMITH"},{"data":"Dualcast","floor":11,"key":"SMITH"},{"data":"Sweeping Beam","floor":15,"key":"SMITH"},{"data":"Beam Cell","floor":24,"key":"SMITH"},{"data":"Self Repair","floor":29,"key":"SMITH"},{"data":"All For One","floor":32,"key":"SMITH"},{"floor":49,"key":"REST"}],"neow_cost":"NONE","seed_source_timestamp":1730726072810500,"circlet_count":0,"master_deck":["Defend_B","Defend_B","Defend_B+1","Defend_B","Zap+1","Dualcast+1","Self Repair+1","Ball Lightning+1","Sweeping Beam+1","Gash","Glacier","Conserve Battery+1","Seek+1","Gash","Reboot+1","Skim+1","Steam+1","All For One+1","Blind+1","Steam+1","Beam Cell+1","Hologram+1","Gash+1","Gash+1","All For One+1","Stack+1","Stack+1","White Noise+1","Gash+1","Hologram+1","BootSequence+1"],"relics":["Cracked Core","Golden Idol","Ice Cream","Toxic Egg 2","Ornamental Fan","Eternal Feather","Vajra","Bag of Marbles","Molten Egg 2","Pantograph","Fusion Hammer","Sling","Potion Belt","Thread and Needle","Dream Catcher","Lantern"],"potions_floor_usage":[6,16,23,30,50,50,50,50,50],"damage_taken":[{"damage":1,"enemies":"Jaw Worm","floor":1,"turns":3},{"damage":2,"enemies":"2 Louse","floor":3,"turns":3},{"damage":0,"enemies":"Small Slimes","floor":5,"turns":2},{"damage":28,"enemies":"Gremlin Nob","floor":6,"turns":4},{"damage":5,"enemies":"Looter","floor":7,"turns":3},{"damage":1,"enemies":"Exordium Wildlife","floor":10,"turns":4},{"damage":15,"enemies":"3 Sentries","floor":12,"turns":7},{"damage":0,"enemies":"Exordium Thugs","floor":14,"turns":3},{"damage":1,"enemies":"The Guardian","floor":16,"turns":8},{"damage":0,"enemies":"3 Byrds","floor":18,"turns":4},{"damage":0,"enemies":"Spheric Guardian","floor":20,"turns":2},{"damage":0,"enemies":"3 Cultists","floor":21,"turns":4},{"damage":0,"enemies":"Snake Plant","floor":22,"turns":3},{"damage":14,"enemies":"Book of Stabbing","floor":23,"turns":4},{"damage":0,"enemies":"Snecko","floor":25,"turns":3},{"damage":0,"enemies":"Gremlin Leader","floor":27,"turns":4},{"damage":0,"enemies":"Slavers","floor":30,"turns":2},{"damage":0,"enemies":"Collector","floor":33,"turns":4},{"damage":0,"enemies":"3 Darklings","floor":35,"turns":2},{"damage":0,"enemies":"Orb Walker","floor":37,"turns":1},{"damage":5,"enemies":"Writhing Mass","floor":38,"turns":5},{"damage":0,"enemies":"Nemesis","floor":40,"turns":3},{"damage":0,"enemies":"Transient","floor":41,"turns":5},{"damage":0,"enemies":"Giant Head","floor":44,"turns":3},{"damage":0,"enemies":"4 Shapes","floor":45,"turns":2},{"damage":13,"enemies":"Spire Growth","floor":46,"turns":3},{"damage":0,"enemies":"3 Darklings","floor":47,"turns":3},{"damage":0,"enemies":"Sphere and 2 Shapes","floor":48,"turns":4},{"damage":4,"enemies":"Time Eater","floor":50,"turns":8}],"seed_played":"2545209639232790971","potions_obtained":[{"floor":1,"key":"PowerPotion"},{"floor":6,"key":"SkillPotion"},{"floor":10,"key":"Strength Potion"},{"floor":12,"key":"Energy Potion"},{"floor":18,"key":"FocusPotion"},{"floor":25,"key":"Strength Potion"},{"floor":27,"key":"SteroidPotion"},{"floor":30,"key":"Fire Potion"},{"floor":38,"key":"Strength Potion"},{"floor":41,"key":"SkillPotion"},{"floor":44,"key":"PowerPotion"}],"is_trial":false,"path_per_floor":["M","?","M","?","M","E","M","R","T","M","R","E","?","M","R","B",null,"M","$","M","M","M","E","R","M","T","E","?","R","E","?","R","B",null,"M","?","M","M","$","E","M","$","T","E","M","M","M","M","R","B",null],"character_chosen":"DEFECT","items_purchased":["Steam+1","All For One","Blind+1","Sling","Potion Belt","EssenceOfSteel"],"campfire_rested":1,"item_purchase_floors":[19,19,19,39,39,42],"current_hp_per_floor":[74,56,61,61,68,47,49,49,49,55,55,47,32,39,39,45,75,75,75,75,75,75,61,73,75,75,75,75,75,75,75,75,75,75,75,75,75,75,75,75,75,75,75,75,75,72,75,75,75,75],"gold":157,"neow_bonus":"REMOVE_CARD","is_prod":false,"is_daily":false,"chose_seed":false,"campfire_upgraded":6,"win_rate":0.0,"timestamp":1564549368,"path_taken":["M","?","M","?","M","E","M","R","T","M","R","E","?","M","R","BOSS","M","$","M","M","M","E","R","M","T","E","?","R","E","?","R","BOSS","M","?","M","M","$","E","M","?","T","E","M","M","M","M","R","BOSS"],"build_version":"2019-07-18","purchased_purges":2,"victory":true,"max_hp_per_floor":[75,75,75,75,75,75,75,75,75,75,75,75,75,75,75,75,75,75,75,75,75,75,75,75,75,75,75,75,75,75,75,75,75,75,75,75,75,75,75,75,75,75,75,75,75,75,75,75,75,75],"card_choices":[{"not_picked":["Sweeping Beam","Steam"],"picked":"Self Repair","floor":1},{"not_picked":["Hologram","Rip and Tear"],"picked":"Ball Lightning","floor":3},{"not_picked":["Compile Driver","Cold Snap"],"picked":"Sweeping Beam","floor":5},{"not_picked":["Barrage","Compile Driver"],"picked":"Gash","floor":6},{"not_picked":["Melter","Stack"],"picked":"Glacier","floor":7},{"not_picked":["Thunder Strike","Coolheaded+1"],"picked":"Conserve Battery+1","floor":10},{"not_picked":["Stack+1","Sweeping Beam"],"picked":"Seek+1","floor":12},{"not_picked":["Fusion+1","Coolheaded+1"],"picked":"Gash","floor":14},{"not_picked":["Rainbow+1","Electrodynamics"],"picked":"Reboot+1","floor":16},{"not_picked":["Rip and Tear","Fusion+1"],"picked":"Skim+1","floor":18},{"not_picked":["Beam Cell","Chaos+1"],"picked":"Steam+1","floor":20},{"not_picked":["Genetic Algorithm+1","Reprogram+1"],"picked":"Beam Cell","floor":21},{"not_picked":["Sweeping Beam","Coolheaded+1"],"picked":"Hologram+1","floor":22},{"not_picked":["Loop","Leap+1","Rainbow+1"],"picked":"SKIP","floor":23},{"not_picked":["Loop","Leap+1","Rainbow+1"],"picked":"SKIP","floor":23},{"not_picked":["Go for the Eyes","Static Discharge","Barrage"],"picked":"SKIP","floor":25},{"not_picked":["Cold Snap","White Noise+1"],"picked":"Gash","floor":27},{"not_picked":["Static Discharge","Compile Driver+1"],"picked":"Gash+1","floor":30},{"not_picked":["Seek+1","Creative AI"],"picked":"All For One+1","floor":33},{"not_picked":["Self Repair+1","Leap+1"],"picked":"Stack+1","floor":35},{"not_picked":["Sweeping Beam+1","Barrage+1","Leap+1"],"picked":"SKIP","floor":37},{"not_picked":["Rip and Tear+1","Leap+1"],"picked":"Stack+1","floor":38},{"not_picked":["Leap+1","Rainbow+1"],"picked":"White Noise+1","floor":40},{"not_picked":["Stack+1","Hello World+1"],"picked":"Gash+1","floor":41},{"not_picked":["Self Repair+1","Heatsinks+1","Electrodynamics"],"picked":"SKIP","floor":44},{"not_picked":["Barrage+1","Tempest+1"],"picked":"Hologram+1","floor":45},{"not_picked":["Streamline+1","Rip and Tear+1","Tempest+1"],"picked":"SKIP","floor":46},{"not_picked":["Doom and Gloom+1","Reprogram+1","Streamline+1"],"picked":"SKIP","floor":47},{"not_picked":["Cold Snap+1","Rip and Tear+1","Heatsinks+1"],"picked":"SKIP","floor":48},{"not_picked":["Compile Driver+1","Hologram+1"],"picked":"BootSequence+1","floor":49}],"player_experience":10689,"relics_obtained":[{"floor":6,"key":"Ice Cream"},{"floor":9,"key":"Toxic Egg 2"},{"floor":12,"key":"Ornamental Fan"},{"floor":23,"key":"Vajra"},{"floor":26,"key":"Bag of Marbles"},{"floor":27,"key":"Molten Egg 2"},{"floor":30,"key":"Pantograph"},{"floor":40,"key":"Thread and Needle"},{"floor":43,"key":"Dream Catcher"},{"floor":44,"key":"Lantern"}],"event_choices":[{"damage_healed":0,"gold_gain":0,"player_choice":"Take Damage","damage_taken":18,"relics_obtained":["Golden Idol"],"max_hp_gain":0,"max_hp_loss":0,"event_name":"Golden Idol","floor":2,"gold_loss":0},{"cards_removed":["Strike_B"],"damage_healed":0,"gold_gain":0,"player_choice":"Card Removal","damage_taken":0,"max_hp_gain":0,"max_hp_loss":0,"event_name":"The Cleric","floor":4,"gold_loss":50},{"damage_healed":0,"gold_gain":0,"player_choice":"Entered Light","damage_taken":15,"max_hp_gain":0,"max_hp_loss":0,"event_name":"Shining Light","floor":13,"gold_loss":0,"cards_upgraded":["Defend_B","Ball Lightning"]},{"damage_healed":0,"gold_gain":99,"player_choice":"Stole From Cult","damage_taken":0,"max_hp_gain":0,"max_hp_loss":0,"event_name":"Nest","floor":28,"gold_loss":0},{"damage_healed":0,"gold_gain":0,"player_choice":"Ignored","damage_taken":0,"max_hp_gain":0,"max_hp_loss":0,"event_name":"Ghosts","floor":31,"gold_loss":0},{"damage_healed":0,"gold_gain":0,"player_choice":"Bought 0 Potions","damage_taken":0,"max_hp_gain":0,"max_hp_loss":0,"event_name":"The Woman in Blue","floor":36,"gold_loss":0}],"is_beta":true,"boss_relics":[{"not_picked":["Busted Crown","Runic Pyramid"],"picked":"Eternal Feather"},{"not_picked":["Velvet Choker","White Beast Statue"],"picked":"Fusion Hammer"}],"items_purged_floors":[19,39],"is_endless":false,"potions_floor_spawned":[1,6,10,12,18,25,27,30,37,38,41,44],"ascension_level":0}