{"gold_per_floor":[118,118,118,133,133,164,164,16,16,55,73,98,98,111,111,207,207,228,228,253,4,28,28,28],"floor_reached":24,"playtime":679,"items_purged":[],"score":404,"play_id":"ccee6c06-1e32-4020-aa06-5f1395191a1d","local_time":"20190721155033","is_ascension_mode":true,"campfire_choices":[{"data":"Zap","floor":7,"key":"SMITH"},{"floor":13,"key":"REST"},{"floor":15,"key":"REST"},{"floor":23,"key":"REST"}],"neow_cost":"NONE","seed_source_timestamp":645929397435200,"circlet_count":0,"master_deck":["AscendersBane","Strike_B","Strike_B","Strike_B","Strike_B","Defend_B","Defend_B","Defend_B","Defend_B","Zap+1","Dualcast+1","Gash+1","Ball Lightning","Gash","Consume","All For One","Auto Shields","Chill"],"relics":["Cracked Core","NeowsBlessing","Golden Idol","Potion Belt","Blood Vial","Ornamental Fan","Dodecahedron","Nuclear Battery","Runic Capacitor"],"potions_floor_usage":[10,16,16,20,22,24],"damage_taken":[{"damage":0,"enemies":"Small Slimes","floor":1,"turns":1},{"damage":0,"enemies":"Jaw Worm","floor":4,"turns":1},{"damage":0,"enemies":"Lagavulin","floor":6,"turns":1},{"damage":18,"enemies":"Gremlin Nob","floor":10,"turns":3},{"damage":0,"enemies":"Cultist","floor":11,"turns":3},{"damage":15,"enemies":"Exordium Thugs","floor":12,"turns":3},{"damage":3,"enemies":"Large Slime","floor":14,"turns":4},{"damage":30,"enemies":"Hexaghost","floor":16,"turns":7},{"damage":8,"enemies":"Chosen","floor":18,"turns":4},{"damage":19,"enemies":"2 Thieves","floor":20,"turns":3},{"damage":28,"enemies":"Snecko","floor":22,"turns":7},{"damage":30,"enemies":"Snake Plant","floor":24,"turns":2}],"seed_played":"8506313729813086714","potions_obtained":[{"floor":4,"key":"LiquidBronze"},{"floor":6,"key":"Swift Potion"},{"floor":11,"key":"GamblersBrew"},{"floor":14,"key":"FearPotion"},{"floor":22,"key":"FocusPotion"}],"is_trial":false,"path_per_floor":["M","$","?","M","?","E","R","$","T","E","M","M","R","M","R","B",null,"M","?","M","$","M","R","M"],"character_chosen":"DEFECT","items_purchased":["Blood Vial","Runic Capacitor","Weak Potion"],"campfire_rested":3,"item_purchase_floors":[8,21,21],"current_hp_per_floor":[64,64,64,64,45,45,45,45,45,29,31,18,37,36,55,27,55,49,49,32,32,6,25,0],"gold":28,"neow_bonus":"THREE_ENEMY_KILL","is_prod":false,"is_daily":false,"chose_seed":false,"campfire_upgraded":1,"win_rate":0,"timestamp":1563717033,"path_taken":["M","$","?","M","?","E","R","?","T","E","?","M","R","M","R","BOSS","M","?","M","$","M","R","M"],"build_version":"2019-07-17","purchased_purges":0,"victory":false,"max_hp_per_floor":[71,71,64,64,64,64,64,64,64,64,64,64,64,64,64,64,64,64,64,64,64,64,64,64],"card_choices":[{"not_picked":["Turbo","Rebound"],"picked":"Gash","floor":1},{"not_picked":["Streamline","Barrage"],"picked":"Ball Lightning","floor":4},{"not_picked":["Multi-Cast","Streamline","Leap"],"picked":"SKIP","floor":6},{"not_picked":["Redo","Blizzard"],"picked":"Gash","floor":10},{"not_picked":["Darkness","Beam Cell"],"picked":"Consume","floor":11},{"not_picked":["Ball Lightning","Steam","Compile Driver"],"picked":"SKIP","floor":12},{"not_picked":["Steam","Beam Cell","Reprogram"],"picked":"SKIP","floor":14},{"not_picked":["Core Surge","Thunder Strike"],"picked":"All For One","floor":16},{"not_picked":["Leap","Barrage"],"picked":"Auto Shields","floor":18},{"not_picked":["Sunder","Undo","Streamline"],"picked":"SKIP","floor":20},{"not_picked":["Beam Cell","Coolheaded","Chaos"],"picked":"SKIP","floor":22}],"player_experience":362624,"relics_obtained":[{"floor":6,"key":"Potion Belt"},{"floor":9,"key":"Ornamental Fan"},{"floor":10,"key":"Dodecahedron"}],"event_choices":[{"damage_healed":0,"gold_gain":0,"player_choice":"Lose Max HP","damage_taken":0,"relics_obtained":["Golden Idol"],"max_hp_gain":0,"max_hp_loss":7,"event_name":"Golden Idol","floor":3,"gold_loss":0},{"damage_healed":0,"gold_gain":0,"player_choice":"Entered Light","damage_taken":19,"max_hp_gain":0,"max_hp_loss":0,"event_name":"Shining Light","floor":5,"gold_loss":0,"cards_upgraded":["Gash","Dualcast"]},{"damage_healed":0,"gold_gain":0,"player_choice":"Read","damage_taken":0,"max_hp_gain":0,"max_hp_loss":0,"event_name":"The Library","floor":19,"gold_loss":0,"cards_obtained":["Chill"]}],"is_beta":false,"boss_relics":[{"not_picked":["Orrery","Empty Cage"],"picked":"Nuclear Battery"}],"items_purged_floors":[],"is_endless":false,"potions_floor_spawned":[4,6,11,14,22],"killed_by":"Snake Plant","ascension_level":15}