{"gold_per_floor":[119,119,69,22,42,42,120,161,161,181,181,106,106,121,121,247,247,266,181,181,197,218,218,232,232,232,273,289,289,333,333,333,457,457,478,67,67,167,187,187,207,207,232,232,232,232,34,159,159,159,159,159,9,52,52],"floor_reached":55,"playtime":3135,"items_purged":["Strike_B","Defend_B","Defend_B","Strike_B"],"score":724,"play_id":"baaf905d-0705-44f3-8a3f-ea6ed15251d8","local_time":"20190110155433","is_ascension_mode":false,"campfire_choices":[{"data":"Zap","floor":6,"key":"SMITH"},{"data":"Tempest","floor":11,"key":"SMITH"},{"data":"Dualcast","floor":13,"key":"SMITH"},{"data":"Reinforced Body","floor":15,"key":"SMITH"},{"data":"RitualDagger","floor":23,"key":"SMITH"},{"data":"Chaos","floor":25,"key":"SMITH"},{"data":"Defragment","floor":29,"key":"SMITH"},{"data":"Turbo","floor":32,"key":"SMITH"},{"data":"Electrodynamics","floor":40,"key":"SMITH"},{"data":"Ball Lightning","floor":42,"key":"SMITH"},{"data":"Leap","floor":44,"key":"SMITH"},{"data":"Leap","floor":46,"key":"SMITH"},{"floor":49,"key":"RECALL"},{"data":"Go for the Eyes","floor":52,"key":"SMITH"}],"neow_cost":"NONE","seed_source_timestamp":154778053230203,"circlet_count":0,"master_deck":["Strike_B","Defend_B","Defend_B","Zap+1","Dualcast+1","Go for the Eyes+1","Ball Lightning+1","Leap+1","Turbo+1","Genetic Algorithm","Reinforced Body+1","Tempest+1","Leap+1","Electrodynamics+1","Chaos+1","RitualDagger+1","Reinforced Body+1","Reinforced Body+1","Defragment+1","Coolheaded+1","Echo Form","Echo Form","Coolheaded+1","Redo+1","Loop+1","Capacitor","Tempest+1"],"relics":["Cracked Core","Golden Idol","Mango","Oddly Smooth Stone","Matryoshka","Nuclear Battery","Toxic Egg 2","Potion Belt","Art of War","Strawberry","Pantograph","Enchiridion","Busted Crown","Runic Capacitor","Pen Nib","PreservedInsect","Bird Faced Urn","Gremlin Horn"],"potions_floor_usage":[16,30,30,50,55,55,55,55],"damage_taken":[{"damage":0,"enemies":"Jaw Worm","floor":1,"turns":3},{"damage":2,"enemies":"2 Louse","floor":5,"turns":2},{"damage":17,"enemies":"3 Sentries","floor":7,"turns":7},{"damage":20,"enemies":"Gremlin Nob","floor":8,"turns":4},{"damage":1,"enemies":"Small Slimes","floor":10,"turns":3},{"damage":0,"enemies":"Looter","floor":14,"turns":3},{"damage":28,"enemies":"Hexaghost","floor":16,"turns":13},{"damage":2,"enemies":"2 Thieves","floor":18,"turns":2},{"damage":0,"enemies":"Chosen","floor":21,"turns":3},{"damage":12,"enemies":"Snake Plant","floor":22,"turns":4},{"damage":7,"enemies":"Centurion and Healer","floor":24,"turns":11},{"damage":0,"enemies":"Gremlin Leader","floor":27,"turns":6},{"damage":6,"enemies":"Snecko","floor":28,"turns":5},{"damage":11,"enemies":"Slavers","floor":30,"turns":2},{"damage":21,"enemies":"Collector","floor":33,"turns":8},{"damage":0,"enemies":"Orb Walker","floor":35,"turns":3},{"damage":6,"enemies":"3 Darklings","floor":39,"turns":4},{"damage":0,"enemies":"4 Shapes","floor":41,"turns":2},{"damage":0,"enemies":"Mind Bloom Boss Battle","floor":48,"turns":7},{"damage":28,"enemies":"Donu and Deca","floor":50,"turns":6},{"damage":9,"enemies":"Shield and Spear","floor":54,"turns":4},{"damage":113,"enemies":"The Heart","floor":55,"turns":5}],"seed_played":"-3358322895947869178","potions_obtained":[{"floor":8,"key":"PowerPotion"},{"floor":14,"key":"Swift Potion"},{"floor":16,"key":"Fire Potion"},{"floor":21,"key":"Strength Potion"},{"floor":24,"key":"Dexterity Potion"},{"floor":27,"key":"Explosive Potion"},{"floor":30,"key":"Strength Potion"},{"floor":35,"key":"Poison Potion"},{"floor":48,"key":"SpeedPotion"},{"floor":54,"key":"Dexterity Potion"}],"is_trial":false,"path_per_floor":["M","?","?","$","M","R","?","E","T","M","R","$","R","M","R","B",null,"M","?","?","M","M","R","M","R","T","E","M","R","E","?","R","B",null,"M","$","?","?","M","R","M","R","T","R","T","R","$","?","R","B",null,"R","$","E","B"],"character_chosen":"DEFECT","items_purchased":["Leap","Runic Capacitor","Echo Form","Coolheaded+1","Capacitor"],"campfire_rested":0,"item_purchase_floors":[4,36,36,36,47],"current_hp_per_floor":[75,57,57,57,55,55,52,32,32,31,31,31,31,31,31,3,89,87,87,81,81,69,69,62,62,62,69,63,63,52,36,36,40,96,96,96,91,91,85,85,85,85,85,85,85,85,85,91,91,75,91,91,91,90,0],"gold":52,"neow_bonus":"THREE_CARDS","is_prod":false,"is_daily":false,"chose_seed":false,"campfire_upgraded":13,"win_rate":0,"timestamp":1547160873,"path_taken":["M","?","?","$","?","R","?","E","T","M","R","$","R","M","R","BOSS","M","?","?","M","M","R","M","R","T","E","M","R","E","?","R","BOSS","M","$","?","?","M","R","?","R","T","R","?","R","$","?","R","BOSS","R","$","E","BOSS"],"build_version":"2019-01-09","purchased_purges":4,"victory":false,"max_hp_per_floor":[75,75,75,75,75,75,89,89,89,89,89,89,89,89,89,89,89,89,89,89,89,89,89,89,89,89,96,96,96,96,96,96,96,96,96,96,91,91,91,91,91,91,91,91,91,91,91,91,91,91,91,91,91,91,91],"card_choices":[{"not_picked":["Steam","Aggregate"],"picked":"Go for the Eyes","floor":0},{"not_picked":["Leap","Turbo"],"picked":"Ball Lightning","floor":1},{"not_picked":["Compile Driver","Rebound"],"picked":"Turbo","floor":5},{"not_picked":["Compile Driver","Gash"],"picked":"Genetic Algorithm","floor":7},{"not_picked":["White Noise","Consume"],"picked":"Reinforced Body","floor":8},{"not_picked":["Coolheaded","Amplify"],"picked":"Tempest","floor":10},{"not_picked":["Steam","Stack"],"picked":"Leap","floor":14},{"not_picked":["Amplify","Seek"],"picked":"Electrodynamics","floor":16},{"not_picked":["Compile Driver","Chill"],"picked":"Chaos","floor":18},{"not_picked":["Cold Snap+1","Rebound+1","Sweeping Beam"],"picked":"SKIP","floor":21},{"not_picked":["Coolheaded+1","Leap+1"],"picked":"Reinforced Body+1","floor":22},{"not_picked":["Sunder","Double Energy+1"],"picked":"Reinforced Body+1","floor":24},{"not_picked":["Go for the Eyes","Chaos+1"],"picked":"Defragment","floor":27},{"not_picked":["Aggregate+1","Sweeping Beam+1","Compile Driver"],"picked":"SKIP","floor":28},{"not_picked":["Electrodynamics","BootSequence+1"],"picked":"Coolheaded+1","floor":30},{"not_picked":["Core Surge","Electrodynamics"],"picked":"Echo Form","floor":33},{"not_picked":["Recycle+1"],"picked":"SKIP","floor":35},{"not_picked":[],"picked":"Redo+1","floor":39},{"not_picked":[],"picked":"Loop+1","floor":41},{"not_picked":[],"picked":"Tempest+1","floor":54}],"player_experience":239373,"relics_obtained":[{"floor":7,"key":"Mango"},{"floor":8,"key":"Oddly Smooth Stone"},{"floor":9,"key":"Matryoshka"},{"floor":26,"key":"Potion Belt"},{"floor":26,"key":"Art of War"},{"floor":27,"key":"Strawberry"},{"floor":30,"key":"Pantograph"},{"floor":31,"key":"Enchiridion"},{"floor":43,"key":"Pen Nib"},{"floor":45,"key":"PreservedInsect"},{"floor":48,"key":"Bird Faced Urn"},{"floor":54,"key":"Gremlin Horn"}],"event_choices":[{"damage_healed":0,"gold_gain":0,"player_choice":"Take Damage","damage_taken":18,"relics_obtained":["Golden Idol"],"max_hp_gain":0,"max_hp_loss":0,"event_name":"Golden Idol","floor":2,"gold_loss":0},{"cards_removed":["Strike_B"],"damage_healed":0,"gold_gain":0,"player_choice":"Card Removal","damage_taken":0,"max_hp_gain":0,"max_hp_loss":0,"event_name":"The Cleric","floor":3,"gold_loss":50},{"damage_healed":0,"gold_gain":0,"player_choice":"Searched \u00272\u0027 times","damage_taken":0,"max_hp_gain":0,"max_hp_loss":0,"event_name":"Dead Adventurer","floor":7,"gold_loss":0},{"damage_healed":0,"gold_gain":0,"player_choice":"Obtained Relic","damage_taken":0,"relics_obtained":["Toxic Egg 2"],"max_hp_gain":0,"max_hp_loss":0,"event_name":"Addict","floor":19,"gold_loss":85},{"damage_healed":0,"gold_gain":0,"player_choice":"Joined the Cult","damage_taken":6,"max_hp_gain":0,"max_hp_loss":0,"event_name":"Nest","floor":20,"gold_loss":0,"cards_obtained":["RitualDagger"]},{"damage_healed":0,"gold_gain":0,"player_choice":"Obtained Book","damage_taken":16,"max_hp_gain":0,"max_hp_loss":0,"event_name":"Cursed Tome","floor":31,"gold_loss":0},{"damage_healed":0,"gold_gain":0,"player_choice":"Max HP","damage_taken":0,"max_hp_gain":0,"max_hp_loss":5,"event_name":"Winding Halls","floor":37,"gold_loss":0},{"damage_healed":0,"gold_gain":100,"player_choice":"Pray","damage_taken":0,"max_hp_gain":0,"max_hp_loss":0,"event_name":"Golden Shrine","floor":38,"gold_loss":0},{"damage_healed":0,"gold_gain":0,"player_choice":"Fight","damage_taken":0,"max_hp_gain":0,"max_hp_loss":0,"event_name":"MindBloom","floor":48,"gold_loss":0}],"is_beta":true,"boss_relics":[{"not_picked":["Calling Bell","Ectoplasm"],"picked":"Nuclear Battery"},{"not_picked":["Orrery","Eternal Feather"],"picked":"Busted Crown"}],"items_purged_floors":[12,36,47,53],"is_endless":false,"potions_floor_spawned":[8,14,16,21,22,24,27,30,35,48,54],"killed_by":"The Heart","ascension_level":0}