{"gold_per_floor":[118,134,146,146,166,166,196,213,267,298,325,317,329,371,383,473,485,508,530,555,482,13,44,44,73,73,86,102,102,102,137,137,212,212,231,231,244,244,255,287,287,321,348,348,363,363,463,42,42,42],"floor_reached":51,"playtime":3443,"items_purged":["Strike_R","Strike_R"],"score":1474,"play_id":"cd9ee15e-cb96-43e0-9cd2-ab47271e2cd8","local_time":"20190702161920","is_ascension_mode":true,"campfire_choices":[{"data":"Shockwave","floor":6,"key":"SMITH"},{"data":"Cleave","floor":13,"key":"SMITH"},{"floor":15,"key":"REST"},{"floor":24,"key":"REST"},{"floor":29,"key":"REST"},{"floor":32,"key":"REST"},{"data":"1","floor":41,"key":"LIFT"},{"data":"2","floor":44,"key":"LIFT"},{"data":"3","floor":49,"key":"LIFT"}],"neow_cost":"NONE","seed_source_timestamp":351845662765036,"circlet_count":0,"master_deck":["AscendersBane","Strike_R","Strike_R","Defend_R","Defend_R+1","Defend_R","Defend_R","Bash","Shockwave+1","True Grit","Shockwave","Battle Trance","Heavy Blade","Pommel Strike","Shrug It Off","Cleave+1","Rampage","Demon Form","True Grit","Shrug It Off","Corruption","Feel No Pain","Havoc+1","Whirlwind","Dropkick","Flame Barrier+1","Impervious","Havoc+1","Headbutt+1","Writhe","Armaments+1","Body Slam","Metallicize","Shrug It Off","Pummel"],"relics":["Burning Blood","NeowsBlessing","Pear","MawBank","Sundial","Philosopher\u0027s Stone","Bag of Marbles","Gambling Chip","Mango","Strawberry","Du-Vu Doll","Girya","Runic Pyramid","GremlinMask","Red Skull","Omamori","War Paint","Pocketwatch","Dead Branch"],"potions_floor_usage":[7,14,16,23,23,28,50,50],"damage_taken":[{"damage":0,"enemies":"Small Slimes","floor":1,"turns":1},{"damage":0,"enemies":"Cultist","floor":2,"turns":1},{"damage":0,"enemies":"Jaw Worm","floor":3,"turns":1},{"damage":18,"enemies":"3 Louse","floor":5,"turns":6},{"damage":51,"enemies":"Lagavulin","floor":7,"turns":10},{"damage":6,"enemies":"Exordium Wildlife","floor":8,"turns":5},{"damage":8,"enemies":"Exordium Thugs","floor":10,"turns":5},{"damage":5,"enemies":"2 Fungi Beasts","floor":11,"turns":4},{"damage":26,"enemies":"3 Sentries","floor":14,"turns":6},{"damage":42,"enemies":"Slime Boss","floor":16,"turns":14},{"damage":43,"enemies":"3 Byrds","floor":18,"turns":5},{"damage":10,"enemies":"Shell Parasite","floor":19,"turns":5},{"damage":17,"enemies":"Snecko","floor":20,"turns":5},{"damage":13,"enemies":"Slavers","floor":23,"turns":5},{"damage":35,"enemies":"Book of Stabbing","floor":25,"turns":7},{"damage":13,"enemies":"Centurion and Healer","floor":27,"turns":5},{"damage":17,"enemies":"Shelled Parasite and Fungi","floor":28,"turns":5},{"damage":30,"enemies":"Slavers","floor":31,"turns":6},{"damage":33,"enemies":"Champ","floor":33,"turns":14},{"damage":0,"enemies":"Orb Walker","floor":35,"turns":4},{"damage":4,"enemies":"3 Darklings","floor":37,"turns":4},{"damage":17,"enemies":"Jaw Worm Horde","floor":39,"turns":3},{"damage":3,"enemies":"Nemesis","floor":40,"turns":7},{"damage":0,"enemies":"Giant Head","floor":42,"turns":7},{"damage":4,"enemies":"Maw","floor":45,"turns":6},{"damage":0,"enemies":"Mind Bloom Boss Battle","floor":47,"turns":6},{"damage":47,"enemies":"Donu and Deca","floor":50,"turns":9}],"seed_played":"-8446101179129066186","potions_obtained":[{"floor":1,"key":"BloodPotion"},{"floor":7,"key":"Strength Potion"},{"floor":8,"key":"EssenceOfSteel"},{"floor":11,"key":"Fire Potion"},{"floor":14,"key":"FairyPotion"},{"floor":16,"key":"PowerPotion"},{"floor":18,"key":"AttackPotion"},{"floor":25,"key":"Poison Potion"},{"floor":37,"key":"Strength Potion"},{"floor":40,"key":"Poison Potion"},{"floor":42,"key":"Regen Potion"}],"is_trial":false,"path_per_floor":["M","M","M","?","M","R","E","M","T","M","M","?","R","E","R","B",null,"M","M","M","?","$","E","R","E","T","M","M","R","?","E","R","B",null,"M","?","M","?","M","E","R","E","T","R","M","$","?","$","R","B",null],"character_chosen":"IRONCLAD","items_purchased":["Corruption","Gambling Chip","Dead Branch"],"campfire_rested":4,"item_purchase_floors":[22,22,48],"current_hp_per_floor":[74,75,75,68,56,56,39,39,39,37,38,38,38,18,43,7,66,29,25,14,14,14,21,50,28,28,21,10,41,41,17,48,21,85,91,91,93,106,95,98,98,104,104,104,106,106,106,106,106,75],"gold":42,"neow_bonus":"THREE_ENEMY_KILL","is_prod":false,"is_daily":false,"chose_seed":false,"campfire_upgraded":2,"win_rate":0,"timestamp":1562102360,"path_taken":["M","M","M","?","M","R","E","M","T","M","M","?","R","E","R","BOSS","M","?","M","?","$","E","R","E","T","M","M","R","?","E","R","BOSS","M","?","?","?","M","E","R","E","T","R","M","$","?","$","R","BOSS"],"build_version":"2019-07-01","purchased_purges":2,"victory":true,"max_hp_per_floor":[75,75,75,75,75,75,85,85,85,85,85,85,85,85,85,85,85,85,85,85,85,85,99,99,106,106,106,106,106,106,106,106,106,106,106,106,106,106,106,106,106,106,106,106,106,106,106,106,106,106],"card_choices":[{"not_picked":["Flex","Wild Strike"],"picked":"Shockwave","floor":1},{"not_picked":["Blood for Blood","Armaments"],"picked":"True Grit","floor":2},{"not_picked":["Body Slam","Intimidate"],"picked":"Shockwave","floor":3},{"not_picked":["Sentinel","Reckless Charge"],"picked":"Battle Trance","floor":5},{"not_picked":["Battle Trance","Double Tap"],"picked":"Heavy Blade","floor":7},{"not_picked":["Dual Wield","Heavy Blade"],"picked":"Pommel Strike","floor":8},{"not_picked":["Blood for Blood","Combust"],"picked":"Shrug It Off","floor":10},{"not_picked":["Pommel Strike","Clash"],"picked":"Cleave","floor":11},{"not_picked":["Havoc","Wild Strike"],"picked":"Rampage","floor":14},{"not_picked":["Dark Embrace","Exhume"],"picked":"Demon Form","floor":16},{"not_picked":["Inflame","Infernal Blade"],"picked":"True Grit","floor":18},{"not_picked":["Infernal Blade","Anger"],"picked":"Shrug It Off","floor":19},{"not_picked":["Thunderclap","Searing Blow","Heavy Blade"],"picked":"SKIP","floor":20},{"not_picked":["Flame Barrier","Pommel Strike"],"picked":"Feel No Pain","floor":23},{"not_picked":["Warcry+1","Feel No Pain"],"picked":"Havoc","floor":25},{"not_picked":["Corruption+1","Cleave"],"picked":"Whirlwind","floor":27},{"not_picked":["Clash","Carnage+1"],"picked":"Dropkick","floor":28},{"not_picked":["Pommel Strike","Berserk"],"picked":"Flame Barrier+1","floor":31},{"not_picked":["Feed","Brutality"],"picked":"Impervious","floor":33},{"not_picked":["Wild Strike","Anger"],"picked":"Havoc+1","floor":35},{"not_picked":["Uppercut","Rampage"],"picked":"Headbutt+1","floor":37},{"not_picked":["Shrug It Off","Whirlwind+1"],"picked":"Armaments+1","floor":39},{"not_picked":["Bludgeon","Clash+1"],"picked":"Body Slam","floor":40},{"not_picked":["Evolve","Dark Embrace"],"picked":"Metallicize","floor":42},{"not_picked":["Twin Strike","Whirlwind+1"],"picked":"Shrug It Off","floor":45},{"not_picked":["Perfected Strike","Whirlwind+1"],"picked":"Pummel","floor":47}],"player_experience":439979,"relics_obtained":[{"floor":7,"key":"Pear"},{"floor":9,"key":"MawBank"},{"floor":14,"key":"Sundial"},{"floor":23,"key":"Mango"},{"floor":25,"key":"Strawberry"},{"floor":26,"key":"Du-Vu Doll"},{"floor":31,"key":"Girya"},{"floor":40,"key":"Red Skull"},{"floor":42,"key":"Omamori"},{"floor":43,"key":"War Paint"},{"floor":47,"key":"Pocketwatch"}],"event_choices":[{"cards_removed":["Strike_R"],"damage_healed":0,"gold_gain":0,"player_choice":"Card Removal","damage_taken":7,"max_hp_gain":0,"max_hp_loss":0,"event_name":"Golden Wing","floor":4,"gold_loss":0},{"damage_healed":0,"gold_gain":0,"player_choice":"Bought 1 Potion","damage_taken":0,"max_hp_gain":0,"max_hp_loss":0,"event_name":"The Woman in Blue","floor":12,"gold_loss":0},{"damage_healed":0,"gold_gain":0,"player_choice":"Obtained Relic","damage_taken":0,"relics_obtained":["Bag of Marbles"],"max_hp_gain":0,"max_hp_loss":0,"event_name":"Addict","floor":21,"gold_loss":85},{"damage_healed":0,"gold_gain":0,"player_choice":"Ignored","damage_taken":0,"max_hp_gain":0,"max_hp_loss":0,"event_name":"Ghosts","floor":30,"gold_loss":0},{"damage_healed":0,"gold_gain":0,"player_choice":"Trade","damage_taken":0,"relics_obtained":["GremlinMask"],"max_hp_gain":0,"max_hp_loss":0,"event_name":"FaceTrader","floor":36,"gold_loss":0},{"damage_healed":21,"gold_gain":0,"player_choice":"Writhe","damage_taken":0,"max_hp_gain":0,"max_hp_loss":0,"event_name":"Winding Halls","floor":38,"gold_loss":0,"cards_obtained":["Writhe"]},{"damage_healed":0,"gold_gain":0,"player_choice":"Fight","damage_taken":0,"max_hp_gain":0,"max_hp_loss":0,"event_name":"MindBloom","floor":47,"gold_loss":0}],"is_beta":false,"boss_relics":[{"not_picked":["Pandora\u0027s Box","Cursed Key"],"picked":"Philosopher\u0027s Stone"},{"not_picked":["Velvet Choker","Runic Dome"],"picked":"Runic Pyramid"}],"items_purged_floors":[22,48],"is_endless":false,"potions_floor_spawned":[1,7,8,11,14,16,18,19,20,25,37,40,42],"ascension_level":16}