{"gold_per_floor":[118,118,132,132,62,62,94,94,94,108,128,303,328,22,22,118,118,128,128,128,142,161,161,175,202,202,0,0,10,10,37,37,132,132,150,0,14,14,14,14,31,31,106,6,6,6,6],"floor_reached":47,"playtime":2427,"items_purged":["Strike_R","Strike_R"],"score":656,"play_id":"0a5d554a-d5a0-4e37-8849-96b219e3fc82","local_time":"20190616183254","is_ascension_mode":true,"campfire_choices":[{"data":"Wild Strike","floor":6.0,"key":"SMITH"},{"data":"Immolate","floor":8.0,"key":"SMITH"},{"data":"Armaments","floor":15.0,"key":"SMITH"},{"floor":23.0,"key":"REST"},{"data":"Brutality","floor":30.0,"key":"SMITH"},{"data":"Second Wind","floor":32.0,"key":"SMITH"},{"floor":40.0,"key":"RECALL"},{"floor":46.0,"key":"REST"}],"neow_cost":"NONE","seed_source_timestamp":118269321195406,"circlet_count":0,"master_deck":["Defend_R","Defend_R","Defend_R","Defend_R","Bash+1","Wild Strike+1","Dropkick","Spot Weakness","Immolate+1","Armaments+1","Hemokinesis","Doubt","Pommel Strike","Power Through","Body Slam+1","Immolate+1","Berserk+1","Anger","True Grit","Metallicize","Offering","Shame","Second Wind+1","Reaper","True Grit","Reaper","Madness","Madness"],"special_seed":0,"relics":["Burning Blood","Potion Belt","Spirit Poop","Question Card","Magic Flower","Self Forming Clay","Bag of Preparation","Astrolabe","Enchiridion","FossilizedHelix","Centennial Puzzle","Lee\u0027s Waffle","Art of War","Anchor","Fusion Hammer","Red Mask"],"potions_floor_usage":[47],"damage_taken":[{"damage":20.0,"enemies":"Small Slimes","floor":1.0,"turns":4.0},{"damage":15.0,"enemies":"Jaw Worm","floor":3.0,"turns":2.0},{"damage":23.0,"enemies":"Lagavulin","floor":7.0,"turns":5.0},{"damage":0.0,"enemies":"Cultist","floor":10.0,"turns":2.0},{"damage":0.0,"enemies":"Exordium Wildlife","floor":11.0,"turns":1.0},{"damage":10.0,"enemies":"3 Sentries","floor":13.0,"turns":4.0},{"damage":21.0,"enemies":"Slime Boss","floor":16.0,"turns":8.0},{"damage":3.0,"enemies":"Chosen","floor":18.0,"turns":3.0},{"damage":17.0,"enemies":"Spheric Guardian","floor":21.0,"turns":5.0},{"damage":25.0,"enemies":"Chosen and Byrds","floor":22.0,"turns":5.0},{"damage":14.0,"enemies":"Snecko","floor":24.0,"turns":5.0},{"damage":51.0,"enemies":"Gremlin Leader","floor":25.0,"turns":5.0},{"damage":20.0,"enemies":"Centurion and Healer","floor":29.0,"turns":5.0},{"damage":12.0,"enemies":"Slavers","floor":31.0,"turns":5.0},{"damage":68.0,"enemies":"Collector","floor":33.0,"turns":8.0},{"damage":26.0,"enemies":"3 Darklings","floor":35.0,"turns":4.0},{"damage":2.0,"enemies":"3 Shapes","floor":37.0,"turns":3.0},{"damage":49.0,"enemies":"Transient","floor":41.0,"turns":5.0},{"damage":122,"enemies":"Giant Head","floor":47,"turns":8}],"seed_played":"3837157324051910897","potions_obtained":[{"floor":3.0,"key":"EssenceOfSteel"},{"floor":11.0,"key":"Weak Potion"},{"floor":16.0,"key":"AttackPotion"},{"floor":18.0,"key":"EssenceOfSteel"},{"floor":29.0,"key":"Poison Potion"},{"floor":35.0,"key":"FearPotion"},{"floor":37.0,"key":"Block Potion"},{"floor":41.0,"key":"Regen Potion"}],"is_trial":false,"path_per_floor":["M","?","M","?","$","R","E","R","T","M","M","?","E","$","R","B",null,"M","?","?","M","M","R","M","E","T","$","?","M","R","E","R","B",null,"M","?","M","$","?","R","M","?","T","$","?","R","E"],"character_chosen":"IRONCLAD","items_purchased":["Spot Weakness","Bag of Preparation","Power Through","Lee\u0027s Waffle"],"campfire_rested":2,"item_purchase_floors":[5,14,14,27],"current_hp_per_floor":[58,58,49,49,49,49,32,32,32,41,50,50,49,49,49,37,69,75,59,59,51,35,59,54,12,12,87,87,76,76,73,73,14,69,84,84,87,87,87,87,59,59,59,59,48,74,0],"gold":6,"neow_bonus":"UPGRADE_CARD","is_prod":false,"is_daily":false,"chose_seed":false,"campfire_upgraded":5,"win_rate":0,"timestamp":1560727974,"path_taken":["M","?","M","?","$","R","E","R","T","?","M","?","E","$","R","BOSS","M","?","?","M","M","R","M","E","T","$","?","M","R","E","R","BOSS","M","?","M","$","?","R","?","?","T","$","?","R","E"],"build_version":"2019-01-23","purchased_purges":2,"victory":false,"max_hp_per_floor":[80,80,80,80,80,80,80,80,80,80,80,80,80,80,80,80,80,80,80,80,80,80,80,80,80,80,87,87,87,87,87,87,87,87,87,87,87,87,87,87,87,87,87,87,87,87,87],"card_choices":[{"not_picked":["Havoc","Body Slam"],"picked":"Wild Strike","floor":1.0},{"not_picked":["Body Slam","Iron Wave"],"picked":"Dropkick","floor":3.0},{"not_picked":["Carnage","Clothesline"],"picked":"Immolate","floor":7.0},{"not_picked":["Heavy Blade","Cleave","Body Slam"],"picked":"Armaments","floor":10.0},{"not_picked":["Perfected Strike","Flex","Spot Weakness"],"picked":"Hemokinesis","floor":11.0},{"not_picked":["Clothesline","Clash","Headbutt"],"picked":"Pommel Strike","floor":13.0},{"not_picked":["Exhume","Barricade","Impervious"],"picked":"Brutality","floor":16.0},{"not_picked":["Pummel","Uppercut","Cleave"],"picked":"Anger","floor":18.0},{"not_picked":["Perfected Strike","Bloodletting","Clash"],"picked":"True Grit","floor":21.0},{"not_picked":["Twin Strike","Headbutt","Body Slam"],"picked":"Metallicize","floor":22.0},{"not_picked":["Pommel Strike","Intimidate+1","Twin Strike"],"picked":"Offering","floor":24.0},{"not_picked":["Flex+1","Cleave","Metallicize","Infernal Blade"],"picked":"SKIP","floor":25.0},{"not_picked":["Pommel Strike+1","Rampage","Dropkick","Sword Boomerang+1"],"picked":"SKIP","floor":29.0},{"not_picked":["Headbutt","Armaments+1","Corruption+1"],"picked":"Second Wind","floor":31.0},{"not_picked":["Fiend Fire","Barricade","Exhume"],"picked":"Reaper","floor":33.0},{"not_picked":["Dropkick","Dual Wield+1","Body Slam+1","Havoc+1"],"picked":"SKIP","floor":35.0},{"not_picked":["Cleave+1","Corruption","Sword Boomerang"],"picked":"True Grit","floor":37.0},{"not_picked":["Dropkick+1","Clash","Clothesline","Rampage"],"picked":"SKIP","floor":41.0}],"player_experience":348270,"relics_obtained":[{"floor":7.0,"key":"Question Card"},{"floor":9.0,"key":"Magic Flower"},{"floor":13.0,"key":"Self Forming Clay"},{"floor":19.0,"key":"Enchiridion"},{"floor":25.0,"key":"FossilizedHelix"},{"floor":26.0,"key":"Centennial Puzzle"},{"floor":31.0,"key":"Anchor"}],"event_choices":[{"damage_healed":0.0,"max_hp_gain":0.0,"max_hp_loss":0.0,"gold_gain":0.0,"event_name":"Big Fish","player_choice":"Box","floor":2.0,"gold_loss":0.0,"damage_taken":0.0,"relics_obtained":["Potion Belt"],"cards_obtained":["Regret"]},{"cards_removed":["Regret"],"damage_healed":0.0,"max_hp_gain":0.0,"max_hp_loss":0.0,"gold_gain":0.0,"event_name":"Bonfire Elementals","player_choice":"Offered Curse","floor":4.0,"gold_loss":0.0,"damage_taken":0.0,"relics_obtained":["Spirit Poop"]},{"damage_healed":0.0,"max_hp_gain":0.0,"max_hp_loss":0.0,"gold_gain":175.0,"event_name":"Liars Game","player_choice":"AGREE","floor":12.0,"gold_loss":0.0,"damage_taken":0.0,"cards_obtained":["Doubt"]},{"damage_healed":0.0,"max_hp_gain":0.0,"max_hp_loss":0.0,"gold_gain":0.0,"event_name":"Cursed Tome","player_choice":"Obtained Book","floor":19.0,"gold_loss":0.0,"damage_taken":16.0},{"damage_healed":0.0,"max_hp_gain":0.0,"max_hp_loss":0.0,"gold_gain":0.0,"event_name":"Vampires","player_choice":"Ignored","floor":20.0,"gold_loss":0.0,"damage_taken":0.0},{"damage_healed":0.0,"max_hp_gain":0.0,"max_hp_loss":0.0,"gold_gain":0.0,"event_name":"Addict","player_choice":"Stole Relic","floor":28.0,"gold_loss":0.0,"damage_taken":0.0,"relics_obtained":["Art of War"],"cards_obtained":["Shame"]},{"damage_healed":0.0,"max_hp_gain":0.0,"max_hp_loss":0.0,"gold_gain":0.0,"event_name":"Tomb of Lord Red Mask","player_choice":"Paid","floor":36.0,"gold_loss":150.0,"damage_taken":0.0,"relics_obtained":["Red Mask"]},{"damage_healed":0.0,"max_hp_gain":0.0,"max_hp_loss":0.0,"gold_gain":0.0,"event_name":"Duplicator","player_choice":"Copied","floor":39.0,"gold_loss":0.0,"damage_taken":0.0,"cards_obtained":["Reaper"]},{"cards_removed":["Brutality"],"damage_healed":0.0,"max_hp_gain":0.0,"max_hp_loss":0.0,"gold_gain":0.0,"event_name":"Falling","player_choice":"Removed Power","floor":42.0,"gold_loss":0.0,"damage_taken":0.0},{"damage_healed":0.0,"max_hp_gain":0.0,"max_hp_loss":0.0,"gold_gain":0.0,"event_name":"Winding Halls","player_choice":"Embrace Madness","floor":45.0,"gold_loss":0.0,"damage_taken":11.0,"cards_obtained":["Madness","Madness"]}],"is_beta":false,"boss_relics":[{"not_picked":["Orrery","Sozu"],"picked":"Astrolabe"},{"not_picked":["Busted Crown","Lizard Tail"],"picked":"Fusion Hammer"}],"items_purged_floors":[14,44],"is_endless":false,"potions_floor_spawned":[3,11,16,18,29,35,37,41],"killed_by":"Giant Head","ascension_level":8}