{"gold_per_floor":[367,377,76,87,19,19,53,53,53,3,20,20,53,70,70,173,173,192,192,192,164,184,184],"floor_reached":23,"playtime":1492,"items_purged":["Strike_B"],"score":312,"play_id":"1124a711-9e9e-4938-851c-87b7fc8d7aed","local_time":"20190729211407","is_ascension_mode":true,"campfire_choices":[{"data":"Chaos","floor":6,"key":"SMITH"},{"floor":8,"key":"REST"},{"data":"Zap","floor":12,"key":"SMITH"},{"data":"Biased Cognition","floor":15,"key":"SMITH"}],"neow_cost":"PERCENT_DAMAGE","seed_source_timestamp":1641341118275900,"circlet_count":0,"master_deck":["AscendersBane","Defend_B","Defend_B","Defend_B","Defend_B","Zap+1","Dualcast","Chaos+1","Hologram","Chill","White Noise","Genetic Algorithm","Reinforced Body","Biased Cognition+1","Multi-Cast","Cold Snap","Loop","White Noise+1"],"relics":["Cracked Core","Art of War","Turnip","Sundial","Lantern","Eternal Feather"],"potions_floor_usage":[13,16],"damage_taken":[{"damage":6,"enemies":"2 Louse","floor":1,"turns":3},{"damage":2,"enemies":"Jaw Worm","floor":2,"turns":6},{"damage":12,"enemies":"Small Slimes","floor":4,"turns":4},{"damage":13,"enemies":"Lagavulin","floor":7,"turns":6},{"damage":2,"enemies":"Exordium Wildlife","floor":11,"turns":6},{"damage":16,"enemies":"3 Sentries","floor":13,"turns":11},{"damage":2,"enemies":"2 Fungi Beasts","floor":14,"turns":3},{"damage":18,"enemies":"Slime Boss","floor":16,"turns":7},{"damage":0,"enemies":"Spheric Guardian","floor":18,"turns":4},{"damage":22,"enemies":"2 Thieves","floor":21,"turns":5},{"damage":12,"enemies":"Centurion and Healer","floor":22,"turns":7},{"damage":12,"enemies":"Gremlin Leader","floor":23,"turns":7}],"seed_played":"-6035785926088018946","potions_obtained":[{"floor":4,"key":"Fire Potion"},{"floor":14,"key":"Swift Potion"}],"is_trial":false,"path_per_floor":["M","M","$","M","$","R","E","R","T","?","M","R","E","M","R","B",null,"M","?","?","M","M","E"],"character_chosen":"DEFECT","items_purchased":["Chill","Art of War","Genetic Algorithm"],"campfire_rested":1,"item_purchase_floors":[3,3,5],"current_hp_per_floor":[44,42,42,30,30,30,17,39,39,39,37,37,21,19,19,1,57,57,57,43,21,9,0],"gold":184,"neow_bonus":"TWO_FIFTY_GOLD","is_prod":false,"is_daily":false,"chose_seed":false,"campfire_upgraded":3,"win_rate":0,"timestamp":1564456447,"path_taken":["M","M","$","M","$","R","E","R","T","?","M","R","E","M","R","BOSS","M","?","?","M","M","E"],"build_version":"2019-07-18","purchased_purges":1,"victory":false,"max_hp_per_floor":[75,75,75,75,75,75,75,75,75,75,75,75,75,75,75,75,75,75,75,80,80,80,80],"card_choices":[{"not_picked":["Turbo","Compile Driver"],"picked":"Chaos","floor":1},{"not_picked":["Streamline","Sweeping Beam"],"picked":"Hologram","floor":2},{"not_picked":["BootSequence","Ball Lightning"],"picked":"White Noise","floor":4},{"not_picked":["Aggregate","Rebound"],"picked":"Reinforced Body","floor":7},{"not_picked":["Hologram","Sunder","Scrape"],"picked":"SKIP","floor":11},{"not_picked":["Turbo","Leap"],"picked":"Biased Cognition","floor":13},{"not_picked":["Conserve Battery","Redo","Leap"],"picked":"SKIP","floor":14},{"not_picked":["Reboot","Fission"],"picked":"Multi-Cast","floor":16},{"not_picked":["Lockon+1","Aggregate","Stack+1"],"picked":"SKIP","floor":18},{"not_picked":["Fusion","Aggregate+1"],"picked":"White Noise+1","floor":21},{"not_picked":["Barrage","Doom and Gloom+1","Rip and Tear"],"picked":"SKIP","floor":22}],"player_experience":439951,"relics_obtained":[{"floor":7,"key":"Turnip"},{"floor":9,"key":"Sundial"},{"floor":13,"key":"Lantern"}],"event_choices":[{"cards_removed":["Strike_B"],"damage_healed":0,"gold_gain":0,"player_choice":"Card Removal","damage_taken":0,"max_hp_gain":0,"max_hp_loss":0,"event_name":"The Cleric","floor":10,"gold_loss":50},{"damage_healed":0,"gold_gain":0,"cards_transformed":["Strike_B","Strike_B"],"player_choice":"Became Test Subject","damage_taken":0,"max_hp_gain":0,"max_hp_loss":0,"event_name":"Drug Dealer","floor":19,"gold_loss":0,"cards_obtained":["Cold Snap","Loop"]},{"damage_healed":0,"gold_gain":0,"player_choice":"Shed Blood","damage_taken":19,"max_hp_gain":5,"max_hp_loss":0,"event_name":"Forgotten Altar","floor":20,"gold_loss":0}],"is_beta":true,"boss_relics":[{"not_picked":["FrozenCore","Busted Crown"],"picked":"Eternal Feather"}],"items_purged_floors":[3],"is_endless":false,"potions_floor_spawned":[4,14],"killed_by":"Gremlin Leader","ascension_level":11}