{"gold_per_floor":[15,26,26,26,45,79,79,93,120,120],"floor_reached":10,"playtime":338,"items_purged":[],"score":129,"play_id":"477fe0aa-e2cb-497b-8abd-a0feb902c081","local_time":"20190713214249","is_ascension_mode":true,"campfire_choices":[{"data":"Berserk","floor":7,"key":"SMITH"}],"neow_cost":"NO_GOLD","seed_source_timestamp":272456499770813,"circlet_count":0,"master_deck":["AscendersBane","Strike_R","Strike_R","Strike_R","Strike_R","Strike_R","Defend_R","Defend_R+1","Defend_R+1","Defend_R","Bash","Reaper","Clothesline","Heavy Blade","Hemokinesis","Berserk+1","Inflame"],"relics":["Burning Blood","Dream Catcher","War Paint"],"potions_floor_usage":[6,6,10],"damage_taken":[{"damage":13,"enemies":"Small Slimes","floor":1,"turns":6},{"damage":7,"enemies":"Cultist","floor":2,"turns":4},{"damage":0,"enemies":"2 Louse","floor":5,"turns":2},{"damage":43,"enemies":"Lagavulin","floor":6,"turns":6},{"damage":35,"enemies":"Exordium Wildlife","floor":8,"turns":4},{"damage":23,"enemies":"Gremlin Nob","floor":10,"turns":3}],"seed_played":"-2348057021802499153","potions_obtained":[{"floor":1,"key":"SteroidPotion"},{"floor":3,"key":"Swift Potion"},{"floor":8,"key":"Block Potion"}],"is_trial":false,"path_per_floor":["M","M","?","$","M","E","R","M","T","E"],"character_chosen":"IRONCLAD","items_purchased":[],"campfire_rested":0,"item_purchase_floors":[],"current_hp_per_floor":[65,70,70,70,75,38,38,17,17,0],"gold":120,"neow_bonus":"THREE_RARE_CARDS","is_prod":false,"is_daily":false,"chose_seed":false,"campfire_upgraded":1,"win_rate":0,"timestamp":1563072169,"path_taken":["M","M","?","?","M","E","R","M","T","E"],"build_version":"2019-07-05","purchased_purges":0,"victory":false,"max_hp_per_floor":[75,75,75,75,75,75,75,75,75,75],"card_choices":[{"not_picked":["Impervious","Berserk"],"picked":"Reaper","floor":0},{"not_picked":["Reckless Charge","Body Slam"],"picked":"Clothesline","floor":1},{"not_picked":["Evolve","Flex"],"picked":"Heavy Blade","floor":2},{"not_picked":["Pummel","Clothesline"],"picked":"Hemokinesis","floor":5},{"not_picked":["Cleave","Clothesline"],"picked":"Berserk","floor":6},{"not_picked":["Bloodletting","Shrug It Off"],"picked":"Inflame","floor":8}],"player_experience":486925,"relics_obtained":[{"floor":6,"key":"Dream Catcher"},{"floor":9,"key":"War Paint"}],"event_choices":[{"damage_healed":0,"gold_gain":0,"player_choice":"Got Potions","damage_taken":0,"max_hp_gain":0,"max_hp_loss":0,"event_name":"Lab","floor":3,"gold_loss":0}],"is_beta":false,"boss_relics":[],"items_purged_floors":[],"is_endless":false,"potions_floor_spawned":[1,8],"killed_by":"Gremlin Nob","ascension_level":18}