{"gold_per_floor":[117,137,137,22,99,99,130,130,130,130,162,162,162,192,204,293,305,337,89,89,89,106,133,133,158,182,182,193,228,238,258,258,331,331,349,349,363,363,373,400,400,428,428,428,20,49,63,82,82,82],"floor_reached":51,"playtime":3492,"items_purged":["Strike_R","Strike_R","Strike_R"],"score":1705,"play_id":"ecddbf9c-4665-4438-b690-2d2fccc2d3c8","local_time":"20190717203504","is_ascension_mode":true,"campfire_choices":[{"data":"Carnage","floor":6,"key":"SMITH"},{"data":"Body Slam","floor":8,"key":"SMITH"},{"data":"Heavy Blade","floor":10,"key":"SMITH"},{"data":"Demon Form","floor":13,"key":"SMITH"},{"data":"Bash","floor":15,"key":"SMITH"},{"data":"Ghostly","floor":24,"key":"SMITH"},{"data":"Ghostly","floor":27,"key":"SMITH"},{"data":"Ghostly","floor":32,"key":"SMITH"},{"data":"Double Tap","floor":41,"key":"SMITH"},{"data":"True Grit","floor":44,"key":"SMITH"},{"data":"Shockwave","floor":49,"key":"SMITH"}],"neow_cost":"NONE","seed_source_timestamp":610837225007541,"circlet_count":0,"master_deck":["AscendersBane","Strike_R","Strike_R","Defend_R","Defend_R","Defend_R","Defend_R","Bash+1","Heavy Blade+1","Body Slam+1","Carnage+1","Demon Form+1","Corruption","Battle Trance","Double Tap+1","Ghostly+1","Ghostly+1","Ghostly+1","Power Through","Whirlwind+1","Shockwave+1","True Grit+1","Demon Form","Feel No Pain","Body Slam+1","Shrug It Off","Exhume","Shrug It Off","Exhume"],"relics":["Burning Blood","NeowsBlessing","WingedGreaves","Mercury Hourglass","Mummified Hand","Sundial","Pantograph","Darkstone Periapt","MawBank","Snecko Eye","PreservedInsect","Nilry\u0027s Codex","Molten Egg 2","Dream Catcher","Lantern","Gambling Chip","Philosopher\u0027s Stone","Bag of Preparation","Ginger","Letter Opener","Bottled Tornado","Pen Nib"],"potions_floor_usage":[11,16,23,47],"damage_taken":[{"damage":0,"enemies":"Jaw Worm","floor":1,"turns":1},{"damage":0,"enemies":"2 Louse","floor":2,"turns":1},{"damage":0,"enemies":"Gremlin Nob","floor":7,"turns":1},{"damage":20,"enemies":"3 Sentries","floor":11,"turns":6},{"damage":34,"enemies":"Gremlin Nob","floor":14,"turns":4},{"damage":18,"enemies":"Slime Boss","floor":16,"turns":7},{"damage":23,"enemies":"Chosen","floor":18,"turns":5},{"damage":0,"enemies":"Spheric Guardian","floor":22,"turns":1},{"damage":16,"enemies":"Gremlin Leader","floor":23,"turns":4},{"damage":1,"enemies":"Slavers","floor":25,"turns":4},{"damage":0,"enemies":"Snecko","floor":28,"turns":3},{"damage":0,"enemies":"Book of Stabbing","floor":29,"turns":2},{"damage":0,"enemies":"Centurion and Healer","floor":30,"turns":4},{"damage":0,"enemies":"Snake Plant","floor":31,"turns":3},{"damage":2,"enemies":"Collector","floor":33,"turns":5},{"damage":0,"enemies":"3 Shapes","floor":35,"turns":3},{"damage":2,"enemies":"3 Darklings","floor":37,"turns":3},{"damage":0,"enemies":"Spire Growth","floor":39,"turns":4},{"damage":17,"enemies":"Reptomancer","floor":40,"turns":5},{"damage":0,"enemies":"Giant Head","floor":42,"turns":4},{"damage":0,"enemies":"Reptomancer","floor":46,"turns":2},{"damage":1,"enemies":"Transient","floor":47,"turns":6},{"damage":5,"enemies":"Maw","floor":48,"turns":3},{"damage":31,"enemies":"Awakened One","floor":50,"turns":8}],"seed_played":"7523898042565895866","potions_obtained":[{"floor":2,"key":"BloodPotion"},{"floor":7,"key":"Energy Potion"},{"floor":14,"key":"PowerPotion"},{"floor":22,"key":"EssenceOfSteel"},{"floor":25,"key":"Energy Potion"},{"floor":29,"key":"Dexterity Potion"}],"is_trial":false,"path_per_floor":["M","M","?","$","T","R","E","R","T","R","E","T","R","E","R","B",null,"M","$","?","?","M","E","R","E","T","R","M","E","M","M","R","B",null,"M","?","M","?","M","E","R","E","T","R","$","E","M","M","R","B",null],"character_chosen":"IRONCLAD","items_purchased":["Carnage","PreservedInsect","Bottled Tornado"],"campfire_rested":0,"item_purchase_floors":[4,19,45],"current_hp_per_floor":[74,75,64,64,64,64,70,70,70,70,56,56,56,28,28,41,67,50,50,37,16,22,21,21,26,26,26,32,37,37,37,37,37,37,37,37,37,37,37,26,26,32,32,32,32,37,37,37,37,12],"gold":82,"neow_bonus":"THREE_ENEMY_KILL","is_prod":false,"is_daily":false,"chose_seed":false,"campfire_upgraded":11,"win_rate":0,"timestamp":1563413704,"path_taken":["M","M","?","?","?","R","E","R","T","R","E","?","R","E","R","BOSS","M","$","?","?","M","E","R","E","T","R","M","E","M","?","R","BOSS","M","?","?","?","M","E","R","E","T","R","$","E","M","M","R","BOSS"],"build_version":"2019-07-05","purchased_purges":3,"victory":true,"max_hp_per_floor":[75,75,75,75,75,75,75,75,75,75,75,75,75,75,75,75,75,75,75,37,37,37,37,37,37,37,37,37,37,37,37,37,37,37,37,37,37,37,37,37,37,37,37,37,37,37,37,37,37,37],"card_choices":[{"not_picked":["Iron Wave","Thunderclap"],"picked":"Heavy Blade","floor":1},{"not_picked":["Clash","Warcry"],"picked":"Body Slam","floor":2},{"not_picked":["Warcry","Shrug It Off"],"picked":"Demon Form","floor":7},{"not_picked":["Rage","Headbutt"],"picked":"Corruption","floor":11},{"not_picked":["Reckless Charge","Shrug It Off"],"picked":"Battle Trance","floor":14},{"not_picked":["Berserk","Feed"],"picked":"Double Tap","floor":16},{"not_picked":["Anger","Clash","Flex"],"picked":"SKIP","floor":18},{"not_picked":["Reckless Charge","Uppercut"],"picked":"Power Through","floor":22},{"not_picked":["Body Slam","Wild Strike"],"picked":"Whirlwind+1","floor":23},{"not_picked":["Bloodletting+1","Iron Wave+1","Burning Pact+1"],"picked":"SKIP","floor":25},{"not_picked":["Headbutt+1","Seeing Red+1"],"picked":"Shockwave","floor":28},{"not_picked":["Offering","Iron Wave+1","Clash+1"],"picked":"SKIP","floor":29},{"not_picked":["Evolve","Armaments","Bloodletting+1"],"picked":"SKIP","floor":30},{"not_picked":["Second Wind","Clothesline+1"],"picked":"True Grit","floor":31},{"not_picked":["Limit Break","Feed+1"],"picked":"Demon Form","floor":33},{"not_picked":["Heavy Blade+1","Flex"],"picked":"Feel No Pain","floor":35},{"not_picked":["Warcry","True Grit","Havoc"],"picked":"SKIP","floor":37},{"not_picked":["Hemokinesis+1","Whirlwind+1","Headbutt+1"],"picked":"SKIP","floor":39},{"not_picked":["Bloodletting","Clothesline+1","Corruption"],"picked":"SKIP","floor":40},{"not_picked":["Metallicize","Inflame+1"],"picked":"Shrug It Off","floor":42},{"not_picked":["Anger+1","Bloodletting"],"picked":"Exhume","floor":46},{"not_picked":["Anger+1","Headbutt+1"],"picked":"Shrug It Off","floor":47},{"not_picked":["Wild Strike+1","Clash+1"],"picked":"Exhume","floor":48}],"player_experience":500140,"relics_obtained":[{"floor":5,"key":"Mercury Hourglass"},{"floor":7,"key":"Mummified Hand"},{"floor":9,"key":"Sundial"},{"floor":11,"key":"Pantograph"},{"floor":12,"key":"Darkstone Periapt"},{"floor":14,"key":"MawBank"},{"floor":21,"key":"Nilry\u0027s Codex"},{"floor":23,"key":"Molten Egg 2"},{"floor":25,"key":"Dream Catcher"},{"floor":26,"key":"Lantern"},{"floor":29,"key":"Gambling Chip"},{"floor":40,"key":"Bag of Preparation"},{"floor":42,"key":"Ginger"},{"floor":43,"key":"Letter Opener"},{"floor":46,"key":"Pen Nib"}],"event_choices":[{"damage_healed":0,"gold_gain":0,"player_choice":"Success","damage_taken":11,"relics_obtained":["WingedGreaves"],"max_hp_gain":0,"max_hp_loss":0,"event_name":"Scrap Ooze","floor":3,"gold_loss":0},{"damage_healed":0,"gold_gain":0,"player_choice":"Became a Ghost","damage_taken":0,"max_hp_gain":0,"max_hp_loss":38,"event_name":"Ghosts","floor":20,"gold_loss":0,"cards_obtained":["Ghostly","Ghostly","Ghostly"]},{"damage_healed":0,"gold_gain":0,"player_choice":"Obtained Book","damage_taken":21,"max_hp_gain":0,"max_hp_loss":0,"event_name":"Cursed Tome","floor":21,"gold_loss":0},{"damage_healed":0,"gold_gain":0,"player_choice":"1 cards matched","damage_taken":0,"max_hp_gain":0,"max_hp_loss":0,"event_name":"Match and Keep!","floor":36,"gold_loss":0,"cards_obtained":["Body Slam"]},{"damage_healed":0,"gold_gain":0,"player_choice":"Ignored","damage_taken":0,"max_hp_gain":0,"max_hp_loss":0,"event_name":"Tomb of Lord Red Mask","floor":38,"gold_loss":0}],"is_beta":false,"boss_relics":[{"not_picked":["Cursed Key","Calling Bell"],"picked":"Snecko Eye"},{"not_picked":["Runic Cube","Eternal Feather"],"picked":"Philosopher\u0027s Stone"}],"items_purged_floors":[4,19,45],"is_endless":false,"potions_floor_spawned":[2,7,14,22,25,29,30,37,40],"ascension_level":18}