{"gold_per_floor":[109,129,204,24,24,24,38,38,38,72,72],"floor_reached":11,"playtime":403,"items_purged":["Defend_B"],"score":110,"play_id":"47210956-3606-4e2c-bb1c-fec857ae7387","local_time":"20190728211505","is_ascension_mode":true,"campfire_choices":[{"data":"Loop","floor":6,"key":"SMITH"},{"data":"Zap","floor":8,"key":"SMITH"}],"neow_cost":"NONE","seed_source_timestamp":1556088759124900,"circlet_count":0,"master_deck":["AscendersBane","Strike_B","Strike_B","Strike_B","Strike_B","Defend_B","Defend_B","Defend_B","Zap+1","Dualcast","Core Surge","Cold Snap","Chill","Loop+1","Turbo","White Noise"],"relics":["Cracked Core","The Courier","Boot"],"potions_floor_usage":[11,11],"damage_taken":[{"damage":8,"enemies":"Jaw Worm","floor":1,"turns":4},{"damage":5,"enemies":"2 Louse","floor":2,"turns":2},{"damage":1,"enemies":"Small Slimes","floor":7,"turns":3},{"damage":31,"enemies":"Gremlin Nob","floor":10,"turns":5},{"damage":12,"enemies":"Exordium Thugs","floor":11,"turns":2}],"seed_played":"-1444818052380376051","potions_obtained":[{"floor":2,"key":"Dexterity Potion"},{"floor":10,"key":"Ancient Potion"}],"is_trial":false,"path_per_floor":["M","M","?","$","?","R","M","R","T","E","M"],"character_chosen":"DEFECT","items_purchased":["Loop","Turbo"],"campfire_rested":0,"item_purchase_floors":[4,4],"current_hp_per_floor":[60,55,44,44,44,44,43,43,43,12,0],"gold":72,"neow_bonus":"ONE_RANDOM_RARE_CARD","is_prod":false,"is_daily":false,"chose_seed":false,"campfire_upgraded":2,"win_rate":0,"timestamp":1564370105,"path_taken":["M","M","?","$","?","R","M","R","T","E","M"],"build_version":"2019-07-18","purchased_purges":1,"victory":false,"max_hp_per_floor":[75,75,75,75,75,75,75,75,75,75,75],"card_choices":[{"not_picked":["Compile Driver","Turbo"],"picked":"Cold Snap","floor":1},{"not_picked":["Go for the Eyes","Sweeping Beam"],"picked":"Chill","floor":2},{"not_picked":["Streamline","Beam Cell"],"picked":"White Noise","floor":7},{"not_picked":["Meteor Strike","Static Discharge","Rip and Tear"],"picked":"SKIP","floor":10}],"player_experience":416640,"relics_obtained":[{"floor":9,"key":"The Courier"},{"floor":10,"key":"Boot"}],"event_choices":[{"damage_healed":0,"gold_gain":75,"player_choice":"Gather Gold","damage_taken":11,"max_hp_gain":0,"max_hp_loss":0,"event_name":"World of Goop","floor":3,"gold_loss":0},{"damage_healed":0,"gold_gain":0,"player_choice":"Ignored","damage_taken":0,"max_hp_gain":0,"max_hp_loss":0,"event_name":"Liars Game","floor":5,"gold_loss":0}],"is_beta":true,"boss_relics":[],"items_purged_floors":[4],"is_endless":false,"potions_floor_spawned":[2,10],"killed_by":"Exordium Thugs","ascension_level":11}