{"gold_per_floor":[115,115,133,143,143,177,189,201,213,225,254,266,278,34,34,106,106,123,173,191,191,202,212,212,262,262,262,273,288,288,301,301,301],"floor_reached":33,"playtime":975,"items_purged":[],"score":432,"play_id":"a063671c-66c2-4b79-b545-4b5e2fdddde1","local_time":"20190725185945","is_ascension_mode":true,"campfire_choices":[{"data":"Defragment","floor":7.0,"key":"SMITH"},{"floor":10.0,"key":"REST"},{"data":"Self Repair","floor":12.0,"key":"SMITH"},{"data":"Zap","floor":13.0,"key":"SMITH"},{"floor":15.0,"key":"REST"},{"floor":24.0,"key":"REST"},{"data":"Loop","floor":27.0,"key":"SMITH"},{"floor":30.0,"key":"REST"},{"data":"Dualcast","floor":32.0,"key":"SMITH"}],"neow_cost":"NONE","seed_source_timestamp":253326359492700,"circlet_count":0,"master_deck":["AscendersBane","Strike_B","Strike_B","Strike_B","Strike_B","Defend_B","Defend_B","Defend_B","Defend_B","Zap+1","Dualcast+1","Defragment+1","Ball Lightning","Loop+1","Self Repair+1","Melter","Chill+1","Chill"],"special_seed":0,"relics":["FrozenCore","NeowsBlessing","Torii","MawBank","Blue Candle","WingedGreaves","Frozen Egg 2","Cables"],"potions_floor_usage":[],"damage_taken":[{"damage":0.0,"enemies":"Small Slimes","floor":1.0,"turns":1.0},{"damage":0.0,"enemies":"Cultist","floor":3.0,"turns":1.0},{"damage":0.0,"enemies":"2 Louse","floor":4.0,"turns":1.0},{"damage":26.0,"enemies":"Gremlin Nob","floor":6.0,"turns":4.0},{"damage":17.0,"enemies":"Exordium Thugs","floor":11.0,"turns":3.0},{"damage":46.0,"enemies":"Slime Boss","floor":16.0,"turns":7.0},{"damage":7.0,"enemies":"Chosen","floor":18.0,"turns":7.0},{"damage":1.0,"enemies":"Shell Parasite","floor":20.0,"turns":6.0},{"damage":18.0,"enemies":"Shelled Parasite and Fungi","floor":22.0,"turns":7.0},{"damage":41.0,"enemies":"Cultist and Chosen","floor":23.0,"turns":7.0},{"damage":3.0,"enemies":"Snake Plant","floor":28.0,"turns":6.0},{"damage":23.0,"enemies":"Sentry and Sphere","floor":29.0,"turns":5.0},{"damage":7.0,"enemies":"Chosen and Byrds","floor":31.0,"turns":7.0},{"damage":84,"enemies":"Automaton","floor":33,"turns":10}],"seed_played":"-7526564499113982946","potions_obtained":[{"floor":1.0,"key":"Poison Potion"},{"floor":6.0,"key":"LiquidBronze"},{"floor":11.0,"key":"Dexterity Potion"},{"floor":18.0,"key":"Dexterity Potion"},{"floor":20.0,"key":"Explosive Potion"},{"floor":22.0,"key":"Strength Potion"},{"floor":29.0,"key":"FearPotion"},{"floor":31.0,"key":"Weak Potion"}],"is_trial":false,"path_per_floor":["M","?","M","M","?","E","R","?","T","R","M","R","R","$","R","B",null,"M","?","M","$","M","M","R","?","T","R","M","M","R","M","R","B"],"character_chosen":"DEFECT","items_purchased":["Frozen Egg 2"],"campfire_rested":4,"item_purchase_floors":[14],"current_hp_per_floor":[64,64,64,64,69,43,43,25,25,47,37,37,37,37,59,23,63,66,66,75,75,67,36,58,58,58,58,65,52,74,76,76,0],"gold":301,"neow_bonus":"THREE_ENEMY_KILL","is_prod":false,"is_daily":false,"chose_seed":false,"campfire_upgraded":5,"win_rate":0,"timestamp":1564073985,"path_taken":["M","?","?","M","?","E","R","?","T","R","?","R","R","$","R","BOSS","M","?","?","$","?","M","R","?","T","R","M","M","R","?","R","BOSS"],"build_version":"2019-07-17","purchased_purges":0,"victory":false,"max_hp_per_floor":[71,71,71,71,76,76,76,76,76,76,76,76,76,76,76,76,76,76,76,76,76,76,76,76,76,76,76,76,76,76,76,76,76],"card_choices":[{"not_picked":["Heatsinks","Streamline"],"picked":"Defragment","floor":1.0},{"not_picked":["Steam Power","Beam Cell"],"picked":"Ball Lightning","floor":3.0},{"not_picked":["BootSequence","Force Field"],"picked":"Loop","floor":4.0},{"not_picked":["Thunder Strike","Go for the Eyes"],"picked":"Self Repair","floor":6.0},{"not_picked":["Force Field","Gash"],"picked":"Melter","floor":11.0},{"not_picked":["Coolheaded","Hello World+1","Beam Cell+1"],"picked":"SKIP","floor":18.0},{"not_picked":["Go for the Eyes","Genetic Algorithm","Stack"],"picked":"SKIP","floor":20.0},{"not_picked":["Beam Cell+1","Heatsinks+1","Compile Driver"],"picked":"SKIP","floor":22.0},{"not_picked":["Storm+1","Stack"],"picked":"Chill+1","floor":23.0},{"not_picked":["Hello World+1","Skim"],"picked":"Chill","floor":28.0},{"not_picked":["Leap","Force Field","Redo"],"picked":"SKIP","floor":29.0},{"not_picked":["Coolheaded","Stack+1","Sweeping Beam"],"picked":"SKIP","floor":31.0}],"player_experience":368654,"relics_obtained":[{"floor":6.0,"key":"MawBank"},{"floor":9.0,"key":"WingedGreaves"},{"floor":26.0,"key":"Cables"}],"event_choices":[{"damage_healed":0.0,"max_hp_gain":0.0,"max_hp_loss":0.0,"gold_gain":0.0,"event_name":"WeMeetAgain","player_choice":"Gave Potion","floor":2.0,"gold_loss":0.0,"damage_taken":0.0,"relics_obtained":["Torii"]},{"damage_healed":0.0,"max_hp_gain":5.0,"max_hp_loss":0.0,"gold_gain":0.0,"event_name":"Big Fish","player_choice":"Donut","floor":5.0,"gold_loss":0.0,"damage_taken":0.0},{"damage_healed":0.0,"max_hp_gain":0.0,"max_hp_loss":0.0,"gold_gain":0.0,"event_name":"Scrap Ooze","player_choice":"Success","floor":8.0,"gold_loss":0.0,"damage_taken":18.0,"relics_obtained":["Blue Candle"]},{"damage_healed":0.0,"max_hp_gain":0.0,"max_hp_loss":0.0,"gold_gain":50.0,"event_name":"Golden Shrine","player_choice":"Pray","floor":19.0,"gold_loss":0.0,"damage_taken":0.0},{"damage_healed":0.0,"max_hp_gain":0.0,"max_hp_loss":0.0,"gold_gain":100.0,"event_name":"The Joust","player_choice":"Bet on Murderer","floor":25.0,"gold_loss":50.0,"damage_taken":0.0}],"is_beta":false,"boss_relics":[{"not_picked":["Tiny House","Empty Cage"],"picked":"FrozenCore"}],"items_purged_floors":[],"is_endless":false,"potions_floor_spawned":[1,6,11,18,20,22,29,31],"killed_by":"Automaton","ascension_level":15}