{"gold_per_floor":[117,9,25,25,175,175,175,175,245,274,292,292,327,342,342,342],"floor_reached":16,"playtime":527,"items_purged":[],"score":259,"play_id":"260ab1f0-2fd9-4415-8429-e6e9b9d3548d","local_time":"20190726230146","is_ascension_mode":true,"campfire_choices":[{"data":"Shockwave","floor":6,"key":"SMITH"},{"data":"Pommel Strike","floor":8,"key":"SMITH"},{"data":"True Grit","floor":12,"key":"SMITH"},{"data":"Armaments","floor":15,"key":"SMITH"}],"neow_cost":"NONE","seed_source_timestamp":357999790936609,"circlet_count":0,"master_deck":["AscendersBane","Strike_R","Strike_R","Strike_R","Strike_R","Strike_R","Defend_R","Defend_R","Defend_R","Defend_R","Bash","Intimidate","Shockwave+1","Pommel Strike+1","True Grit+1","Armaments+1","Heavy Blade","Clothesline"],"relics":["Burning Blood","NeowsBlessing","Pantograph","Paper Frog","Bottled Lightning"],"potions_floor_usage":[16],"damage_taken":[{"damage":0,"enemies":"Cultist","floor":1,"turns":1},{"damage":0,"enemies":"Small Slimes","floor":3,"turns":1},{"damage":0,"enemies":"Gremlin Nob","floor":10,"turns":1},{"damage":3,"enemies":"2 Louse","floor":11,"turns":4},{"damage":11,"enemies":"Lagavulin","floor":13,"turns":7},{"damage":19,"enemies":"Gremlin Gang","floor":14,"turns":8},{"damage":80,"enemies":"Hexaghost","floor":16,"turns":14}],"seed_played":"585037405454869265","potions_obtained":[{"floor":10,"key":"SpeedPotion"},{"floor":13,"key":"EssenceOfSteel"}],"is_trial":false,"path_per_floor":["M","$","M","$","?","R","?","R","T","E","M","R","E","M","R","B"],"character_chosen":"IRONCLAD","items_purchased":["Shockwave","Pommel Strike"],"campfire_rested":0,"item_purchase_floors":[2,2],"current_hp_per_floor":[74,74,75,75,75,75,75,75,75,75,75,75,70,57,57,0],"gold":342,"neow_bonus":"THREE_ENEMY_KILL","is_prod":false,"is_daily":false,"chose_seed":false,"campfire_upgraded":4,"win_rate":0,"timestamp":1564200106,"path_taken":["M","$","?","$","?","R","?","R","T","E","?","R","E","M","R","BOSS"],"build_version":"2019-07-17","purchased_purges":0,"victory":false,"max_hp_per_floor":[75,75,75,75,75,75,75,75,75,75,75,75,75,75,75,75],"card_choices":[{"not_picked":["Flex","Anger"],"picked":"Intimidate","floor":1},{"not_picked":["Evolve","Warcry","Body Slam"],"picked":"SKIP","floor":3},{"not_picked":["Dark Embrace","Power Through"],"picked":"True Grit","floor":10},{"not_picked":["Bloodletting","Clash"],"picked":"Armaments","floor":11},{"not_picked":["Flex","Dark Embrace"],"picked":"Heavy Blade","floor":13},{"not_picked":["Flex","Twin Strike"],"picked":"Clothesline","floor":14}],"player_experience":540305,"relics_obtained":[{"floor":9,"key":"Pantograph"},{"floor":10,"key":"Paper Frog"},{"floor":13,"key":"Bottled Lightning"}],"event_choices":[{"damage_healed":0,"gold_gain":150,"player_choice":"AGREE","damage_taken":0,"max_hp_gain":0,"max_hp_loss":0,"event_name":"Liars Game","floor":5,"gold_loss":0,"cards_obtained":["Doubt"]},{"cards_removed":["Doubt"],"damage_healed":0,"gold_gain":0,"player_choice":"Card Removal","damage_taken":0,"max_hp_gain":0,"max_hp_loss":0,"event_name":"Wheel of Change","floor":7,"gold_loss":0}],"is_beta":false,"boss_relics":[],"items_purged_floors":[],"is_endless":false,"potions_floor_spawned":[10,13],"killed_by":"Hexaghost","ascension_level":19}