{"gold_per_floor":[11,21,35,51,67,67,81,81,107,32,45,56,56,74,74,175,175,191,191,191,11,30,30,50,50,131,150,184,195,195,67,67,169,169,181,196,209,224,237,265,279,279,279,299,299,325,325,353,353,353],"floor_reached":51,"playtime":3628,"items_purged":["Strike_B","Hyperbeam"],"score":757,"play_id":"dcbc40ff-9bc2-4580-97b9-d47b6744f286","local_time":"20181029163929","is_ascension_mode":false,"campfire_choices":[{"data":"Zap","floor":6,"key":"SMITH"},{"data":"Turbo","floor":8,"key":"SMITH"},{"data":"Fusion","floor":15,"key":"SMITH"},{"data":"Heatsinks","floor":23,"key":"SMITH"},{"data":"Dualcast","floor":25,"key":"SMITH"},{"data":"Loop","floor":32,"key":"SMITH"},{"floor":42,"key":"REST"},{"data":"Fusion","floor":45,"key":"SMITH"},{"data":"Defragment","floor":47,"key":"SMITH"},{"data":"Storm","floor":49,"key":"SMITH"}],"neow_cost":"NO_GOLD","seed_source_timestamp":647869816063110,"circlet_count":0,"master_deck":["Defend_B+1","Zap+1","Dualcast+1","Storm+1","Turbo+1","Heatsinks+1","Self Repair","Ball Lightning","Skim+1","Ball Lightning","Fusion+1","Buffer+1","Tempest+1","Melter+1","Self Repair","White Noise+1","Genetic Algorithm+1","Skim","Fusion+1","Stack","Loop+1","Creative AI","Defragment+1","Force Field+1","Leap+1","Parasite","Redo+1","Chill+1","Hologram+1","Reinforced Body+1","Hologram+1","Storm+1"],"relics":["Cracked Core","Regal Pillow","Astrolabe","Shuriken","Anchor","Black Star","Smiling Mask","Happy Flower","Gremlin Horn","War Paint","Oddly Smooth Stone","Strawberry","Ancient Tea Set"],"potions_floor_usage":[16,16,22,27,28,33,35,37,39,50,50],"damage_taken":[{"damage":0,"enemies":"Cultist","floor":1,"turns":3},{"damage":2,"enemies":"Small Slimes","floor":2,"turns":4},{"damage":0,"enemies":"2 Louse","floor":3,"turns":2},{"damage":5,"enemies":"Looter","floor":4,"turns":4},{"damage":25,"enemies":"3 Louse","floor":5,"turns":3},{"damage":9,"enemies":"Blue Slaver","floor":7,"turns":3},{"damage":37,"enemies":"Gremlin Gang","floor":11,"turns":5},{"damage":2,"enemies":"Exordium Wildlife","floor":12,"turns":2},{"damage":4,"enemies":"3 Louse","floor":14,"turns":3},{"damage":18,"enemies":"Slime Boss","floor":16,"turns":9},{"damage":5,"enemies":"Chosen","floor":18,"turns":4},{"damage":5,"enemies":"3 Byrds","floor":22,"turns":3},{"damage":13,"enemies":"Shelled Parasite and Fungi","floor":24,"turns":2},{"damage":13,"enemies":"Centurion and Healer","floor":27,"turns":4},{"damage":39,"enemies":"Book of Stabbing","floor":28,"turns":5},{"damage":0,"enemies":"Chosen and Byrds","floor":29,"turns":3},{"damage":42,"enemies":"Champ","floor":33,"turns":8},{"damage":29,"enemies":"3 Darklings","floor":35,"turns":5},{"damage":2,"enemies":"Orb Walker","floor":36,"turns":3},{"damage":21,"enemies":"3 Darklings","floor":37,"turns":4},{"damage":18,"enemies":"Writhing Mass","floor":38,"turns":5},{"damage":3,"enemies":"Transient","floor":39,"turns":5},{"damage":48,"enemies":"Nemesis","floor":40,"turns":7},{"damage":34,"enemies":"Spire Growth","floor":41,"turns":6},{"damage":0,"enemies":"Maw","floor":44,"turns":5},{"damage":16,"enemies":"Giant Head","floor":46,"turns":8},{"damage":1,"enemies":"Reptomancer","floor":48,"turns":5},{"damage":26,"enemies":"Donu and Deca","floor":50,"turns":5}],"seed_played":"-6011990561655829374","potions_obtained":[{"floor":2,"key":"AttackPotion"},{"floor":4,"key":"Poison Potion"},{"floor":12,"key":"Dexterity Potion"},{"floor":14,"key":"Regen Potion"},{"floor":16,"key":"SpeedPotion"},{"floor":22,"key":"Fruit Juice"},{"floor":29,"key":"GamblersBrew"},{"floor":33,"key":"Swift Potion"},{"floor":36,"key":"Weak Potion"},{"floor":38,"key":"SkillPotion"},{"floor":41,"key":"Ancient Potion"},{"floor":46,"key":"Dexterity Potion"}],"is_trial":false,"path_per_floor":["M","M","M","M","M","R","M","R","T","$","M","M","$","M","R","B",null,"M","?","?","$","M","R","M","R","T","M","E","M","?","$","R","B",null,"M","M","M","M","M","E","M","R","T","M","R","E","R","E","R","B"],"character_chosen":"DEFECT","items_purchased":["Self Repair","Stack","Loop"],"campfire_rested":1,"item_purchase_floors":[21,31,31],"current_hp_per_floor":[75,73,73,68,50,50,48,48,48,48,18,23,23,26,26,30,75,70,56,56,56,63,63,64,64,64,65,40,54,54,54,54,26,85,70,82,75,71,75,41,21,61,61,75,75,73,73,92,92,73],"gold":353,"neow_bonus":"REMOVE_TWO","is_prod":false,"is_daily":false,"chose_seed":false,"campfire_upgraded":9,"win_rate":0,"timestamp":1540852769,"path_taken":["M","?","M","M","M","R","M","R","T","?","M","M","$","?","R","BOSS","M","?","?","$","M","R","M","R","T","M","E","M","?","$","R","BOSS","M","M","?","M","M","E","M","R","T","M","R","E","R","E","R","BOSS"],"build_version":"2018-10-29","purchased_purges":2,"victory":true,"max_hp_per_floor":[75,75,75,75,75,75,75,75,75,75,75,75,75,75,75,75,75,75,80,80,80,85,85,85,85,85,85,85,85,85,85,85,85,85,85,85,85,85,85,85,85,85,85,85,85,85,85,92,92,92],"card_choices":[{"not_picked":["Hologram","Gash"],"picked":"Storm","floor":1},{"not_picked":["Static Discharge","Rebound"],"picked":"Turbo","floor":2},{"not_picked":["Streamline","Steam"],"picked":"Heatsinks","floor":3},{"not_picked":["White Noise","Melter"],"picked":"Self Repair","floor":4},{"not_picked":["Gash","Compile Driver"],"picked":"Ball Lightning","floor":5},{"not_picked":["Sunder","Coolheaded"],"picked":"Skim","floor":7},{"not_picked":["Beam Cell","Coolheaded"],"picked":"Ball Lightning","floor":11},{"not_picked":["Turbo","Ball Lightning"],"picked":"Fusion","floor":12},{"not_picked":["Doom and Gloom","Streamline","Recycle"],"picked":"SKIP","floor":14},{"not_picked":["Fission","Seek"],"picked":"Hyperbeam","floor":16},{"not_picked":["Streamline","Reprogram","Doom and Gloom"],"picked":"SKIP","floor":18},{"not_picked":["Ball Lightning","Cold Snap"],"picked":"White Noise+1","floor":22},{"not_picked":["Compile Driver","Rebound+1"],"picked":"Genetic Algorithm+1","floor":24},{"not_picked":["Cold Snap","Loop"],"picked":"Skim","floor":27},{"not_picked":["Rebound+1","Hello World","Compile Driver"],"picked":"SKIP","floor":28},{"not_picked":["FTL+1","Meteor Strike","Compile Driver+1"],"picked":"SKIP","floor":29},{"not_picked":["Machine Learning","Seek"],"picked":"Creative AI","floor":33},{"not_picked":["Fusion+1","Consume+1"],"picked":"Defragment","floor":35},{"not_picked":["Go for the Eyes","Sweeping Beam"],"picked":"Force Field+1","floor":36},{"not_picked":["Scrape","Skim+1"],"picked":"Leap+1","floor":37},{"not_picked":["Stack","Steam","Rebound"],"picked":"SKIP","floor":38},{"not_picked":["Consume+1","Multi-Cast"],"picked":"Redo+1","floor":39},{"not_picked":["Sunder+1","Beam Cell"],"picked":"Chill+1","floor":40},{"not_picked":["Conserve Battery","Tempest"],"picked":"Hologram+1","floor":41},{"not_picked":["Cold Snap","Leap+1"],"picked":"Reinforced Body+1","floor":44},{"not_picked":["Rip and Tear","Hello World+1"],"picked":"Hologram+1","floor":46},{"not_picked":["Compile Driver","Tempest+1"],"picked":"Storm+1","floor":48}],"player_experience":211601,"relics_obtained":[{"floor":9,"key":"Regal Pillow"},{"floor":26,"key":"Shuriken"},{"floor":28,"key":"Anchor"},{"floor":40,"key":"Smiling Mask"},{"floor":40,"key":"Happy Flower"},{"floor":43,"key":"Gremlin Horn"},{"floor":46,"key":"War Paint"},{"floor":46,"key":"Oddly Smooth Stone"},{"floor":48,"key":"Strawberry"},{"floor":48,"key":"Ancient Tea Set"}],"event_choices":[{"damage_healed":0,"gold_gain":0,"player_choice":"Shed Blood","damage_taken":19,"max_hp_gain":5,"max_hp_loss":0,"event_name":"Forgotten Altar","floor":19,"gold_loss":0},{"damage_healed":0,"gold_gain":0,"player_choice":"Ignored","damage_taken":0,"max_hp_gain":0,"max_hp_loss":0,"event_name":"Vampires","floor":20,"gold_loss":0},{"damage_healed":0,"gold_gain":0,"cards_transformed":["Defend_B"],"player_choice":"Transformed","damage_taken":0,"max_hp_gain":0,"max_hp_loss":0,"event_name":"Transmorgrifier","floor":30,"gold_loss":0,"cards_obtained":["Fusion"]}],"is_beta":true,"boss_relics":[{"not_picked":["Busted Crown","Lizard Tail"],"picked":"Astrolabe"},{"not_picked":["Pandora\u0027s Box","Calling Bell"],"picked":"Black Star"}],"items_purged_floors":[10,21],"is_endless":false,"potions_floor_spawned":[2,4,12,14,16,22,29,33,36,38,41,46],"ascension_level":0}