{"gold_per_floor":[117,129,129,147,72,72,96,96,176,246,262,262,262],"floor_reached":13,"playtime":545,"items_purged":["Scrape"],"score":219,"play_id":"f37c9988-a482-40c9-82d3-8c9f37af6963","local_time":"20181029002125","daily_mods":["Draft","Diverse"],"is_ascension_mode":true,"campfire_choices":[{"data":"Footwork","floor":6,"key":"SMITH"},{"data":"Flechettes","floor":8,"key":"SMITH"}],"neow_cost":"","seed_source_timestamp":588057044901887,"circlet_count":0,"master_deck":["AscendersBane","Stack","Auto Shields","Endless Agony","Concentrate","Flame Barrier","Ball Lightning","Infernal Blade","Shrug It Off","Sunder","Outmaneuver","Clothesline","Flechettes+1","Clothesline","Beam Cell","PiercingWail","Footwork+1","Heatsinks","Acrobatics","Cold Snap"],"relics":["Cracked Core","Golden Idol","Tiny Chest","Bag of Preparation","Molten Egg 2"],"potions_floor_usage":[],"damage_taken":[{"damage":0,"enemies":"Small Slimes","floor":1,"turns":3},{"damage":0,"enemies":"2 Louse","floor":2,"turns":2},{"damage":4,"enemies":"Jaw Worm","floor":4,"turns":2},{"damage":0,"enemies":"Blue Slaver","floor":7,"turns":4},{"damage":21,"enemies":"3 Sentries","floor":10,"turns":7},{"damage":0,"enemies":"Exordium Wildlife","floor":11,"turns":2}],"seed_played":"-8242674796456933787","potions_obtained":[{"floor":7,"key":"SteroidPotion"},{"floor":10,"key":"SkillPotion"}],"is_trial":true,"path_per_floor":["M","M","?","M","$","R","M","R","T","?","M","T"],"character_chosen":"DEFECT","items_purchased":[],"campfire_rested":0,"item_purchase_floors":[],"current_hp_per_floor":[64,64,40,36,36,36,36,36,36,15,15,15,15],"gold":262,"neow_bonus":"","is_prod":false,"is_daily":false,"chose_seed":false,"campfire_upgraded":2,"win_rate":0,"timestamp":1540794085,"path_taken":["M","M","?","M","$","R","M","R","T","?","?","?","R"],"build_version":"2018-10-25v2","purchased_purges":1,"victory":false,"max_hp_per_floor":[71,71,71,71,71,71,71,71,71,71,71,71,71],"card_choices":[{"not_picked":["Dodge and Roll","Anger"],"picked":"Stack","floor":0},{"not_picked":["Barrage","Lockon"],"picked":"Scrape","floor":0},{"not_picked":["Beam Cell","Recycle"],"picked":"Auto Shields","floor":0},{"not_picked":["Gash","Infernal Blade"],"picked":"Endless Agony","floor":0},{"not_picked":["Acrobatics","Finisher"],"picked":"Concentrate","floor":0},{"not_picked":["Heavy Blade","Endless Agony"],"picked":"Flame Barrier","floor":0},{"not_picked":["Twin Strike","Anger"],"picked":"Ball Lightning","floor":0},{"not_picked":["Cleave","Perfected Strike"],"picked":"Infernal Blade","floor":0},{"not_picked":["Sucker Punch","Warcry"],"picked":"Shrug It Off","floor":0},{"not_picked":["Gash","Dodge and Roll"],"picked":"Sunder","floor":0},{"not_picked":["Rip and Tear","Armaments"],"picked":"Outmaneuver","floor":0},{"not_picked":["Armaments","Barrage"],"picked":"Clothesline","floor":0},{"not_picked":["Blizzard","PiercingWail"],"picked":"Flechettes","floor":0},{"not_picked":["Underhanded Strike","Anger"],"picked":"Clothesline","floor":0},{"not_picked":["Heel Hook","Masterful Stab"],"picked":"Beam Cell","floor":0},{"not_picked":["Anger","Wild Strike"],"picked":"PiercingWail","floor":1},{"not_picked":["Steam Power","Gash"],"picked":"Footwork","floor":2},{"not_picked":["Cleave","True Grit","Reflex"],"picked":"SKIP","floor":4},{"not_picked":["Battle Trance","Rebound"],"picked":"Heatsinks","floor":7},{"not_picked":["Beam Cell","Leg Sweep"],"picked":"Acrobatics","floor":10},{"not_picked":["All Out Attack","Poisoned Stab"],"picked":"Cold Snap","floor":11}],"player_experience":196425,"relics_obtained":[{"floor":9,"key":"Tiny Chest"},{"floor":10,"key":"Bag of Preparation"},{"floor":12,"key":"Molten Egg 2"}],"event_choices":[{"damage_healed":0,"gold_gain":0,"player_choice":"Take Damage","damage_taken":24,"relics_obtained":["Golden Idol"],"max_hp_gain":0,"max_hp_loss":0,"event_name":"Golden Idol","floor":3,"gold_loss":0},{"damage_healed":0,"gold_gain":0,"player_choice":"Searched \u00271\u0027 times","damage_taken":0,"max_hp_gain":0,"max_hp_loss":0,"event_name":"Dead Adventurer","floor":10,"gold_loss":0}],"is_beta":true,"boss_relics":[],"items_purged_floors":[5],"is_endless":true,"potions_floor_spawned":[7,10,11],"ascension_level":15}