{"gold_per_floor":[113,132,150,38,52,78,78,78],"floor_reached":8,"playtime":419,"items_purged":["Regret"],"score":96,"play_id":"ab2cd78a-0a79-4531-8537-fd6f63388d15","local_time":"20190628233540","is_ascension_mode":true,"campfire_choices":[],"neow_cost":"CURSE","seed_source_timestamp":35451952448580,"circlet_count":0,"master_deck":["AscendersBane","Strike_R","Strike_R","Strike_R","Strike_R","Strike_R","Defend_R","Defend_R","Defend_R","Defend_R","Bash","Disarm","Wild Strike","Intimidate","Whirlwind","True Grit","Corruption","Shockwave","Power Through","Spot Weakness","Parasite"],"relics":["Burning Blood","Prayer Wheel","Gambling Chip"],"potions_floor_usage":[6],"damage_taken":[{"damage":10,"enemies":"Cultist","floor":1,"turns":5},{"damage":6,"enemies":"2 Louse","floor":2,"turns":3},{"damage":7,"enemies":"Jaw Worm","floor":3,"turns":2},{"damage":14,"enemies":"Blue Slaver","floor":5,"turns":5},{"damage":52,"enemies":"Gremlin Nob","floor":6,"turns":6},{"damage":48,"enemies":"Lagavulin","floor":8,"turns":10}],"seed_played":"-3203430618952416953","potions_obtained":[{"floor":5,"key":"Block Potion"}],"is_trial":false,"path_per_floor":["M","M","M","$","M","E","?","E"],"character_chosen":"IRONCLAD","items_purchased":["Corruption"],"campfire_rested":0,"item_purchase_floors":[4],"current_hp_per_floor":[68,68,67,67,59,13,33,0],"gold":78,"neow_bonus":"ONE_RARE_RELIC","is_prod":false,"is_daily":false,"chose_seed":false,"campfire_upgraded":0,"win_rate":0,"timestamp":1561782940,"path_taken":["M","M","M","$","M","E","?","E"],"build_version":"2019-01-23","purchased_purges":1,"victory":false,"max_hp_per_floor":[80,80,80,80,80,80,80,80],"card_choices":[{"not_picked":["Iron Wave","Clothesline"],"picked":"Disarm","floor":1},{"not_picked":["Warcry","Armaments","Body Slam"],"picked":"SKIP","floor":1},{"not_picked":["Clothesline","Armaments"],"picked":"Wild Strike","floor":2},{"not_picked":["Rupture","Body Slam"],"picked":"Intimidate","floor":2},{"not_picked":["Dual Wield","Havoc"],"picked":"Whirlwind","floor":3},{"not_picked":["Sever Soul","Perfected Strike"],"picked":"True Grit","floor":3},{"not_picked":["Entrench","Shrug It Off"],"picked":"Shockwave","floor":5},{"not_picked":["Inflame","Pommel Strike"],"picked":"Power Through","floor":5},{"not_picked":["Clothesline","Power Through"],"picked":"Spot Weakness","floor":6}],"player_experience":418197,"relics_obtained":[{"floor":6,"key":"Gambling Chip"}],"event_choices":[{"damage_healed":20,"gold_gain":0,"player_choice":"Healed and dodged fight","damage_taken":0,"max_hp_gain":0,"max_hp_loss":0,"event_name":"Mushrooms","floor":7,"gold_loss":0,"cards_obtained":["Parasite"]}],"is_beta":false,"boss_relics":[],"items_purged_floors":[4],"is_endless":false,"potions_floor_spawned":[5],"killed_by":"Lagavulin","ascension_level":13}