{"gold_per_floor":[115,115,135,135,135,135,161,161,184,184,195,195,212,226,226,301,301,311,147,163,163,175,175,175,175,175,175,188,206,220,280,280,280],"floor_reached":33,"playtime":1094,"items_purged":[],"score":584,"play_id":"a23069ff-a4f6-4bfa-88d8-0ebd04cb4a23","local_time":"20190803234645","is_ascension_mode":true,"campfire_choices":[{"data":"Zap","floor":6.0,"key":"SMITH"},{"data":"Dualcast","floor":8.0,"key":"SMITH"},{"data":"Reinforced Body","floor":10.0,"key":"SMITH"},{"data":"Scrape","floor":12.0,"key":"SMITH"},{"data":"Glacier","floor":15.0,"key":"SMITH"},{"floor":23.0,"key":"REST"},{"data":"Electrodynamics","floor":25.0,"key":"SMITH"},{"data":"Gash","floor":27.0,"key":"SMITH"},{"floor":32,"key":"REST"}],"neow_cost":"NONE","seed_source_timestamp":1048124607482500,"circlet_count":0,"master_deck":["AscendersBane","Strike_B","Defend_B","Defend_B","Zap+1","Dualcast+1","Glacier+1","Scrape+1","Reinforced Body+1","BootSequence","Go for the Eyes","Electrodynamics+1","Fusion+1","Leap+1","Amplify+1","Gash+1","Beam Cell","Cold Snap","Echo Form"],"special_seed":0,"relics":["Cracked Core","NeowsBlessing","Anchor","Centennial Puzzle","Astrolabe","Regal Pillow","The Courier","Tiny Chest"],"potions_floor_usage":[],"damage_taken":[{"damage":0.0,"enemies":"Jaw Worm","floor":1.0,"turns":1.0},{"damage":0.0,"enemies":"2 Louse","floor":3.0,"turns":1.0},{"damage":0.0,"enemies":"3 Sentries","floor":7.0,"turns":1.0},{"damage":0.0,"enemies":"Cultist","floor":11.0,"turns":3.0},{"damage":0.0,"enemies":"Large Slime","floor":13.0,"turns":4.0},{"damage":1.0,"enemies":"Looter","floor":14.0,"turns":2.0},{"damage":18.0,"enemies":"The Guardian","floor":16.0,"turns":14.0},{"damage":0.0,"enemies":"Spheric Guardian","floor":18.0,"turns":5.0},{"damage":14.0,"enemies":"Shell Parasite","floor":20.0,"turns":9.0},{"damage":25.0,"enemies":"Sentry and Sphere","floor":22.0,"turns":5.0},{"damage":0.0,"enemies":"Centurion and Healer","floor":28.0,"turns":6.0},{"damage":13.0,"enemies":"Shelled Parasite and Fungi","floor":29.0,"turns":5.0},{"damage":0.0,"enemies":"Chosen and Byrds","floor":30.0,"turns":5.0},{"damage":25,"enemies":"Slavers","floor":31,"turns":3},{"damage":107,"enemies":"Collector","floor":33,"turns":18}],"seed_played":"-4779534436591604262","potions_obtained":[{"floor":3.0,"key":"Strength Potion"},{"floor":13.0,"key":"Ancient Potion"},{"floor":16.0,"key":"FairyPotion"}],"is_trial":false,"path_per_floor":["M","$","M","?","?","R","E","R","T","R","M","R","M","M","R","B",null,"M","$","M","?","M","R","?","R","T","R","M","M","M","E","R","B"],"character_chosen":"DEFECT","items_purchased":["Regal Pillow"],"campfire_rested":2,"item_purchase_floors":[19],"current_hp_per_floor":[64,64,64,57,57,57,57,57,57,57,57,57,57,56,56,38,63,63,63,49,63,38,71,64,64,64,64,64,51,51,26,62,0],"gold":280,"neow_bonus":"THREE_ENEMY_KILL","is_prod":false,"is_daily":false,"chose_seed":false,"campfire_upgraded":7,"win_rate":0,"timestamp":1564868805,"path_taken":["M","$","M","?","?","R","E","R","T","R","M","R","M","M","R","BOSS","M","$","?","?","M","R","?","R","T","R","M","M","?","E","R","BOSS"],"build_version":"2019-07-17","purchased_purges":0,"victory":false,"max_hp_per_floor":[71,71,71,71,71,71,71,71,71,71,71,71,71,71,71,71,71,71,71,71,71,71,71,71,71,71,71,71,71,71,71,71,71],"card_choices":[{"not_picked":["Stack","Leap"],"picked":"Glacier","floor":1.0},{"not_picked":["Beam Cell","Hologram"],"picked":"Scrape","floor":3.0},{"not_picked":["Barrage","Streamline"],"picked":"Reinforced Body","floor":7.0},{"not_picked":["Steam","Aggregate","Ball Lightning"],"picked":"SKIP","floor":11.0},{"not_picked":["Go for the Eyes","Tempest"],"picked":"BootSequence","floor":13.0},{"not_picked":["Hello World","Seek"],"picked":"Go for the Eyes","floor":14.0},{"not_picked":["Machine Learning","All For One"],"picked":"Electrodynamics","floor":16.0},{"not_picked":["Lockon","Sweeping Beam","Compile Driver"],"picked":"SKIP","floor":18.0},{"not_picked":["Turbo","Redo","Barrage"],"picked":"SKIP","floor":20.0},{"not_picked":["Conserve Battery","Hologram"],"picked":"Gash","floor":22.0},{"not_picked":["Barrage+1","Lockon"],"picked":"Beam Cell","floor":28.0},{"not_picked":["Doom and Gloom","Beam Cell"],"picked":"Cold Snap","floor":29.0},{"not_picked":["Amplify","Conserve Battery","Compile Driver"],"picked":"SKIP","floor":30.0},{"not_picked":["Barrage","Sweeping Beam"],"picked":"Echo Form","floor":31}],"player_experience":417008,"relics_obtained":[{"floor":7.0,"key":"Anchor"},{"floor":9.0,"key":"Centennial Puzzle"},{"floor":26.0,"key":"The Courier"},{"floor":31,"key":"Tiny Chest"}],"event_choices":[{"cards_removed":["Strike_B"],"damage_healed":0.0,"max_hp_gain":0.0,"max_hp_loss":0.0,"gold_gain":0.0,"event_name":"Golden Wing","player_choice":"Card Removal","floor":4.0,"gold_loss":0.0,"damage_taken":7.0},{"cards_removed":["Defend_B"],"damage_healed":0.0,"max_hp_gain":0.0,"max_hp_loss":0.0,"gold_gain":0.0,"event_name":"Wheel of Change","player_choice":"Card Removal","floor":5.0,"gold_loss":0.0,"damage_taken":0.0},{"damage_healed":14.0,"max_hp_gain":0.0,"max_hp_loss":0.0,"gold_gain":0.0,"event_name":"The Library","player_choice":"Heal","floor":21.0,"gold_loss":0.0,"damage_taken":0.0},{"damage_healed":0.0,"max_hp_gain":0.0,"max_hp_loss":0.0,"gold_gain":0.0,"event_name":"Knowing Skull","player_choice":"","floor":24.0,"potions_obtained":[],"gold_loss":0.0,"damage_taken":7.0,"cards_obtained":[]}],"is_beta":false,"boss_relics":[{"not_picked":["FrozenCore","Runic Pyramid"],"picked":"Astrolabe"}],"items_purged_floors":[],"is_endless":false,"potions_floor_spawned":[3,13,16,18,22,29],"killed_by":"Collector","ascension_level":20}