{"gold_per_floor":[217,236,247,302,19,19,35,35,62,62,83,83,99,112,112,186,186,196,121,133,151,166,166,166],"floor_reached":24,"playtime":502,"items_purged":["Strike_B"],"score":352,"play_id":"5bd44c7d-1e92-4fc8-9df6-35621d707c19","local_time":"20190727202914","is_ascension_mode":true,"campfire_choices":[{"data":"Zap","floor":6.0,"key":"SMITH"},{"data":"Dualcast","floor":8.0,"key":"SMITH"},{"floor":10.0,"key":"REST"},{"data":"Defragment","floor":15.0,"key":"SMITH"},{"floor":23,"key":"REST"}],"neow_cost":"NONE","seed_source_timestamp":432043082960900,"circlet_count":0,"master_deck":["AscendersBane","Strike_B","Strike_B","Strike_B","Defend_B","Defend_B","Defend_B","Defend_B","Zap+1","Dualcast+1","Streamline","Ball Lightning","Gash","Gash","Ball Lightning","Defragment+1","Biased Cognition","Leap+1"],"special_seed":0,"relics":["Cracked Core","Letter Opener","Blood Vial","Odd Mushroom","Inserter"],"potions_floor_usage":[22],"damage_taken":[{"damage":0.0,"enemies":"2 Louse","floor":1.0,"turns":2.0},{"damage":5.0,"enemies":"Small Slimes","floor":2.0,"turns":4.0},{"damage":7.0,"enemies":"Jaw Worm","floor":3.0,"turns":2.0},{"damage":13.0,"enemies":"3 Louse","floor":7.0,"turns":3.0},{"damage":11.0,"enemies":"The Mushroom Lair","floor":11.0,"turns":3.0},{"damage":2.0,"enemies":"2 Fungi Beasts","floor":13.0,"turns":2.0},{"damage":3.0,"enemies":"Exordium Wildlife","floor":14.0,"turns":3.0},{"damage":8.0,"enemies":"Slime Boss","floor":16.0,"turns":5.0},{"damage":23.0,"enemies":"2 Thieves","floor":18.0,"turns":3.0},{"damage":11.0,"enemies":"Spheric Guardian","floor":20.0,"turns":3.0},{"damage":17.0,"enemies":"Snecko","floor":21.0,"turns":4.0},{"damage":25,"enemies":"Centurion and Healer","floor":22,"turns":5},{"damage":34,"enemies":"Sentry and Sphere","floor":24,"turns":4}],"seed_played":"8856332415066031503","potions_obtained":[{"floor":7.0,"key":"FearPotion"},{"floor":13.0,"key":"Energy Potion"},{"floor":18.0,"key":"Explosive Potion"},{"floor":22,"key":"Dexterity Potion"}],"is_trial":false,"path_per_floor":["M","M","M","?","$","R","M","R","T","R","?","?","M","M","R","B",null,"M","$","M","M","M","R","M"],"character_chosen":"DEFECT","items_purchased":["Letter Opener"],"campfire_rested":2,"item_purchase_floors":[5],"current_hp_per_floor":[64,59,52,52,52,52,39,39,39,60,51,56,56,55,55,49,69,48,48,39,24,1,23,0],"gold":166,"neow_bonus":"HUNDRED_GOLD","is_prod":false,"is_daily":false,"chose_seed":false,"campfire_upgraded":3,"win_rate":0,"timestamp":1564252154,"path_taken":["M","M","M","?","$","R","M","R","T","R","?","?","M","M","R","BOSS","M","$","M","M","M","R","M"],"build_version":"2019-07-17","purchased_purges":1,"victory":false,"max_hp_per_floor":[71,71,71,71,71,71,71,71,71,71,71,76,76,76,76,76,76,76,76,76,76,76,76,76],"card_choices":[{"not_picked":["Hologram","Recycle"],"picked":"Streamline","floor":1.0},{"not_picked":["Barrage","Sunder"],"picked":"Ball Lightning","floor":2.0},{"not_picked":["Scrape","Ball Lightning"],"picked":"Gash","floor":3.0},{"not_picked":["Auto Shields","Beam Cell"],"picked":"Gash","floor":7.0},{"not_picked":["Redo","Fusion"],"picked":"Ball Lightning","floor":11.0},{"not_picked":["Conserve Battery","Fusion","Go for the Eyes"],"picked":"SKIP","floor":13.0},{"not_picked":["Sunder","Recycle"],"picked":"Defragment","floor":14.0},{"not_picked":["Hyperbeam","Reboot"],"picked":"Biased Cognition","floor":16.0},{"not_picked":["Static Discharge","Rebound"],"picked":"Leap+1","floor":18.0},{"not_picked":["Redo","Sweeping Beam","Conserve Battery"],"picked":"SKIP","floor":20.0},{"not_picked":["Rebound","Rip and Tear","Chaos"],"picked":"SKIP","floor":21.0},{"not_picked":["Go for the Eyes","Ball Lightning","Scrape"],"picked":"SKIP","floor":22}],"player_experience":379251,"relics_obtained":[{"floor":9.0,"key":"Blood Vial"},{"floor":11.0,"key":"Odd Mushroom"}],"event_choices":[{"damage_healed":0.0,"max_hp_gain":0.0,"max_hp_loss":0.0,"gold_gain":55.0,"event_name":"Golden Wing","player_choice":"Gained Gold","floor":4.0,"gold_loss":0.0,"damage_taken":0.0},{"damage_healed":0.0,"max_hp_gain":0.0,"max_hp_loss":0.0,"gold_gain":0.0,"event_name":"Mushrooms","player_choice":"Fought Mushrooms","floor":11.0,"gold_loss":0.0,"damage_taken":0.0},{"damage_healed":0.0,"max_hp_gain":5.0,"max_hp_loss":0.0,"gold_gain":0.0,"event_name":"Big Fish","player_choice":"Donut","floor":12.0,"gold_loss":0.0,"damage_taken":0.0}],"is_beta":false,"boss_relics":[{"not_picked":["Astrolabe","Ectoplasm"],"picked":"Inserter"}],"items_purged_floors":[19],"is_endless":false,"potions_floor_spawned":[7,13,18,22],"killed_by":"Sentry and Sphere","ascension_level":17}