{"gold_per_floor":[113,113,113,138,138,138,178,197,497,497,32,32,45,19,19,110,110,30,45,45],"floor_reached":20,"playtime":1033,"items_purged":["Strike_R"],"score":380,"play_id":"1dbdc7ef-19e9-44ae-845a-9ef810ba08ec","local_time":"20190801194945","is_ascension_mode":true,"campfire_choices":[{"data":"True Grit","floor":6,"key":"SMITH"},{"data":"Flame Barrier","floor":10,"key":"SMITH"},{"floor":12,"key":"REST"},{"data":"Dual Wield","floor":15,"key":"SMITH"}],"neow_cost":"NONE","seed_source_timestamp":864383489187391,"circlet_count":0,"master_deck":["AscendersBane","Strike_R","Strike_R","Strike_R","Defend_R+1","Defend_R","Defend_R","Defend_R+1","Bash","True Grit+1","Dual Wield+1","Sword Boomerang","Flame Barrier+1","Seeing Red","Shrug It Off","Corruption","Spot Weakness","Shrug It Off","Immolate","Writhe","Doubt","Decay","Havoc+1","True Grit"],"relics":["Burning Blood","NeowsBlessing","Golden Idol","Nunchaku","Old Coin","Strawberry","Calling Bell","Regal Pillow","Meat on the Bone","Unceasing Top"],"potions_floor_usage":[16,16,20],"damage_taken":[{"damage":0,"enemies":"2 Louse","floor":1,"turns":1},{"damage":0,"enemies":"Small Slimes","floor":4,"turns":1},{"damage":0,"enemies":"Lagavulin","floor":7,"turns":1},{"damage":5,"enemies":"Jaw Worm","floor":8,"turns":5},{"damage":21,"enemies":"Exordium Thugs","floor":13,"turns":5},{"damage":70,"enemies":"Slime Boss","floor":16,"turns":13},{"damage":23,"enemies":"2 Thieves","floor":18,"turns":4},{"damage":41,"enemies":"Spheric Guardian","floor":19,"turns":7},{"damage":42,"enemies":"Centurion and Healer","floor":20,"turns":7}],"seed_played":"-4536817121683870306","potions_obtained":[{"floor":4,"key":"BloodPotion"},{"floor":19,"key":"SpeedPotion"}],"is_trial":false,"path_per_floor":["M","?","?","M","?","R","E","M","T","R","$","R","M","$","R","B",null,"M","M","M"],"character_chosen":"IRONCLAD","items_purchased":["Shrug It Off","Corruption","Strawberry","Ancient Potion","Shrug It Off"],"campfire_rested":1,"item_purchase_floors":[11,11,11,11,14],"current_hp_per_floor":[74,51,25,31,31,31,37,38,38,38,45,69,54,54,54,10,64,59,36,0],"gold":45,"neow_bonus":"THREE_ENEMY_KILL","is_prod":false,"is_daily":false,"chose_seed":false,"campfire_upgraded":3,"win_rate":0,"timestamp":1564706985,"path_taken":["M","?","?","M","?","R","E","M","T","R","$","R","M","$","R","BOSS","M","M","M"],"build_version":"2019-07-17","purchased_purges":1,"victory":false,"max_hp_per_floor":[75,75,75,75,75,75,75,75,75,75,82,82,82,82,82,82,82,82,82,82],"card_choices":[{"not_picked":["Pommel Strike","Wild Strike"],"picked":"True Grit","floor":1},{"not_picked":["Armaments","Thunderclap"],"picked":"Dual Wield","floor":4},{"not_picked":["Exhume","Reckless Charge"],"picked":"Flame Barrier","floor":7},{"not_picked":["Flex","Evolve"],"picked":"Seeing Red","floor":8},{"not_picked":["Cleave","Wild Strike"],"picked":"Spot Weakness","floor":13},{"not_picked":["Fiend Fire","Demon Form"],"picked":"Immolate","floor":16},{"not_picked":["Second Wind","Cleave"],"picked":"Havoc+1","floor":18},{"not_picked":["Fire Breathing","Headbutt"],"picked":"True Grit","floor":19}],"player_experience":547520,"relics_obtained":[{"floor":7,"key":"Nunchaku"},{"floor":9,"key":"Old Coin"},{"floor":17,"key":"Regal Pillow"},{"floor":17,"key":"Meat on the Bone"},{"floor":17,"key":"Unceasing Top"}],"event_choices":[{"damage_healed":0,"gold_gain":0,"player_choice":"Entered Light","damage_taken":23,"max_hp_gain":0,"max_hp_loss":0,"event_name":"Shining Light","floor":2,"gold_loss":0,"cards_upgraded":["Defend_R","Defend_R"]},{"damage_healed":0,"gold_gain":0,"player_choice":"Take Damage","damage_taken":26,"relics_obtained":["Golden Idol"],"max_hp_gain":0,"max_hp_loss":0,"event_name":"Golden Idol","floor":3,"gold_loss":0},{"damage_healed":0,"gold_gain":0,"cards_transformed":["Strike_R"],"player_choice":"Change","damage_taken":0,"max_hp_gain":0,"max_hp_loss":0,"event_name":"Living Wall","floor":5,"gold_loss":0,"cards_obtained":["Sword Boomerang"]}],"is_beta":false,"boss_relics":[{"not_picked":["Black Blood","Orrery"],"picked":"Calling Bell"}],"items_purged_floors":[11],"is_endless":false,"potions_floor_spawned":[4,19],"killed_by":"Centurion and Healer","ascension_level":19}