{"gold_per_floor":[117,117,217,37,48,74,92,119,119,119,133,159,159,173,173,276,276,290,300,74,74,86,86,86],"floor_reached":24,"playtime":1316,"items_purged":["Strike_R"],"score":289,"play_id":"39cf8271-854c-4212-85a0-cf1e631a5bfc","local_time":"20190525230043","is_ascension_mode":true,"campfire_choices":[{"data":"Searing Blow","floor":10,"key":"SMITH"},{"data":"Searing Blow+1","floor":13,"key":"SMITH"},{"data":"Shrug It Off","floor":15,"key":"SMITH"},{"data":"Searing Blow+2","floor":23,"key":"SMITH"}],"neow_cost":"NONE","seed_source_timestamp":106445751424093,"circlet_count":0,"master_deck":["Strike_R","Strike_R","Strike_R","Strike_R","Defend_R","Defend_R","Defend_R","Defend_R","Bash","Flame Barrier","Armaments","Headbutt","Burning Pact","Warcry","Searing Blow+3","Shrug It Off+1","True Grit","Body Slam","Immolate","Sentinel","Flame Barrier+1","Decay"],"relics":["Burning Blood","NeowsBlessing","Lantern","Art of War","Kunai","PreservedInsect","Du-Vu Doll","Philosopher\u0027s Stone","Regal Pillow"],"potions_floor_usage":[8,11,12,16,16,22],"damage_taken":[{"damage":0,"enemies":"2 Louse","floor":1,"turns":1},{"damage":0,"enemies":"Cultist","floor":5,"turns":1},{"damage":0,"enemies":"3 Sentries","floor":6,"turns":2},{"damage":2,"enemies":"Small Slimes","floor":7,"turns":3},{"damage":44,"enemies":"Lagavulin","floor":8,"turns":8},{"damage":4,"enemies":"Red Slaver","floor":11,"turns":5},{"damage":9,"enemies":"3 Sentries","floor":12,"turns":6},{"damage":11,"enemies":"Looter","floor":14,"turns":2},{"damage":37,"enemies":"Slime Boss","floor":16,"turns":10},{"damage":2,"enemies":"Shell Parasite","floor":18,"turns":4},{"damage":24,"enemies":"2 Thieves","floor":19,"turns":4},{"damage":9,"enemies":"Centurion and Healer","floor":22,"turns":10},{"damage":69,"enemies":"Book of Stabbing","floor":24,"turns":6}],"seed_played":"7764781012039970940","potions_obtained":[{"floor":1,"key":"Block Potion"},{"floor":6,"key":"Block Potion"},{"floor":8,"key":"SteroidPotion"},{"floor":11,"key":"Strength Potion"},{"floor":12,"key":"Energy Potion"},{"floor":16,"key":"FearPotion"}],"is_trial":false,"path_per_floor":["M","?","?","$","M","E","M","E","T","R","M","E","R","M","R","B",null,"M","M","$","?","M","R","E"],"character_chosen":"IRONCLAD","items_purchased":["Lantern","Armaments","Regal Pillow"],"campfire_rested":0,"item_purchase_floors":[4,4,20],"current_hp_per_floor":[80,85,85,85,85,85,85,47,47,47,49,46,46,41,41,10,85,85,67,67,67,64,64,0],"gold":86,"neow_bonus":"THREE_ENEMY_KILL","is_prod":false,"is_daily":false,"chose_seed":false,"campfire_upgraded":4,"win_rate":0,"timestamp":1558843243,"path_taken":["M","?","?","$","?","E","M","E","T","R","M","E","R","M","R","BOSS","M","M","$","?","?","R","E"],"build_version":"2019-01-23","purchased_purges":1,"victory":false,"max_hp_per_floor":[80,85,85,85,85,85,85,85,85,85,85,85,85,85,85,85,85,85,85,85,85,85,85,85],"card_choices":[{"not_picked":["Bloodletting","Cleave"],"picked":"Flame Barrier","floor":1},{"not_picked":["Pommel Strike","Pummel"],"picked":"Headbutt","floor":5},{"not_picked":["Hemokinesis","Iron Wave"],"picked":"Burning Pact","floor":6},{"not_picked":["Twin Strike","Iron Wave"],"picked":"Warcry","floor":7},{"not_picked":["Iron Wave","Clash"],"picked":"Searing Blow","floor":8},{"not_picked":["Twin Strike","Thunderclap"],"picked":"Shrug It Off","floor":11},{"not_picked":["Exhume","Headbutt"],"picked":"True Grit","floor":12},{"not_picked":["Twin Strike","Thunderclap"],"picked":"Body Slam","floor":14},{"not_picked":["Exhume","Juggernaut"],"picked":"Immolate","floor":16},{"not_picked":["Warcry","Sword Boomerang"],"picked":"Sentinel","floor":18},{"not_picked":["Pummel","Hemokinesis"],"picked":"Flame Barrier+1","floor":19},{"not_picked":["Clash+1","Body Slam+1","Pummel+1"],"picked":"SKIP","floor":22}],"player_experience":199485,"relics_obtained":[{"floor":6,"key":"Art of War"},{"floor":8,"key":"Kunai"},{"floor":9,"key":"PreservedInsect"},{"floor":12,"key":"Du-Vu Doll"}],"event_choices":[{"damage_healed":0,"gold_gain":0,"player_choice":"Donut","damage_taken":0,"max_hp_gain":5,"max_hp_loss":0,"event_name":"Big Fish","floor":2,"gold_loss":0},{"damage_healed":0,"gold_gain":100,"player_choice":"Gold","damage_taken":0,"max_hp_gain":0,"max_hp_loss":0,"event_name":"Wheel of Change","floor":3,"gold_loss":0},{"damage_healed":0,"gold_gain":0,"player_choice":"Cursed","damage_taken":0,"max_hp_gain":0,"max_hp_loss":0,"event_name":"Wheel of Change","floor":21,"gold_loss":0,"cards_obtained":["Decay"]}],"is_beta":false,"boss_relics":[{"not_picked":["Fusion Hammer","Runic Dome"],"picked":"Philosopher\u0027s Stone"}],"items_purged_floors":[20],"is_endless":false,"potions_floor_spawned":[1,6,8,11,12,16],"killed_by":"Book of Stabbing","ascension_level":4}