{"gold_per_floor":[113,113,125,125,200,200,200,200,200,200,216,216,227,255,255,360,360,371,31,31,51,51],"floor_reached":22,"playtime":980,"items_purged":["Strike_B"],"score":273,"play_id":"285b09cb-61f0-414b-af1d-b758fd095dec","local_time":"20190727001905","is_ascension_mode":true,"campfire_choices":[{"data":"Zap","floor":6,"key":"SMITH"},{"data":"Dualcast","floor":8,"key":"SMITH"},{"data":"Ball Lightning","floor":10,"key":"SMITH"},{"data":"Sweeping Beam","floor":12,"key":"SMITH"},{"data":"Beam Cell","floor":15,"key":"SMITH"}],"neow_cost":"TEN_PERCENT_HP_LOSS","seed_source_timestamp":1393752587382900,"circlet_count":0,"master_deck":["AscendersBane","Defend_B","Defend_B","Defend_B","Defend_B","Zap+1","Dualcast+1","Ball Lightning+1","Sweeping Beam+1","Go for the Eyes","Beam Cell+1","Buffer","Streamline","Streamline","Reinforced Body","Auto Shields","Bandage Up","Redo","J.A.X.","Melter+1"],"relics":["Cracked Core","Shuriken","The Courier","Inserter"],"potions_floor_usage":[16,16],"damage_taken":[{"damage":2,"enemies":"Jaw Worm","floor":1,"turns":3},{"damage":2,"enemies":"Small Slimes","floor":3,"turns":4},{"damage":0,"enemies":"2 Louse","floor":11,"turns":2},{"damage":3,"enemies":"Large Slime","floor":13,"turns":4},{"damage":15,"enemies":"Lagavulin","floor":14,"turns":5},{"damage":21,"enemies":"Hexaghost","floor":16,"turns":6},{"damage":21,"enemies":"2 Thieves","floor":18,"turns":4},{"damage":36,"enemies":"Shell Parasite","floor":21,"turns":5},{"damage":15,"enemies":"Snake Plant","floor":22,"turns":3}],"seed_played":"4088925021614410774","potions_obtained":[{"floor":13,"key":"Poison Potion"},{"floor":14,"key":"Regen Potion"},{"floor":16,"key":"SteroidPotion"}],"is_trial":false,"path_per_floor":["M","?","M","?","?","R","?","R","T","R","M","R","M","E","R","B",null,"M","$","?","M","M"],"character_chosen":"DEFECT","items_purchased":["Streamline","Reinforced Body","Auto Shields","Bandage Up","Redo"],"campfire_rested":0,"item_purchase_floors":[19,19,19,19,19],"current_hp_per_floor":[66,66,64,69,58,58,58,58,58,58,58,58,55,40,40,34,63,42,42,42,10,0],"gold":51,"neow_bonus":"REMOVE_TWO","is_prod":false,"is_daily":false,"chose_seed":false,"campfire_upgraded":5,"win_rate":0,"timestamp":1564208345,"path_taken":["M","?","M","?","?","R","?","R","T","R","M","R","M","E","R","BOSS","M","$","?","M","M"],"build_version":"2019-07-18","purchased_purges":1,"victory":false,"max_hp_per_floor":[68,68,68,73,73,73,73,73,73,73,73,73,73,73,73,73,73,73,73,73,73,73],"card_choices":[{"not_picked":["Go for the Eyes","Self Repair"],"picked":"Ball Lightning","floor":1},{"not_picked":["Force Field","Blizzard","Cold Snap"],"picked":"SKIP","floor":3},{"not_picked":["Turbo","Cold Snap"],"picked":"Sweeping Beam","floor":11},{"not_picked":["Hologram","Sweeping Beam"],"picked":"Go for the Eyes","floor":13},{"not_picked":["Steam","Cold Snap"],"picked":"Beam Cell","floor":14},{"not_picked":["Core Surge","Seek"],"picked":"Buffer","floor":16},{"not_picked":["Coolheaded","Barrage"],"picked":"Streamline","floor":18},{"not_picked":["Reprogram","Barrage"],"picked":"Melter+1","floor":21}],"player_experience":375804,"relics_obtained":[{"floor":9,"key":"Shuriken"},{"floor":14,"key":"The Courier"}],"event_choices":[{"cards_removed":["Strike_B"],"damage_healed":0,"gold_gain":0,"player_choice":"Forget","damage_taken":0,"max_hp_gain":0,"max_hp_loss":0,"event_name":"Living Wall","floor":2,"gold_loss":0},{"damage_healed":0,"gold_gain":0,"player_choice":"Donut","damage_taken":0,"max_hp_gain":5,"max_hp_loss":0,"event_name":"Big Fish","floor":4,"gold_loss":0},{"damage_healed":0,"gold_gain":75,"player_choice":"Gather Gold","damage_taken":11,"max_hp_gain":0,"max_hp_loss":0,"event_name":"World of Goop","floor":5,"gold_loss":0},{"damage_healed":0,"gold_gain":0,"player_choice":"Ignored","damage_taken":0,"max_hp_gain":0,"max_hp_loss":0,"event_name":"Liars Game","floor":7,"gold_loss":0},{"damage_healed":0,"gold_gain":0,"player_choice":"Obtain J.A.X.","damage_taken":0,"max_hp_gain":0,"max_hp_loss":0,"event_name":"Drug Dealer","floor":20,"gold_loss":0,"cards_obtained":["J.A.X."]}],"is_beta":true,"boss_relics":[{"not_picked":["Tiny House","Cursed Key"],"picked":"Inserter"}],"items_purged_floors":[19],"is_endless":false,"potions_floor_spawned":[13,14,16],"killed_by":"Snake Plant","ascension_level":10}