{"gold_per_floor":[417,429,429,429,452,487,487,503,503,503,528,546,557,31,31,131,131,151,151,163,163,177,205,205,222,222,222,254,272,288,300,300,398,398,408,421,437,447,12,41,53,53,101,21,21,48,48,77,77,77],"floor_reached":51,"playtime":3381,"items_purged":["Strike_R","Clash+1"],"score":1259,"play_id":"41bb529b-28dc-47e8-862a-c3969b5a4528","local_time":"20190624221059","is_ascension_mode":true,"campfire_choices":[{"data":"Demon Form","floor":7.0,"key":"SMITH"},{"data":"Juggernaut","floor":10.0,"key":"SMITH"},{"floor":15.0,"key":"REST"},{"data":"Intimidate","floor":24,"key":"SMITH"},{"floor":27,"key":"REST"},{"floor":32,"key":"REST"},{"floor":42,"key":"REST"},{"data":"Pummel","floor":45,"key":"SMITH"},{"floor":49,"key":"REST"}],"neow_cost":"TEN_PERCENT_HP_LOSS","seed_source_timestamp":438973034517249,"circlet_count":0,"master_deck":["AscendersBane","Defend_R","Defend_R","Defend_R","Bash","Intimidate+1","Juggernaut+1","Demon Form+1","Pummel+1","Offering","Battle Trance","Whirlwind+1","Bludgeon+1","Limit Break+1","Flame Barrier+1","Twin Strike+1","Corruption+1","Flame Barrier+1","Sword Boomerang+1","Power Through","Fiend Fire+1","Uppercut+1","Feed+1","Impervious","Purity","Iron Wave+1","Heavy Blade+1","Impervious"],"special_seed":0,"relics":["Burning Blood","Old Coin","Orichalcum","Bronze Scales","Molten Egg 2","Singing Bowl","Pear","Astrolabe","The Courier","Pantograph","Question Card","Snecko Eye","Oddly Smooth Stone","Happy Flower","Bag of Marbles","Self Forming Clay","Vajra","Ancient Tea Set"],"potions_floor_usage":[22,33,40,40,40,40],"damage_taken":[{"damage":4.0,"enemies":"2 Louse","floor":1.0,"turns":3.0},{"damage":13.0,"enemies":"Jaw Worm","floor":2.0,"turns":4.0},{"damage":29.0,"enemies":"3 Sentries","floor":6.0,"turns":9.0},{"damage":0.0,"enemies":"Cultist","floor":8.0,"turns":4.0},{"damage":19.0,"enemies":"Lagavulin","floor":11.0,"turns":6.0},{"damage":10.0,"enemies":"Exordium Thugs","floor":12.0,"turns":5.0},{"damage":15.0,"enemies":"Lots of Slimes","floor":13.0,"turns":3.0},{"damage":16.0,"enemies":"Hexaghost","floor":16.0,"turns":6.0},{"damage":6.0,"enemies":"3 Byrds","floor":18.0,"turns":4.0},{"damage":23.0,"enemies":"2 Thieves","floor":20.0,"turns":3.0},{"damage":11,"enemies":"Sentry and Sphere","floor":22,"turns":4},{"damage":25,"enemies":"Book of Stabbing","floor":23,"turns":4},{"damage":9,"enemies":"Cultist and Chosen","floor":25,"turns":4},{"damage":27,"enemies":"Slavers","floor":28,"turns":5},{"damage":2,"enemies":"Snake Plant","floor":29,"turns":3},{"damage":19,"enemies":"3 Cultists","floor":30,"turns":4},{"damage":10,"enemies":"Centurion and Healer","floor":31,"turns":5},{"damage":50,"enemies":"Champ","floor":33,"turns":10},{"damage":18,"enemies":"Orb Walker","floor":35,"turns":5},{"damage":40,"enemies":"3 Shapes","floor":36,"turns":4},{"damage":20,"enemies":"Jaw Worm Horde","floor":37,"turns":4},{"damage":6,"enemies":"Maw","floor":38,"turns":5},{"damage":21,"enemies":"Nemesis","floor":40,"turns":5},{"damage":6,"enemies":"3 Darklings","floor":41,"turns":3},{"damage":9,"enemies":"Giant Head","floor":46,"turns":6},{"damage":18,"enemies":"Reptomancer","floor":48,"turns":2},{"damage":15,"enemies":"Time Eater","floor":50,"turns":8}],"seed_played":"3116065292341418902","potions_obtained":[{"floor":2.0,"key":"Energy Potion"},{"floor":12.0,"key":"LiquidBronze"},{"floor":13.0,"key":"EssenceOfSteel"},{"floor":16.0,"key":"EssenceOfSteel"},{"floor":20.0,"key":"SpeedPotion"},{"floor":22,"key":"EntropicBrew"},{"floor":37,"key":"Block Potion"},{"floor":40,"key":"SteroidPotion"},{"floor":46,"key":"Strength Potion"},{"floor":47,"key":"Energy Potion"}],"is_trial":false,"path_per_floor":["M","M","?","?","T","E","R","M","T","R","E","M","M","$","R","B",null,"M","?","M","?","M","E","R","M","T","R","E","M","M","M","R","B",null,"M","M","M","M","$","E","M","R","T","$","R","E","?","E","R","B",null],"character_chosen":"IRONCLAD","items_purchased":["Whirlwind+1","Pear","Bludgeon+1","SkillPotion","Oddly Smooth Stone","Happy Flower","Bag of Marbles","Purity"],"campfire_rested":5,"item_purchase_floors":[14,14,14,14,39,39,39,39],"current_hp_per_floor":[72,65,65,58,58,35,35,41,41,41,28,24,17,27,52,42,74,76,76,59,59,54,37,37,34,34,60,39,43,32,28,55,36,77,71,43,31,33,33,18,20,52,52,52,52,49,49,37,69,85],"gold":77,"neow_bonus":"ONE_RARE_RELIC","is_prod":false,"is_daily":false,"chose_seed":false,"campfire_upgraded":4,"win_rate":0,"timestamp":1561432259,"path_taken":["M","M","?","?","?","E","R","?","T","R","E","M","M","$","R","BOSS","M","?","?","?","M","E","R","M","T","R","E","M","M","M","R","BOSS","M","?","M","M","$","E","M","R","T","$","R","E","?","E","R","BOSS"],"build_version":"2019-01-23","purchased_purges":2,"victory":true,"max_hp_per_floor":[72,72,72,72,72,72,72,72,72,72,72,72,74,84,84,84,84,86,86,86,86,86,88,88,88,88,88,88,88,90,90,90,90,90,96,102,104,106,106,106,108,108,108,108,108,108,108,108,108,108],"card_choices":[{"not_picked":["Warcry","Headbutt"],"picked":"Intimidate","floor":1.0},{"not_picked":["Thunderclap","Anger","Reckless Charge"],"picked":"SKIP","floor":2.0},{"not_picked":["Wild Strike","Clothesline"],"picked":"Demon Form","floor":6.0},{"not_picked":["Corruption","Fire Breathing"],"picked":"Pummel","floor":8.0},{"not_picked":["Rage","Armaments"],"picked":"Offering","floor":11.0},{"not_picked":["Rupture","Headbutt+1"],"picked":"Battle Trance","floor":12.0},{"not_picked":["Flex","Clash+1","Spot Weakness"],"picked":"Singing Bowl","floor":13.0},{"not_picked":["Exhume","Impervious"],"picked":"Limit Break","floor":16.0},{"not_picked":["Perfected Strike+1","Intimidate+1","Reckless Charge+1"],"picked":"Singing Bowl","floor":18.0},{"not_picked":["Battle Trance","Anger+1"],"picked":"Corruption+1","floor":20.0},{"not_picked":["Perfected Strike+1","Rage"],"picked":"Sword Boomerang+1","floor":22},{"not_picked":["Rupture","Clothesline+1","Thunderclap+1"],"picked":"Singing Bowl","floor":23},{"not_picked":["Pummel+1","Pommel Strike+1"],"picked":"Power Through","floor":25},{"not_picked":["Dual Wield","Power Through+1"],"picked":"Fiend Fire+1","floor":28},{"not_picked":["Twin Strike+1","Havoc","Armaments"],"picked":"Uppercut+1","floor":29},{"not_picked":["Twin Strike+1","Thunderclap+1","Body Slam+1","Spot Weakness"],"picked":"Singing Bowl","floor":30},{"not_picked":["Headbutt+1","Anger+1","Pommel Strike+1"],"picked":"Feed+1","floor":31},{"not_picked":["Brutality","Demon Form","Feed+1"],"picked":"Impervious","floor":33},{"not_picked":["Shrug It Off","Clothesline+1","Searing Blow+1","Spot Weakness"],"picked":"Singing Bowl","floor":35},{"not_picked":["Power Through+1","Sentinel","Corruption","Sever Soul+1"],"picked":"Singing Bowl","floor":36},{"not_picked":["Twin Strike+1","Heavy Blade+1","Hemokinesis+1","Anger+1"],"picked":"Singing Bowl","floor":37},{"not_picked":["Sentinel","Sever Soul+1","Twin Strike+1","Seeing Red"],"picked":"Singing Bowl","floor":38},{"not_picked":["Thunderclap+1","Rampage+1","Flex"],"picked":"Iron Wave+1","floor":40},{"not_picked":["Body Slam+1","Thunderclap+1","Demon Form","Flex"],"picked":"Singing Bowl","floor":41},{"not_picked":["Iron Wave+1","Sword Boomerang+1","Thunderclap+1"],"picked":"Heavy Blade+1","floor":46},{"not_picked":["Heavy Blade+1","Twin Strike+1","Sever Soul+1"],"picked":"Impervious","floor":48}],"player_experience":394419,"relics_obtained":[{"floor":5.0,"key":"Orichalcum"},{"floor":6.0,"key":"Bronze Scales"},{"floor":9.0,"key":"Molten Egg 2"},{"floor":11.0,"key":"Singing Bowl"},{"floor":23,"key":"The Courier"},{"floor":26,"key":"Pantograph"},{"floor":28,"key":"Question Card"},{"floor":40,"key":"Self Forming Clay"},{"floor":43,"key":"Vajra"},{"floor":46,"key":"Ancient Tea Set"}],"event_choices":[{"damage_healed":0.0,"max_hp_gain":0.0,"max_hp_loss":0.0,"gold_gain":0.0,"cards_transformed":["Strike_R"],"event_name":"Living Wall","player_choice":"Change","floor":3.0,"gold_loss":0.0,"damage_taken":0.0,"cards_obtained":["Juggernaut"]},{"cards_removed":["Strike_R"],"damage_healed":0.0,"max_hp_gain":0.0,"max_hp_loss":0.0,"gold_gain":0.0,"event_name":"Golden Wing","player_choice":"Card Removal","floor":4.0,"gold_loss":0.0,"damage_taken":7.0},{"damage_healed":0.0,"max_hp_gain":0.0,"max_hp_loss":0.0,"gold_gain":0.0,"event_name":"Upgrade Shrine","player_choice":"Upgraded","floor":19.0,"gold_loss":0.0,"damage_taken":0.0,"cards_upgraded":["Limit Break"]},{"damage_healed":0.0,"max_hp_gain":0.0,"max_hp_loss":0.0,"gold_gain":0.0,"event_name":"Duplicator","player_choice":"Copied","floor":21.0,"gold_loss":0.0,"damage_taken":0.0,"cards_obtained":["Flame Barrier"]},{"damage_healed":0,"gold_gain":0,"player_choice":"Got Potions","damage_taken":0,"max_hp_gain":0,"max_hp_loss":0,"event_name":"Lab","floor":47,"gold_loss":0}],"is_beta":false,"boss_relics":[{"not_picked":["Calling Bell","Runic Cube"],"picked":"Astrolabe"},{"not_picked":["Black Blood","Runic Dome"],"picked":"Snecko Eye"}],"items_purged_floors":[14,44],"is_endless":false,"potions_floor_spawned":[2,12,13,16,20,22,28,37,40,46],"ascension_level":11}