{"gold_per_floor":[115,115,115,95,113,113,149,149,195,55,73,87,52,93,93,93],"floor_reached":16,"playtime":567,"items_purged":[],"score":259,"play_id":"99121a55-5529-4786-b29e-4de85034a12f","local_time":"20190720134329","is_ascension_mode":true,"campfire_choices":[{"data":"Evolve","floor":6,"key":"SMITH"},{"floor":15,"key":"REST"}],"neow_cost":"NONE","seed_source_timestamp":848279519337699,"circlet_count":0,"master_deck":["AscendersBane","Strike_R","Strike_R","Strike_R","Strike_R","Strike_R","Defend_R","Defend_R","Defend_R","Defend_R","Bash","Evolve+1","Shrug It Off","Barricade+1","Feel No Pain","Pommel Strike","Iron Wave","Anger","Reaper","Shockwave"],"relics":["Burning Blood","NeowsBlessing","Golden Idol","Matryoshka","Juzu Bracelet","Dream Catcher","Art of War"],"potions_floor_usage":[16],"damage_taken":[{"damage":0,"enemies":"Jaw Worm","floor":1,"turns":1},{"damage":0,"enemies":"2 Louse","floor":5,"turns":1},{"damage":0,"enemies":"Lagavulin","floor":7,"turns":1},{"damage":14,"enemies":"Cultist","floor":11,"turns":4},{"damage":28,"enemies":"Large Slime","floor":12,"turns":13},{"damage":27,"enemies":"3 Sentries","floor":14,"turns":9},{"damage":64,"enemies":"Hexaghost","floor":16,"turns":11}],"seed_played":"-2933304463305062503","potions_obtained":[{"floor":1,"key":"Explosive Potion"},{"floor":4,"key":"Fire Potion"},{"floor":12,"key":"PowerPotion"}],"is_trial":false,"path_per_floor":["M","?","?","?","M","R","E","?","T","$","M","M","?","E","R","B"],"character_chosen":"IRONCLAD","items_purchased":["Feel No Pain","Pommel Strike"],"campfire_rested":1,"item_purchase_floors":[10,10],"current_hp_per_floor":[74,48,53,53,59,59,65,65,65,65,57,35,55,34,58,0],"gold":93,"neow_bonus":"THREE_ENEMY_KILL","is_prod":false,"is_daily":false,"chose_seed":false,"campfire_upgraded":1,"win_rate":0,"timestamp":1563648209,"path_taken":["M","?","?","?","?","R","E","?","T","$","M","M","?","E","R","BOSS"],"build_version":"2019-07-17","purchased_purges":0,"victory":false,"max_hp_per_floor":[75,75,80,80,80,80,80,80,80,80,80,80,80,80,80,80],"card_choices":[{"not_picked":["Reckless Charge","Iron Wave"],"picked":"Evolve","floor":1},{"not_picked":["Wild Strike","Rampage"],"picked":"Shrug It Off","floor":5},{"not_picked":["Body Slam","Perfected Strike"],"picked":"Barricade","floor":7},{"not_picked":["Wild Strike","Seeing Red"],"picked":"Iron Wave","floor":11},{"not_picked":["Sever Soul","Warcry"],"picked":"Anger","floor":12},{"not_picked":["True Grit","Flex"],"picked":"Reaper","floor":14},{"not_picked":["Thunderclap","True Grit"],"picked":"Shockwave","floor":15}],"player_experience":509458,"relics_obtained":[{"floor":7,"key":"Matryoshka"},{"floor":9,"key":"Juzu Bracelet"},{"floor":9,"key":"Dream Catcher"},{"floor":14,"key":"Art of War"}],"event_choices":[{"damage_healed":0,"gold_gain":0,"player_choice":"Take Damage","damage_taken":26,"relics_obtained":["Golden Idol"],"max_hp_gain":0,"max_hp_loss":0,"event_name":"Golden Idol","floor":2,"gold_loss":0},{"damage_healed":0,"gold_gain":0,"player_choice":"Donut","damage_taken":0,"max_hp_gain":5,"max_hp_loss":0,"event_name":"Big Fish","floor":3,"gold_loss":0},{"damage_healed":0,"gold_gain":0,"player_choice":"Bought 1 Potion","damage_taken":0,"max_hp_gain":0,"max_hp_loss":0,"event_name":"The Woman in Blue","floor":4,"gold_loss":0},{"damage_healed":0,"gold_gain":0,"player_choice":"Upgraded","damage_taken":0,"max_hp_gain":0,"max_hp_loss":0,"event_name":"Upgrade Shrine","floor":8,"gold_loss":0,"cards_upgraded":["Barricade"]},{"damage_healed":20,"gold_gain":0,"player_choice":"Healed","damage_taken":0,"max_hp_gain":0,"max_hp_loss":0,"event_name":"The Cleric","floor":13,"gold_loss":35}],"is_beta":false,"boss_relics":[],"items_purged_floors":[],"is_endless":false,"potions_floor_spawned":[1,11,12],"killed_by":"Hexaghost","ascension_level":19}