{"gold_per_floor":[118,129,140,140,140,140,140,165,219,241,241,260,294,308,308,412,412,352,352,352,352,352,352,352,127,127,127,127,127,127,127,127,127,127,127,127,127,127,27,27,27,27,27,27,27,27,27,27,27,27],"floor_reached":51,"playtime":2956,"items_purged":["Strike_B","Glacier+1"],"score":1150,"play_id":"28978f75-a4b3-4021-b0f3-3e6fe4901542","local_time":"20190727030016","is_ascension_mode":true,"campfire_choices":[{"data":"Hyperbeam","floor":6,"key":"SMITH"},{"data":"Go for the Eyes","floor":11,"key":"SMITH"},{"data":"Beam Cell","floor":15,"key":"SMITH"},{"data":"Self Repair","floor":23,"key":"SMITH"},{"data":"Reinforced Body","floor":27,"key":"SMITH"},{"data":"Leap","floor":30,"key":"SMITH"},{"data":"Heatsinks","floor":32,"key":"SMITH"},{"data":"Dark Shackles","floor":40,"key":"SMITH"},{"data":"Defend_B","floor":45,"key":"PURGE"},{"data":"Defend_B","floor":47,"key":"PURGE"},{"data":"Defend_B","floor":49,"key":"PURGE"}],"neow_cost":"TEN_PERCENT_HP_LOSS","seed_source_timestamp":1401438169788100,"circlet_count":0,"master_deck":["AscendersBane","Defend_B","Hyperbeam+1","Hologram","Go for the Eyes+1","Machine Learning","Leap+1","Self Repair+1","Gash","Beam Cell+1","Echo Form","Reinforced Body+1","Gash","Gash","White Noise","Heatsinks+1","Seek","Scrape+1","Gash+1","Dark Shackles+1","Bandage Up","FTL","Hologram"],"relics":["Cracked Core","Bag of Marbles","Boot","Odd Mushroom","Shuriken","Ectoplasm","Turnip","Bag of Preparation","Bottled Tornado","MawBank","Astrolabe","Peace Pipe","DataDisk","Mercury Hourglass","Dream Catcher"],"potions_floor_usage":[2,16,18,31,41,42,50,50,50],"damage_taken":[{"damage":1,"enemies":"Cultist","floor":1,"turns":3},{"damage":0,"enemies":"Small Slimes","floor":2,"turns":1},{"damage":7,"enemies":"Jaw Worm","floor":3,"turns":2},{"damage":10,"enemies":"3 Sentries","floor":8,"turns":3},{"damage":0,"enemies":"The Mushroom Lair","floor":10,"turns":2},{"damage":1,"enemies":"3 Louse","floor":12,"turns":2},{"damage":15,"enemies":"Gremlin Nob","floor":13,"turns":3},{"damage":0,"enemies":"Exordium Wildlife","floor":14,"turns":1},{"damage":35,"enemies":"The Guardian","floor":16,"turns":10},{"damage":22,"enemies":"2 Thieves","floor":18,"turns":4},{"damage":22,"enemies":"Spheric Guardian","floor":20,"turns":4},{"damage":0,"enemies":"Centurion and Healer","floor":21,"turns":2},{"damage":6,"enemies":"Sentry and Sphere","floor":24,"turns":4},{"damage":12,"enemies":"3 Cultists","floor":28,"turns":4},{"damage":5,"enemies":"Centurion and Healer","floor":29,"turns":4},{"damage":54,"enemies":"Slavers","floor":31,"turns":5},{"damage":0,"enemies":"Collector","floor":33,"turns":6},{"damage":11,"enemies":"Orb Walker","floor":35,"turns":5},{"damage":9,"enemies":"3 Darklings","floor":36,"turns":4},{"damage":22,"enemies":"2 Orb Walkers","floor":41,"turns":4},{"damage":21,"enemies":"Giant Head","floor":42,"turns":6},{"damage":14,"enemies":"Reptomancer","floor":46,"turns":4},{"damage":4,"enemies":"4 Shapes","floor":48,"turns":3},{"damage":39,"enemies":"Awakened One","floor":50,"turns":6}],"seed_played":"1426241587625338246","potions_obtained":[{"floor":2,"key":"Fruit Juice"},{"floor":8,"key":"Weak Potion"},{"floor":12,"key":"Strength Potion"},{"floor":16,"key":"Regen Potion"},{"floor":20,"key":"Strength Potion"},{"floor":21,"key":"Strength Potion"},{"floor":28,"key":"Regen Potion"},{"floor":31,"key":"Explosive Potion"},{"floor":35,"key":"Strength Potion"},{"floor":41,"key":"Block Potion"},{"floor":48,"key":"AttackPotion"}],"is_trial":false,"path_per_floor":["M","M","M","?","?","R","?","E","T","?","R","M","E","M","R","B",null,"M","?","M","M","?","R","M","$","T","R","M","M","R","E","R","B",null,"M","M","?","?","$","R","?","E","T","$","R","E","R","M","R","B",null],"character_chosen":"DEFECT","items_purchased":["Bag of Preparation"],"campfire_rested":0,"item_purchase_floors":[25],"current_hp_per_floor":[67,72,65,58,63,63,63,53,53,53,53,52,44,44,44,16,63,67,67,59,66,66,66,70,70,70,70,78,78,78,44,44,54,72,78,78,78,68,68,68,78,78,78,78,78,78,78,74,74,39],"gold":27,"neow_bonus":"THREE_RARE_CARDS","is_prod":false,"is_daily":false,"chose_seed":false,"campfire_upgraded":8,"win_rate":0,"timestamp":1564218016,"path_taken":["M","M","M","?","?","R","?","E","T","?","R","M","E","M","R","BOSS","M","?","M","M","?","R","M","$","T","R","M","M","R","E","R","BOSS","M","M","?","?","$","R","?","E","T","?","R","E","R","M","R","BOSS"],"build_version":"2019-07-18","purchased_purges":2,"victory":true,"max_hp_per_floor":[68,73,73,73,78,78,78,78,78,78,78,78,78,78,78,78,78,78,78,78,78,78,78,78,78,78,78,78,78,78,78,78,78,78,78,78,78,78,78,78,78,78,78,78,78,78,78,78,78,78],"card_choices":[{"not_picked":["Biased Cognition","Machine Learning"],"picked":"Hyperbeam","floor":0},{"not_picked":["Gash","Redo"],"picked":"Hologram","floor":1},{"not_picked":["Glacier","Doom and Gloom","Consume"],"picked":"SKIP","floor":2},{"not_picked":["Heatsinks","Rebound"],"picked":"Go for the Eyes","floor":3},{"not_picked":["Skim","Double Energy"],"picked":"Machine Learning","floor":8},{"not_picked":["Streamline","Double Energy"],"picked":"Leap","floor":10},{"not_picked":["Consume","Steam"],"picked":"Self Repair","floor":12},{"not_picked":["Cold Snap","Rip and Tear"],"picked":"Gash","floor":13},{"not_picked":["Consume","Hologram"],"picked":"Beam Cell","floor":14},{"not_picked":["Reboot","Buffer"],"picked":"Echo Form","floor":16},{"not_picked":["Sweeping Beam","Rebound+1"],"picked":"Reinforced Body","floor":18},{"not_picked":["Storm","Capacitor","Loop"],"picked":"SKIP","floor":20},{"not_picked":["Rebound","Ball Lightning"],"picked":"Gash","floor":21},{"not_picked":["Sweeping Beam+1","Go for the Eyes"],"picked":"White Noise","floor":24},{"not_picked":["Ball Lightning","Cold Snap","Streamline"],"picked":"SKIP","floor":28},{"not_picked":["Streamline","Ball Lightning","Steam"],"picked":"SKIP","floor":29},{"not_picked":["Static Discharge","Steam"],"picked":"Heatsinks","floor":31},{"not_picked":["Meteor Strike","Electrodynamics"],"picked":"Seek","floor":33},{"not_picked":["Blizzard","Leap+1"],"picked":"Gash+1","floor":35},{"not_picked":["Ball Lightning+1","Streamline","Beam Cell"],"picked":"SKIP","floor":36},{"not_picked":["Good Instincts","Transmutation"],"picked":"Dark Shackles","floor":38},{"not_picked":["Dramatic Entrance","Purity"],"picked":"Bandage Up","floor":38},{"not_picked":["Undo+1","Chaos","Multi-Cast"],"picked":"SKIP","floor":42},{"not_picked":["Beam Cell","Go for the Eyes"],"picked":"FTL","floor":46},{"not_picked":["Sweeping Beam+1","Turbo+1"],"picked":"Hologram","floor":48}],"player_experience":383057,"relics_obtained":[{"floor":8,"key":"Bag of Marbles"},{"floor":9,"key":"Boot"},{"floor":10,"key":"Odd Mushroom"},{"floor":13,"key":"Shuriken"},{"floor":26,"key":"Bottled Tornado"},{"floor":31,"key":"MawBank"},{"floor":41,"key":"Peace Pipe"},{"floor":42,"key":"DataDisk"},{"floor":43,"key":"Mercury Hourglass"},{"floor":46,"key":"Dream Catcher"}],"event_choices":[{"cards_removed":["Dualcast"],"damage_healed":0,"gold_gain":0,"player_choice":"Card Removal","damage_taken":7,"max_hp_gain":0,"max_hp_loss":0,"event_name":"Golden Wing","floor":4,"gold_loss":0},{"damage_healed":0,"gold_gain":0,"player_choice":"Donut","damage_taken":0,"max_hp_gain":5,"max_hp_loss":0,"event_name":"Big Fish","floor":5,"gold_loss":0},{"cards_removed":["Zap"],"damage_healed":0,"gold_gain":0,"player_choice":"Forget","damage_taken":0,"max_hp_gain":0,"max_hp_loss":0,"event_name":"Living Wall","floor":7,"gold_loss":0},{"damage_healed":0,"gold_gain":0,"player_choice":"Fought Mushrooms","damage_taken":0,"max_hp_gain":0,"max_hp_loss":0,"event_name":"Mushrooms","floor":10,"gold_loss":0},{"damage_healed":0,"gold_gain":0,"player_choice":"Read","damage_taken":0,"max_hp_gain":0,"max_hp_loss":0,"event_name":"The Library","floor":19,"gold_loss":0,"cards_obtained":["Gash"]},{"damage_healed":0,"gold_gain":0,"player_choice":"Opened","damage_taken":0,"relics_obtained":["Turnip"],"max_hp_gain":0,"max_hp_loss":0,"event_name":"The Mausoleum","floor":22,"gold_loss":0},{"cards_removed":["Meteor Strike"],"damage_healed":0,"gold_gain":0,"player_choice":"Removed Attack","damage_taken":0,"max_hp_gain":0,"max_hp_loss":0,"event_name":"Falling","floor":37,"gold_loss":0},{"damage_healed":0,"gold_gain":0,"player_choice":"Memory 3","damage_taken":10,"max_hp_gain":0,"max_hp_loss":0,"event_name":"SensoryStone","floor":38,"gold_loss":0},{"damage_healed":0,"gold_gain":0,"player_choice":"Fight","damage_taken":0,"max_hp_gain":0,"max_hp_loss":0,"event_name":"Mysterious Sphere","floor":41,"gold_loss":0}],"is_beta":true,"boss_relics":[{"not_picked":["Busted Crown","Cursed Key"],"picked":"Ectoplasm"},{"not_picked":["Pandora\u0027s Box","Runic Dome"],"picked":"Astrolabe"}],"items_purged_floors":[25,39],"is_endless":false,"potions_floor_spawned":[2,8,12,16,20,21,28,31,35,41,48],"ascension_level":10}