{"gold_per_floor":[109,124,141,66,43,68,68,87,138,138,162,189,207,237,237,237],"floor_reached":16,"playtime":783,"items_purged":["Strike_B"],"score":110,"play_id":"110f0016-0769-4941-a488-5eec0a70dcb2","local_time":"20190110150202","is_ascension_mode":false,"campfire_choices":[{"data":"Zap","floor":7,"key":"SMITH"},{"data":"Dualcast","floor":10,"key":"SMITH"},{"data":"Beam Cell","floor":15,"key":"SMITH"}],"neow_cost":"NONE","seed_source_timestamp":153983085703659,"circlet_count":0,"master_deck":["Strike_B","Strike_B","Strike_B","Defend_B","Defend_B","Defend_B","Defend_B","Zap+1","Dualcast+1","Panacea","Beam Cell+1","Scrape","Gash","Sweeping Beam","Self Repair+1","Go for the Eyes"],"relics":["Cracked Core","Frozen Egg 2","DataDisk","Potion Belt"],"potions_floor_usage":[12,16,16],"damage_taken":[{"damage":4,"enemies":"Cultist","floor":1,"turns":4},{"damage":6,"enemies":"Jaw Worm","floor":2,"turns":4},{"damage":10,"enemies":"Small Slimes","floor":3,"turns":2},{"damage":34,"enemies":"3 Sentries","floor":6,"turns":8},{"damage":3,"enemies":"2 Fungi Beasts","floor":8,"turns":3},{"damage":3,"enemies":"Gremlin Nob","floor":12,"turns":3},{"damage":10,"enemies":"Looter","floor":13,"turns":2},{"damage":18,"enemies":"The Guardian","floor":16,"turns":9}],"seed_played":"9028462941293599091","potions_obtained":[{"floor":2,"key":"EssenceOfSteel"},{"floor":3,"key":"SkillPotion"},{"floor":8,"key":"GamblersBrew"}],"is_trial":false,"path_per_floor":["M","M","M","$","$","E","R","M","T","R","T","E","M","?","R","B"],"character_chosen":"DEFECT","items_purchased":["Gash"],"campfire_rested":0,"item_purchase_floors":[5],"current_hp_per_floor":[71,65,55,55,55,21,21,18,18,18,18,15,15,15,15,0],"gold":237,"neow_bonus":"RANDOM_COLORLESS","is_prod":false,"is_daily":false,"chose_seed":false,"campfire_upgraded":3,"win_rate":0,"timestamp":1547157722,"path_taken":["M","M","M","?","$","E","R","?","T","R","?","E","M","?","R","BOSS"],"build_version":"2019-01-09","purchased_purges":1,"victory":false,"max_hp_per_floor":[75,75,75,75,75,75,75,75,75,75,75,75,75,75,75,75],"card_choices":[{"not_picked":["Rip and Tear","Barrage"],"picked":"Beam Cell","floor":1},{"not_picked":["BootSequence","Glacier"],"picked":"Scrape","floor":2},{"not_picked":["Turbo","Storm","Cold Snap"],"picked":"SKIP","floor":3},{"not_picked":["Cold Snap","Stack","Double Energy"],"picked":"SKIP","floor":6},{"not_picked":["Compile Driver","Rebound"],"picked":"Sweeping Beam","floor":8},{"not_picked":["Sweeping Beam","Beam Cell"],"picked":"Self Repair+1","floor":12},{"not_picked":["Redo","Thunder Strike"],"picked":"Go for the Eyes","floor":13}],"player_experience":238590,"relics_obtained":[{"floor":6,"key":"Frozen Egg 2"},{"floor":11,"key":"DataDisk"},{"floor":12,"key":"Potion Belt"}],"event_choices":[{"damage_healed":0,"gold_gain":30,"player_choice":"Searched \u00272\u0027 times","damage_taken":0,"max_hp_gain":0,"max_hp_loss":0,"event_name":"Dead Adventurer","floor":14,"gold_loss":0}],"is_beta":true,"boss_relics":[],"items_purged_floors":[4],"is_endless":false,"potions_floor_spawned":[2,3,8],"killed_by":"The Guardian","ascension_level":0}