{"gold_per_floor":[111,123,123,31,42,71,84,94,94,94,104,120,139,139,139,241,241,252,252,265,315,331,331,348,68,121,121,121,133,133,62,62,164,164,180,180,197,297,58,58,85,35,35,45,64,64],"floor_reached":46,"playtime":6133,"items_purged":["Writhe"],"score":456,"play_id":"f0dc0d8b-5fc7-4bd0-8ff0-8e1d12744dd0","local_time":"20190713222049","is_ascension_mode":false,"campfire_choices":[{"data":"Madness","floor":10,"key":"SMITH"},{"floor":15,"key":"REST"},{"floor":23,"key":"REST"},{"floor":27,"key":"REST"},{"data":"Tempest","floor":30,"key":"SMITH"},{"floor":32,"key":"REST"},{"floor":40,"key":"REST"}],"neow_cost":"NONE","seed_source_timestamp":17702295905488,"circlet_count":0,"master_deck":["Strike_B+1","Strike_B","Strike_B","Strike_B","Defend_B","Defend_B","Defend_B","Defend_B","Zap","Dualcast","Reboot","Tempest+1","Madness+1","Doom and Gloom+1","Aggregate","Force Field","Conserve Battery","Hello World+1","Machine Learning+1","Double Energy","Consume","Defragment+1","Static Discharge+1","Electrodynamics+1","Coolheaded+1","Auto Shields","Melter+1","Mayhem+1","Steam+1","Parasite","Streamline+1","Leap+1"],"relics":["Cracked Core","Potion Belt","Frozen Egg 2","Ornamental Fan","Velvet Choker","Chemical X","Whetstone","Black Star","Peace Pipe","Lantern","Question Card","Sundial"],"potions_floor_usage":[2,8,16,16,19,24,29,29,38,45,46,46],"damage_taken":[{"damage":1,"enemies":"Cultist","floor":1,"turns":4},{"damage":0,"enemies":"Small Slimes","floor":2,"turns":3},{"damage":0,"enemies":"2 Louse","floor":5,"turns":2},{"damage":21,"enemies":"Lagavulin","floor":6,"turns":6},{"damage":1,"enemies":"Exordium Wildlife","floor":7,"turns":3},{"damage":14,"enemies":"Exordium Thugs","floor":8,"turns":4},{"damage":10,"enemies":"Looter","floor":11,"turns":3},{"damage":8,"enemies":"Lots of Slimes","floor":12,"turns":4},{"damage":9,"enemies":"Red Slaver","floor":13,"turns":4},{"damage":13,"enemies":"The Guardian","floor":16,"turns":9},{"damage":15,"enemies":"3 Byrds","floor":18,"turns":6},{"damage":0,"enemies":"2 Thieves","floor":19,"turns":1},{"damage":20,"enemies":"Cultist and Chosen","floor":20,"turns":5},{"damage":13,"enemies":"Snake Plant","floor":22,"turns":4},{"damage":18,"enemies":"Shelled Parasite and Fungi","floor":24,"turns":5},{"damage":14,"enemies":"3 Cultists","floor":29,"turns":4},{"damage":70,"enemies":"Automaton","floor":33,"turns":8},{"damage":25,"enemies":"Orb Walker","floor":35,"turns":4},{"damage":28,"enemies":"3 Shapes","floor":37,"turns":3},{"damage":0,"enemies":"Mind Bloom Boss Battle","floor":38,"turns":3},{"damage":16,"enemies":"Nemesis","floor":41,"turns":7},{"damage":15,"enemies":"Writhing Mass","floor":44,"turns":8},{"damage":35,"enemies":"Transient","floor":45,"turns":5},{"damage":23,"enemies":"Maw","floor":46,"turns":7}],"seed_played":"5452725912525757767","potions_obtained":[{"floor":0,"key":"FairyPotion"},{"floor":0,"key":"Fruit Juice"},{"floor":0,"key":"AttackPotion"},{"floor":5,"key":"Regen Potion"},{"floor":8,"key":"FocusPotion"},{"floor":13,"key":"Explosive Potion"},{"floor":16,"key":"PowerPotion"},{"floor":18,"key":"SmokeBomb"},{"floor":22,"key":"Ancient Potion"},{"floor":24,"key":"Explosive Potion"},{"floor":33,"key":"Swift Potion"},{"floor":35,"key":"GamblersBrew"},{"floor":41,"key":"GamblersBrew"}],"is_trial":false,"path_per_floor":["M","M","?","$","M","E","M","M","T","R","M","M","M","?","R","B",null,"M","M","M","?","M","R","M","$","T","R","?","M","R","$","R","B",null,"M","?","M","?","$","R","E","$","T","M","M","M"],"character_chosen":"DEFECT","items_purchased":["Madness","Chemical X","FocusPotion","Static Discharge+1","Mayhem+1","Weak Potion"],"campfire_rested":5,"item_purchase_floors":[4,25,25,31,39,42],"current_hp_per_floor":[74,79,79,79,79,58,57,52,52,52,42,34,25,25,49,36,80,65,65,45,45,32,56,38,38,38,62,62,48,48,48,72,2,80,55,75,47,47,47,71,55,55,55,40,5,0],"gold":64,"neow_bonus":"THREE_SMALL_POTIONS","is_prod":false,"is_daily":false,"chose_seed":false,"campfire_upgraded":2,"win_rate":0.0,"timestamp":1563070849,"path_taken":["M","M","?","$","?","E","M","M","T","R","M","M","M","?","R","BOSS","M","M","M","?","M","R","?","$","T","R","?","M","R","?","R","BOSS","M","?","M","?","$","R","E","$","T","M","M","?"],"build_version":"2019-07-05","purchased_purges":1,"victory":false,"max_hp_per_floor":[75,80,80,80,80,80,80,80,80,80,80,80,80,80,80,80,80,80,80,80,80,80,80,80,80,80,80,80,80,80,80,80,80,80,80,80,80,80,80,80,80,80,80,80,80,80],"card_choices":[{"not_picked":["Cold Snap","Hologram"],"picked":"Reboot","floor":1},{"not_picked":["Reinforced Body","Steam"],"picked":"Tempest","floor":2},{"not_picked":["Hologram","Cold Snap"],"picked":"Doom and Gloom","floor":5},{"not_picked":["Cold Snap","Redo"],"picked":"Aggregate","floor":6},{"not_picked":["Coolheaded","Beam Cell"],"picked":"Force Field","floor":7},{"not_picked":["Beam Cell","Stack"],"picked":"Conserve Battery","floor":8},{"not_picked":["Leap","Stack"],"picked":"Hello World+1","floor":11},{"not_picked":["Cold Snap","Aggregate","Streamline"],"picked":"SKIP","floor":12},{"not_picked":["Barrage","Force Field"],"picked":"Conserve Battery","floor":13},{"not_picked":["Rainbow","Biased Cognition+1"],"picked":"Machine Learning+1","floor":16},{"not_picked":["Coolheaded","Sweeping Beam","Streamline"],"picked":"SKIP","floor":18},{"not_picked":["Steam Power","Coolheaded"],"picked":"Double Energy","floor":20},{"not_picked":["Beam Cell","Compile Driver+1"],"picked":"Consume","floor":22},{"not_picked":["Storm+1","Stack"],"picked":"Defragment+1","floor":24},{"not_picked":["Compile Driver","Beam Cell","Gash"],"picked":"SKIP","floor":29},{"not_picked":["Amplify","Machine Learning+1"],"picked":"Electrodynamics+1","floor":33},{"not_picked":["Steam+1","Cold Snap"],"picked":"Coolheaded+1","floor":35},{"not_picked":["Genetic Algorithm","Sweeping Beam"],"picked":"Auto Shields","floor":37},{"not_picked":["Reprogram","Barrage"],"picked":"Melter+1","floor":38},{"not_picked":["Conserve Battery","Doom and Gloom"],"picked":"Steam+1","floor":41},{"not_picked":["Cold Snap","Ball Lightning","Go for the Eyes"],"picked":"Streamline+1","floor":44},{"not_picked":["Barrage+1","Streamline+1","Lockon"],"picked":"Leap+1","floor":45}],"player_experience":40995,"relics_obtained":[{"floor":6,"key":"Potion Belt"},{"floor":9,"key":"Frozen Egg 2"},{"floor":26,"key":"Whetstone"},{"floor":38,"key":"Peace Pipe"},{"floor":41,"key":"Lantern"},{"floor":41,"key":"Question Card"},{"floor":43,"key":"Sundial"}],"event_choices":[{"damage_healed":0,"gold_gain":0,"player_choice":"Bought 0 Potions","damage_taken":0,"max_hp_gain":0,"max_hp_loss":0,"event_name":"The Woman in Blue","floor":3,"gold_loss":0},{"cards_removed":["Conserve Battery"],"damage_healed":0,"gold_gain":0,"player_choice":"Gave Card","damage_taken":0,"relics_obtained":["Ornamental Fan"],"max_hp_gain":0,"max_hp_loss":0,"event_name":"WeMeetAgain","floor":14,"gold_loss":0},{"damage_healed":0,"gold_gain":100,"player_choice":"Bet on Murderer","damage_taken":0,"max_hp_gain":0,"max_hp_loss":0,"event_name":"The Joust","floor":21,"gold_loss":50},{"damage_healed":0,"gold_gain":0,"player_choice":"Ignored","damage_taken":0,"max_hp_gain":0,"max_hp_loss":0,"event_name":"Vampires","floor":28,"gold_loss":0},{"damage_healed":20,"gold_gain":0,"player_choice":"Writhe","damage_taken":0,"max_hp_gain":0,"max_hp_loss":0,"event_name":"Winding Halls","floor":36,"gold_loss":0,"cards_obtained":["Writhe"]},{"damage_healed":0,"gold_gain":0,"player_choice":"Fight","damage_taken":0,"max_hp_gain":0,"max_hp_loss":0,"event_name":"MindBloom","floor":38,"gold_loss":0}],"is_beta":false,"boss_relics":[{"not_picked":["Runic Pyramid","Calling Bell"],"picked":"Velvet Choker"},{"not_picked":["Philosopher\u0027s Stone","Eternal Feather"],"picked":"Black Star"}],"items_purged_floors":[39],"is_endless":false,"potions_floor_spawned":[5,8,13,16,18,22,24,33,35,41,44],"killed_by":"Maw","ascension_level":0}