{"gold_per_floor":[115,115,125,137,137,137,168,168,248,281,295,35,51,61,61,159,159,174,190,207,220,220],"floor_reached":22,"playtime":1224,"items_purged":["Strike_R"],"score":240,"play_id":"1ad7f1c8-0425-449a-b8a7-c36f404ffa40","local_time":"20190525223838","is_ascension_mode":true,"campfire_choices":[{"data":"1","floor":6,"key":"LIFT"},{"data":"2","floor":8,"key":"LIFT"},{"data":"3","floor":15,"key":"LIFT"}],"neow_cost":"NONE","seed_source_timestamp":105212026545427,"circlet_count":0,"master_deck":["Strike_R","Strike_R","Strike_R+1","Strike_R","Defend_R","Defend_R","Defend_R","Defend_R","Bash+1","Headbutt","Fiend Fire+1","Entrench","Rampage","Headbutt","Dual Wield","Spot Weakness","Burning Pact","Rage","Double Tap","Pommel Strike+1","Rage","Warcry"],"relics":["Burning Blood","Girya","Boot","Paper Frog","Torii","Whetstone","Sozu"],"potions_floor_usage":[16,18,19,22],"damage_taken":[{"damage":8,"enemies":"Small Slimes","floor":1,"turns":4},{"damage":7,"enemies":"Jaw Worm","floor":3,"turns":3},{"damage":6,"enemies":"Cultist","floor":4,"turns":3},{"damage":16,"enemies":"Gremlin Nob","floor":7,"turns":3},{"damage":30,"enemies":"Lagavulin","floor":10,"turns":5},{"damage":1,"enemies":"Large Slime","floor":11,"turns":5},{"damage":10,"enemies":"Exordium Thugs","floor":13,"turns":4},{"damage":1,"enemies":"2 Fungi Beasts","floor":14,"turns":3},{"damage":30,"enemies":"The Guardian","floor":16,"turns":7},{"damage":1,"enemies":"Shell Parasite","floor":18,"turns":3},{"damage":13,"enemies":"3 Byrds","floor":19,"turns":4},{"damage":48,"enemies":"Snake Plant","floor":20,"turns":3},{"damage":24,"enemies":"Cultist and Chosen","floor":21,"turns":5},{"damage":23,"enemies":"Centurion and Healer","floor":22,"turns":2}],"seed_played":"-4928327700747438320","potions_obtained":[{"floor":10,"key":"FearPotion"},{"floor":11,"key":"Dexterity Potion"},{"floor":13,"key":"Explosive Potion"},{"floor":16,"key":"Block Potion"}],"is_trial":false,"path_per_floor":["M","?","M","M","T","R","E","R","T","E","M","$","M","M","R","B",null,"M","M","M","M","M"],"character_chosen":"IRONCLAD","items_purchased":["Spot Weakness","Whetstone"],"campfire_rested":0,"item_purchase_floors":[12,12],"current_hp_per_floor":[78,83,82,82,82,82,72,72,72,48,53,53,49,54,54,30,85,85,78,36,18,0],"gold":220,"neow_bonus":"UPGRADE_CARD","is_prod":false,"is_daily":false,"chose_seed":false,"campfire_upgraded":0,"win_rate":0,"timestamp":1558841918,"path_taken":["M","?","M","M","?","R","E","R","T","E","M","$","?","M","R","BOSS","M","M","?","M","M"],"build_version":"2019-01-23","purchased_purges":1,"victory":false,"max_hp_per_floor":[80,85,85,85,85,85,85,85,85,85,85,85,85,85,85,85,85,85,85,85,85,85],"card_choices":[{"not_picked":["Sword Boomerang","Thunderclap"],"picked":"Headbutt","floor":1},{"not_picked":["Rage","Carnage"],"picked":"Fiend Fire","floor":3},{"not_picked":["Dual Wield","Wild Strike"],"picked":"Entrench","floor":4},{"not_picked":["Clothesline","Shrug It Off"],"picked":"Rampage","floor":7},{"not_picked":["Rage","Reckless Charge"],"picked":"Headbutt","floor":10},{"not_picked":["Bloodletting","Wild Strike"],"picked":"Dual Wield","floor":11},{"not_picked":["Flex","Infernal Blade"],"picked":"Burning Pact","floor":13},{"not_picked":["Carnage","Clothesline"],"picked":"Rage","floor":14},{"not_picked":["Bludgeon","Barricade"],"picked":"Double Tap","floor":16},{"not_picked":["Twin Strike+1","True Grit"],"picked":"Pommel Strike+1","floor":18},{"not_picked":["Perfected Strike","Dropkick","Uppercut+1"],"picked":"SKIP","floor":19},{"not_picked":["Sword Boomerang+1","Clash+1"],"picked":"Rage","floor":20},{"not_picked":["Bloodletting","Blood for Blood"],"picked":"Warcry","floor":21}],"player_experience":198261,"relics_obtained":[{"floor":5,"key":"Girya"},{"floor":7,"key":"Boot"},{"floor":9,"key":"Paper Frog"},{"floor":10,"key":"Torii"}],"event_choices":[{"damage_healed":0,"gold_gain":0,"player_choice":"Donut","damage_taken":0,"max_hp_gain":5,"max_hp_loss":0,"event_name":"Big Fish","floor":2,"gold_loss":0}],"is_beta":false,"boss_relics":[{"not_picked":["Busted Crown","Eternal Feather"],"picked":"Sozu"}],"items_purged_floors":[12],"is_endless":false,"potions_floor_spawned":[10,11,13,16,19,21],"killed_by":"Centurion and Healer","ascension_level":4}