{"gold_per_floor":[110,110,130,130,141,141,160,160,160,176,188,7,41,59,59,59],"floor_reached":16,"playtime":915,"items_purged":[],"score":114,"play_id":"fd8d8fbb-53cf-4034-9a82-2c73e4541625","local_time":"20190520213424","is_ascension_mode":true,"campfire_choices":[{"data":"Thunderclap","floor":6.0,"key":"SMITH"},{"data":"Sword Boomerang","floor":8.0,"key":"SMITH"},{"floor":15.0,"key":"REST"}],"neow_cost":"NONE","seed_source_timestamp":403452414274143,"circlet_count":0,"master_deck":["Strike_R","Strike_R","Strike_R","Strike_R","Defend_R","Defend_R","Defend_R+1","Defend_R+1","Bash","Intimidate","Headbutt","Thunderclap+1","Warcry","Sword Boomerang+1","Impervious","Heavy Blade","Shrug It Off","Disarm","Armaments"],"special_seed":0,"relics":["Burning Blood","Mummified Hand","Unceasing Top"],"potions_floor_usage":[16,16,16],"damage_taken":[{"damage":4.0,"enemies":"Jaw Worm","floor":1.0,"turns":3.0},{"damage":3.0,"enemies":"Small Slimes","floor":3.0,"turns":4.0},{"damage":9.0,"enemies":"2 Louse","floor":5.0,"turns":2.0},{"damage":11.0,"enemies":"Exordium Thugs","floor":7.0,"turns":4.0},{"damage":10.0,"enemies":"2 Fungi Beasts","floor":10.0,"turns":3.0},{"damage":10.0,"enemies":"3 Louse","floor":11.0,"turns":3.0},{"damage":22.0,"enemies":"3 Sentries","floor":13.0,"turns":7.0},{"damage":9.0,"enemies":"Large Slime","floor":14.0,"turns":6.0},{"damage":63,"enemies":"Slime Boss","floor":16,"turns":11}],"seed_played":"6388407530373967754","potions_obtained":[{"floor":1.0,"key":"SpeedPotion"},{"floor":13.0,"key":"Swift Potion"},{"floor":14.0,"key":"FearPotion"}],"is_trial":false,"path_per_floor":["M","?","M","?","M","R","M","R","T","M","M","$","E","M","R","B"],"character_chosen":"IRONCLAD","items_purchased":["Shrug It Off","Disarm","Energy Potion"],"campfire_rested":1,"item_purchase_floors":[12,12,12],"current_hp_per_floor":[80,85,85,68,65,65,60,60,60,56,52,52,36,33,58,0],"gold":59,"neow_bonus":"TRANSFORM_CARD","is_prod":false,"is_daily":false,"chose_seed":false,"campfire_upgraded":2,"win_rate":0,"timestamp":1558406064,"path_taken":["M","?","M","?","M","R","M","R","T","M","M","$","E","M","R","BOSS"],"build_version":"2019-01-23","purchased_purges":0,"victory":false,"max_hp_per_floor":[80,85,85,85,85,85,85,85,85,85,85,85,85,85,85,85],"card_choices":[{"not_picked":["Rage","Wild Strike"],"picked":"Headbutt","floor":1.0},{"not_picked":["Shrug It Off","Anger"],"picked":"Thunderclap","floor":3.0},{"not_picked":["Wild Strike","Reckless Charge"],"picked":"Warcry","floor":5.0},{"not_picked":["Iron Wave","Headbutt"],"picked":"Sword Boomerang","floor":7.0},{"not_picked":["Iron Wave","Sword Boomerang"],"picked":"Impervious","floor":10.0},{"not_picked":["Anger","Thunderclap"],"picked":"Heavy Blade","floor":11.0},{"not_picked":["Thunderclap","Dark Embrace"],"picked":"Armaments","floor":13.0},{"not_picked":["Heavy Blade","Wild Strike","Anger"],"picked":"SKIP","floor":14.0}],"player_experience":120295,"relics_obtained":[{"floor":9.0,"key":"Mummified Hand"},{"floor":13.0,"key":"Unceasing Top"}],"event_choices":[{"damage_healed":0.0,"max_hp_gain":5.0,"max_hp_loss":0.0,"gold_gain":0.0,"event_name":"Big Fish","player_choice":"Donut","floor":2.0,"gold_loss":0.0,"damage_taken":0.0},{"damage_healed":0.0,"max_hp_gain":0.0,"max_hp_loss":0.0,"gold_gain":0.0,"event_name":"Shining Light","player_choice":"Entered Light","floor":4.0,"gold_loss":0.0,"damage_taken":17.0,"cards_upgraded":["Defend_R","Defend_R"]}],"is_beta":false,"boss_relics":[],"items_purged_floors":[],"is_endless":false,"potions_floor_spawned":[1,13,14],"killed_by":"Slime Boss","ascension_level":2}