{"gold_per_floor":[119,119,129,129,143,143,173,173,196,224,5,40,58,58,58,163,213,226,236,236,236,65,100,100,127,127,127,2,2,2,20,20,125,125,142,162,162,175,188,216,234,234,234,248,248,348,34,54,54,54],"floor_reached":51,"playtime":3951,"items_purged":["Strike_B","Strike_B","Strike_B","Defend_B"],"score":1198,"play_id":"582e2bc9-759a-4687-873c-0e2b63f99843","local_time":"20190730034602","is_ascension_mode":true,"campfire_choices":[{"data":"Leap","floor":6,"key":"SMITH"},{"data":"Biased Cognition","floor":8,"key":"SMITH"},{"floor":15,"key":"REST"},{"data":"Loop","floor":24,"key":"SMITH"},{"data":"Barrage","floor":27,"key":"SMITH"},{"data":"Reinforced Body","floor":32,"key":"SMITH"},{"floor":42,"key":"REST"},{"data":"Rainbow","floor":45,"key":"SMITH"},{"floor":49,"key":"REST"}],"neow_cost":"NONE","seed_source_timestamp":1662383806882400,"circlet_count":0,"master_deck":["AscendersBane","Defend_B","Defend_B","Defend_B+1","Zap+1","Dualcast+1","Cold Snap","Ball Lightning","Leap+1","Biased Cognition+1","Barrage+1","White Noise","Conserve Battery","Electrodynamics","Self Repair","Loop+1","Reinforced Body+1","Fission","Reinforced Body","Streamline","Rainbow+1","Glacier+1","Glacier+1","Reinforced Body+1","Doom and Gloom","Heatsinks"],"relics":["Cracked Core","Omamori","PreservedInsect","Lantern","Vajra","Juzu Bracelet","FaceOfCleric","Tiny House","Bottled Lightning","Nilry\u0027s Codex","Bronze Scales","Torii","FossilizedHelix","Snecko Eye","Toxic Egg 2","Art of War","Darkstone Periapt","Pocketwatch"],"potions_floor_usage":[13,19,23,25,33,36,36,36,39,50,50],"damage_taken":[{"damage":0,"enemies":"2 Louse","floor":1,"turns":3},{"damage":4,"enemies":"Cultist","floor":3,"turns":3},{"damage":5,"enemies":"Jaw Worm","floor":5,"turns":3},{"damage":15,"enemies":"3 Sentries","floor":7,"turns":7},{"damage":16,"enemies":"Lagavulin","floor":10,"turns":5},{"damage":18,"enemies":"Gremlin Nob","floor":12,"turns":3},{"damage":9,"enemies":"Exordium Thugs","floor":13,"turns":3},{"damage":13,"enemies":"Hexaghost","floor":16,"turns":9},{"damage":18,"enemies":"2 Thieves","floor":18,"turns":3},{"damage":6,"enemies":"3 Byrds","floor":19,"turns":3},{"damage":0,"enemies":"Book of Stabbing","floor":23,"turns":4},{"damage":15,"enemies":"Gremlin Leader","floor":25,"turns":4},{"damage":7,"enemies":"Shelled Parasite and Fungi","floor":31,"turns":6},{"damage":12,"enemies":"Automaton","floor":33,"turns":11},{"damage":0,"enemies":"3 Shapes","floor":35,"turns":2},{"damage":9,"enemies":"3 Darklings","floor":36,"turns":4},{"damage":23,"enemies":"Writhing Mass","floor":38,"turns":8},{"damage":66,"enemies":"Transient","floor":39,"turns":5},{"damage":0,"enemies":"Nemesis","floor":40,"turns":5},{"damage":0,"enemies":"4 Shapes","floor":41,"turns":2},{"damage":0,"enemies":"Writhing Mass","floor":44,"turns":9},{"damage":0,"enemies":"Mind Bloom Boss Battle","floor":46,"turns":8},{"damage":0,"enemies":"Spire Growth","floor":48,"turns":5},{"damage":57,"enemies":"Donu and Deca","floor":50,"turns":7}],"seed_played":"-7023570589866887136","potions_obtained":[{"floor":3,"key":"SpeedPotion"},{"floor":5,"key":"Swift Potion"},{"floor":7,"key":"SkillPotion"},{"floor":17,"key":"LiquidBronze"},{"floor":23,"key":"Energy Potion"},{"floor":25,"key":"GamblersBrew"},{"floor":33,"key":"EntropicBrew"},{"floor":35,"key":"LiquidBronze"},{"floor":38,"key":"PowerPotion"},{"floor":41,"key":"Poison Potion"}],"is_trial":false,"path_per_floor":["M","?","M","?","M","R","E","R","T","E","$","E","M","?","R","B",null,"M","M","T","?","$","E","R","E","T","R","$","?","?","M","R","B",null,"M","M","?","M","M","E","M","R","T","M","R","?","$","M","R","B",null],"character_chosen":"DEFECT","items_purchased":["Vajra","Reinforced Body","Heatsinks","Strength Potion","FearPotion"],"campfire_rested":3,"item_purchase_floors":[11,22,47,47,47],"current_hp_per_floor":[68,68,64,64,59,59,44,44,44,28,28,10,1,1,23,11,65,55,57,57,41,41,49,49,42,42,42,42,42,42,43,43,39,75,83,82,82,67,9,10,11,38,38,46,46,61,61,69,96,40],"gold":54,"neow_bonus":"UPGRADE_CARD","is_prod":false,"is_daily":false,"chose_seed":false,"campfire_upgraded":6,"win_rate":0,"timestamp":1564479962,"path_taken":["M","?","?","?","M","R","E","R","T","E","?","E","M","?","R","BOSS","M","M","?","?","$","E","R","E","T","R","$","?","?","M","R","BOSS","M","M","?","M","M","E","M","R","T","M","R","?","$","M","R","BOSS"],"build_version":"2019-07-18","purchased_purges":4,"victory":true,"max_hp_per_floor":[75,75,75,75,75,75,75,75,75,75,75,75,75,75,75,76,81,82,83,83,83,83,84,84,85,85,85,85,85,85,86,86,87,87,88,89,89,90,91,92,93,93,93,94,94,95,95,96,96,97],"card_choices":[{"not_picked":["Barrage","Genetic Algorithm"],"picked":"Cold Snap","floor":1},{"not_picked":["Chaos","Coolheaded"],"picked":"Ball Lightning","floor":3},{"not_picked":["Ball Lightning","Compile Driver"],"picked":"Leap","floor":5},{"not_picked":["Hello World","Turbo"],"picked":"Biased Cognition","floor":7},{"not_picked":["Compile Driver","Self Repair"],"picked":"Barrage","floor":10},{"not_picked":["Gash","Leap"],"picked":"White Noise","floor":12},{"not_picked":["Coolheaded","Sunder"],"picked":"Conserve Battery","floor":13},{"not_picked":["Amplify","Hyperbeam"],"picked":"Electrodynamics","floor":16},{"not_picked":["Coolheaded","Cold Snap"],"picked":"Self Repair","floor":17},{"not_picked":["Scrape","Sweeping Beam"],"picked":"Loop","floor":18},{"not_picked":["Leap","Lockon","Blizzard"],"picked":"SKIP","floor":19},{"not_picked":["Static Discharge","Streamline"],"picked":"Fission","floor":23},{"not_picked":["Consume","Fusion","Hologram"],"picked":"SKIP","floor":25},{"not_picked":["Steam Power","Conserve Battery","Tempest"],"picked":"SKIP","floor":31},{"not_picked":["Hyperbeam","Seek"],"picked":"Rainbow","floor":33},{"not_picked":["Beam Cell","Sweeping Beam","Tempest"],"picked":"SKIP","floor":35},{"not_picked":["Compile Driver","Gash"],"picked":"Glacier+1","floor":36},{"not_picked":["Beam Cell+1","Sweeping Beam+1","Auto Shields+1"],"picked":"SKIP","floor":38},{"not_picked":["Reinforced Body+1","BootSequence+1"],"picked":"Glacier+1","floor":39},{"not_picked":["Recycle+1","Coolheaded+1","Scrape"],"picked":"SKIP","floor":40},{"not_picked":["Gash+1","Redo+1"],"picked":"Reinforced Body+1","floor":41},{"not_picked":["Steam+1","Go for the Eyes+1"],"picked":"Doom and Gloom","floor":44},{"not_picked":["Cold Snap+1","Steam+1","Barrage"],"picked":"SKIP","floor":48}],"player_experience":447724,"relics_obtained":[{"floor":7,"key":"Omamori"},{"floor":9,"key":"PreservedInsect"},{"floor":10,"key":"Lantern"},{"floor":12,"key":"Juzu Bracelet"},{"floor":20,"key":"Bottled Lightning"},{"floor":21,"key":"Nilry\u0027s Codex"},{"floor":23,"key":"Bronze Scales"},{"floor":25,"key":"Torii"},{"floor":26,"key":"FossilizedHelix"},{"floor":40,"key":"Art of War"},{"floor":43,"key":"Darkstone Periapt"},{"floor":46,"key":"Pocketwatch"}],"event_choices":[{"damage_healed":0,"gold_gain":0,"player_choice":"Forge","damage_taken":0,"max_hp_gain":0,"max_hp_loss":0,"event_name":"Accursed Blacksmith","floor":2,"gold_loss":0,"cards_upgraded":["Dualcast"]},{"damage_healed":0,"gold_gain":0,"player_choice":"Bought 0 Potions","damage_taken":0,"max_hp_gain":0,"max_hp_loss":0,"event_name":"The Woman in Blue","floor":4,"gold_loss":0},{"damage_healed":0,"gold_gain":0,"player_choice":"Trade","damage_taken":0,"relics_obtained":["FaceOfCleric"],"max_hp_gain":0,"max_hp_loss":0,"event_name":"FaceTrader","floor":14,"gold_loss":0},{"damage_healed":0,"gold_gain":0,"player_choice":"Obtained Book","damage_taken":16,"max_hp_gain":0,"max_hp_loss":0,"event_name":"Cursed Tome","floor":21,"gold_loss":0},{"damage_healed":0,"gold_gain":0,"player_choice":"Read","damage_taken":0,"max_hp_gain":0,"max_hp_loss":0,"event_name":"The Library","floor":29,"gold_loss":0,"cards_obtained":["Reinforced Body"]},{"damage_healed":0,"gold_gain":0,"cards_transformed":["Strike_B"],"player_choice":"Transformed","damage_taken":0,"max_hp_gain":0,"max_hp_loss":0,"event_name":"Transmorgrifier","floor":30,"gold_loss":0,"cards_obtained":["Streamline"]},{"damage_healed":0,"gold_gain":0,"player_choice":"Gave Potion","damage_taken":0,"relics_obtained":["Toxic Egg 2"],"max_hp_gain":0,"max_hp_loss":0,"event_name":"WeMeetAgain","floor":37,"gold_loss":0},{"damage_healed":0,"gold_gain":0,"player_choice":"Fight","damage_taken":0,"max_hp_gain":0,"max_hp_loss":0,"event_name":"MindBloom","floor":46,"gold_loss":0}],"is_beta":true,"boss_relics":[{"not_picked":["Busted Crown","Sozu"],"picked":"Tiny House"},{"not_picked":["Orrery","Velvet Choker"],"picked":"Snecko Eye"}],"items_purged_floors":[11,22,28,47],"is_endless":false,"potions_floor_spawned":[3,5,7,23,25,33,35,38,41,48],"ascension_level":12}