{"gold_per_floor":[368,386,406,33,33,66,66,96,145,155,155,172,226,284,284,380,380,390,390,400,39,39,96,96,127,179,196,196,196,40,72,72,72],"floor_reached":33,"playtime":1886,"items_purged":["Strike_R","Strike_R"],"score":435,"play_id":"68121a28-f99e-4092-b557-66f6e400d745","local_time":"20190616112053","is_ascension_mode":true,"campfire_choices":[{"data":"Uppercut","floor":7,"key":"SMITH"},{"floor":11,"key":"REST"},{"floor":15,"key":"REST"},{"data":"Searing Blow","floor":24,"key":"SMITH"},{"data":"Searing Blow+1","floor":28,"key":"SMITH"},{"floor":32,"key":"REST"}],"neow_cost":"TEN_PERCENT_HP_LOSS","seed_source_timestamp":92943081466742,"circlet_count":0,"master_deck":["Defend_R","Defend_R","Defend_R","Defend_R","Cleave","Uppercut+1","Burning Pact","Seeing Red","Shrug It Off","Searing Blow+2","Battle Trance","Fiend Fire","Reaper+1","Corruption+1","Twin Strike+1","True Grit","Iron Wave+1","Burning Pact+1","Spot Weakness+1","Armaments","Feel No Pain+1"],"relics":["Burning Blood","Turnip","Darkstone Periapt","Lantern","Letter Opener","PreservedInsect","Juzu Bracelet","Astrolabe","Self Forming Clay","Tiny Chest","Frozen Egg 2","Bag of Marbles","Thread and Needle"],"potions_floor_usage":[8,8,16,23,25,25,33],"damage_taken":[{"damage":2,"enemies":"2 Louse","floor":1,"turns":4},{"damage":11,"enemies":"Jaw Worm","floor":2,"turns":5},{"damage":0,"enemies":"Small Slimes","floor":3,"turns":3},{"damage":28,"enemies":"Gremlin Nob","floor":6,"turns":4},{"damage":30,"enemies":"3 Sentries","floor":8,"turns":7},{"damage":8,"enemies":"Blue Slaver","floor":10,"turns":3},{"damage":6,"enemies":"Looter","floor":12,"turns":3},{"damage":22,"enemies":"Gremlin Nob","floor":14,"turns":4},{"damage":17,"enemies":"The Guardian","floor":16,"turns":15},{"damage":7,"enemies":"3 Byrds","floor":18,"turns":4},{"damage":14,"enemies":"2 Thieves","floor":20,"turns":3},{"damage":12,"enemies":"Slavers","floor":23,"turns":3},{"damage":44,"enemies":"Gremlin Leader","floor":25,"turns":6},{"damage":33,"enemies":"Centurion and Healer","floor":27,"turns":5},{"damage":21,"enemies":"Slavers","floor":31,"turns":5},{"damage":89,"enemies":"Automaton","floor":33,"turns":6}],"seed_played":"5293847921568152569","potions_obtained":[{"floor":1,"key":"GamblersBrew"},{"floor":3,"key":"GamblersBrew"},{"floor":6,"key":"Regen Potion"},{"floor":16,"key":"SkillPotion"},{"floor":18,"key":"Explosive Potion"},{"floor":23,"key":"LiquidBronze"},{"floor":31,"key":"BloodPotion"}],"is_trial":false,"path_per_floor":["M","M","M","$","?","E","R","E","T","M","R","M","?","?","R","B",null,"M","?","M","$","?","E","R","E","T","M","R","?","$","E","R","B"],"character_chosen":"IRONCLAD","items_purchased":["Turnip","Self Forming Clay","Bag of Marbles"],"campfire_rested":3,"item_purchase_floors":[4,21,30],"current_hp_per_floor":[72,67,72,72,54,32,32,23,23,21,42,42,42,26,47,36,63,68,55,57,57,57,61,61,38,38,30,30,30,30,24,47,0],"gold":72,"neow_bonus":"TWO_FIFTY_GOLD","is_prod":false,"is_daily":false,"chose_seed":false,"campfire_upgraded":3,"win_rate":0,"timestamp":1560702053,"path_taken":["M","M","M","$","?","E","R","E","T","M","R","M","?","?","R","BOSS","M","?","M","$","?","E","R","E","T","M","R","?","$","E","R","BOSS"],"build_version":"2019-01-23","purchased_purges":2,"victory":false,"max_hp_per_floor":[72,72,72,72,72,72,72,72,72,72,72,72,72,72,72,72,72,72,77,77,77,77,77,77,77,77,77,77,77,77,77,77,77],"card_choices":[{"not_picked":["Rage","Havoc"],"picked":"Cleave","floor":1},{"not_picked":["Headbutt","Warcry"],"picked":"Uppercut","floor":2},{"not_picked":["Reckless Charge","Hemokinesis"],"picked":"Burning Pact","floor":3},{"not_picked":["Infernal Blade","Feel No Pain","Dual Wield"],"picked":"SKIP","floor":6},{"not_picked":["Fire Breathing","Havoc"],"picked":"Seeing Red","floor":8},{"not_picked":["Flex","Twin Strike"],"picked":"Shrug It Off","floor":10},{"not_picked":["Havoc","Warcry"],"picked":"Searing Blow","floor":12},{"not_picked":["Cleave","Reaper"],"picked":"Battle Trance","floor":14},{"not_picked":["Reaper","Offering"],"picked":"Fiend Fire","floor":16},{"not_picked":["Wild Strike","Body Slam"],"picked":"True Grit","floor":18},{"not_picked":["Armaments","Shrug It Off"],"picked":"Iron Wave+1","floor":20},{"not_picked":["Pommel Strike","Perfected Strike"],"picked":"Burning Pact+1","floor":23},{"not_picked":["Rupture","Heavy Blade+1"],"picked":"Spot Weakness+1","floor":25},{"not_picked":["Uppercut","Thunderclap"],"picked":"Armaments","floor":27},{"not_picked":["Reckless Charge","Infernal Blade"],"picked":"Feel No Pain+1","floor":31}],"player_experience":345204,"relics_obtained":[{"floor":6,"key":"Lantern"},{"floor":8,"key":"Letter Opener"},{"floor":9,"key":"PreservedInsect"},{"floor":14,"key":"Juzu Bracelet"},{"floor":23,"key":"Tiny Chest"},{"floor":25,"key":"Frozen Egg 2"},{"floor":31,"key":"Thread and Needle"}],"event_choices":[{"damage_healed":0,"gold_gain":0,"player_choice":"Success","damage_taken":18,"relics_obtained":["Darkstone Periapt"],"max_hp_gain":0,"max_hp_loss":0,"event_name":"Scrap Ooze","floor":5,"gold_loss":0},{"damage_healed":0,"gold_gain":54,"player_choice":"Gained Gold","damage_taken":0,"max_hp_gain":0,"max_hp_loss":0,"event_name":"Golden Wing","floor":13,"gold_loss":0},{"damage_healed":0,"gold_gain":0,"player_choice":"Searched \u00271\u0027 times","damage_taken":0,"max_hp_gain":0,"max_hp_loss":0,"event_name":"Dead Adventurer","floor":14,"gold_loss":0},{"damage_healed":0,"gold_gain":0,"player_choice":"Shed Blood","damage_taken":18,"max_hp_gain":5,"max_hp_loss":0,"event_name":"Forgotten Altar","floor":19,"gold_loss":0},{"cards_removed":["Bash"],"damage_healed":0,"gold_gain":0,"player_choice":"Elegance","damage_taken":0,"max_hp_gain":0,"max_hp_loss":0,"event_name":"Back to Basics","floor":22,"gold_loss":0},{"damage_healed":0,"gold_gain":0,"player_choice":"Ignored","damage_taken":0,"max_hp_gain":0,"max_hp_loss":0,"event_name":"Beggar","floor":29,"gold_loss":0}],"is_beta":false,"boss_relics":[{"not_picked":["Lizard Tail","Busted Crown"],"picked":"Astrolabe"}],"items_purged_floors":[4,21],"is_endless":false,"potions_floor_spawned":[1,3,6,16,18,23,31],"killed_by":"Automaton","ascension_level":8}