{"gold_per_floor":[114,127,127,127,202,202,229,229,229,241,270,298,371,402,414,503,515,547,540,4,15,29,29,43,75,145,5,5,24,24,53,53,53],"floor_reached":33,"playtime":2247,"items_purged":["Strike_R"],"score":573,"play_id":"5bb7451c-1e05-42b0-ab4c-f1c6bb6346cd","local_time":"20190626201448","is_ascension_mode":true,"campfire_choices":[{"data":"Clothesline","floor":6,"key":"SMITH"},{"data":"Searing Blow","floor":8,"key":"SMITH"},{"data":"Searing Blow+1","floor":15,"key":"SMITH"},{"floor":23,"key":"REST"},{"floor":30,"key":"REST"},{"data":"Barricade","floor":32,"key":"SMITH"}],"neow_cost":"NONE","seed_source_timestamp":25149444964815,"circlet_count":0,"master_deck":["AscendersBane","Strike_R+1","Strike_R+1","Strike_R","Strike_R","Defend_R","Defend_R","Defend_R","Defend_R","Bash","Battle Trance","Clothesline+1","Regret","Searing Blow+2","Shrug It Off+1","Reaper","Armaments","Seeing Red","Impervious+1","Warcry","True Grit","Shockwave","Barricade+1","Headbutt","Havoc","Armaments","Whirlwind","Disarm+1","Body Slam"],"relics":["Burning Blood","NeowsBlessing","Ornamental Fan","Lantern","Dead Branch","MawBank","Bag of Preparation","Philosopher\u0027s Stone","Sling","Charon\u0027s Ashes","Toxic Egg 2","Bag of Marbles","War Paint"],"potions_floor_usage":[11,13,16,19,25,33,33],"damage_taken":[{"damage":0,"enemies":"Small Slimes","floor":1,"turns":1},{"damage":0,"enemies":"2 Louse","floor":2,"turns":1},{"damage":3,"enemies":"3 Sentries","floor":7,"turns":2},{"damage":6,"enemies":"Cultist","floor":10,"turns":3},{"damage":33,"enemies":"Lagavulin","floor":11,"turns":9},{"damage":25,"enemies":"Large Slime","floor":12,"turns":8},{"damage":0,"enemies":"3 Sentries","floor":13,"turns":3},{"damage":7,"enemies":"Looter","floor":14,"turns":4},{"damage":39,"enemies":"Hexaghost","floor":16,"turns":12},{"damage":23,"enemies":"Spheric Guardian","floor":18,"turns":4},{"damage":9,"enemies":"2 Thieves","floor":19,"turns":4},{"damage":27,"enemies":"Centurion and Healer","floor":21,"turns":8},{"damage":20,"enemies":"Sentry and Sphere","floor":22,"turns":5},{"damage":27,"enemies":"3 Cultists","floor":24,"turns":5},{"damage":43,"enemies":"Gremlin Leader","floor":25,"turns":10},{"damage":3,"enemies":"Cultist and Chosen","floor":29,"turns":3},{"damage":6,"enemies":"Slavers","floor":31,"turns":2},{"damage":67,"enemies":"Collector","floor":33,"turns":5}],"seed_played":"-4960051954503357003","potions_obtained":[{"floor":1,"key":"Energy Potion"},{"floor":11,"key":"PowerPotion"},{"floor":12,"key":"PowerPotion"},{"floor":14,"key":"Dexterity Potion"},{"floor":16,"key":"SkillPotion"},{"floor":29,"key":"AttackPotion"}],"is_trial":false,"path_per_floor":["M","M","?","?","?","R","E","R","T","M","E","M","?","M","R","B",null,"M","M","$","M","M","R","M","E","T","$","?","M","R","E","R","B"],"character_chosen":"IRONCLAD","items_purchased":["Shockwave","Sling","Barricade","Block Potion","Disarm+1","Regen Potion"],"campfire_rested":2,"item_purchase_floors":[20,20,20,20,27,27],"current_hp_per_floor":[78,80,80,64,53,53,56,56,56,56,29,16,34,37,37,10,63,51,56,56,43,29,53,46,24,24,24,24,27,51,51,51,0],"gold":53,"neow_bonus":"THREE_ENEMY_KILL","is_prod":false,"is_daily":false,"chose_seed":false,"campfire_upgraded":4,"win_rate":0,"timestamp":1561598088,"path_taken":["M","M","?","?","?","R","E","R","T","M","E","M","?","M","R","BOSS","M","M","$","M","M","R","M","E","T","$","?","M","R","E","R","BOSS"],"build_version":"2019-01-23","purchased_purges":1,"victory":false,"max_hp_per_floor":[80,80,80,80,80,80,80,80,80,80,80,80,80,80,80,80,80,80,80,80,80,80,80,80,80,80,80,80,80,80,80,80,80],"card_choices":[{"not_picked":["Sword Boomerang","Heavy Blade"],"picked":"Battle Trance","floor":1},{"not_picked":["Intimidate","Headbutt"],"picked":"Clothesline","floor":2},{"not_picked":["Sword Boomerang","Armaments"],"picked":"Searing Blow","floor":7},{"not_picked":["Burning Pact","Seeing Red"],"picked":"Shrug It Off","floor":10},{"not_picked":["Clothesline","Evolve"],"picked":"Reaper","floor":11},{"not_picked":["Heavy Blade","Havoc","Fire Breathing"],"picked":"SKIP","floor":12},{"not_picked":["Ghostly Armor","Havoc"],"picked":"Armaments","floor":13},{"not_picked":["Cleave","Pommel Strike"],"picked":"Seeing Red","floor":14},{"not_picked":["Exhume","Reaper"],"picked":"Impervious","floor":16},{"not_picked":["Sword Boomerang","Wild Strike"],"picked":"Warcry","floor":18},{"not_picked":["Sword Boomerang","Wild Strike"],"picked":"True Grit","floor":19},{"not_picked":["Carnage","Shrug It Off"],"picked":"Headbutt","floor":21},{"not_picked":["Shrug It Off","Warcry"],"picked":"Havoc","floor":22},{"not_picked":["Twin Strike","Heavy Blade"],"picked":"Armaments","floor":24},{"not_picked":["Twin Strike","True Grit"],"picked":"Whirlwind","floor":25},{"not_picked":["Clothesline","Body Slam","Pommel Strike+1"],"picked":"SKIP","floor":29},{"not_picked":["Clothesline","Pommel Strike+1"],"picked":"Body Slam","floor":29},{"not_picked":["Pommel Strike","Brutality","Twin Strike"],"picked":"SKIP","floor":31}],"player_experience":408449,"relics_obtained":[{"floor":7,"key":"Lantern"},{"floor":9,"key":"Dead Branch"},{"floor":11,"key":"MawBank"},{"floor":13,"key":"Bag of Preparation"},{"floor":25,"key":"Charon\u0027s Ashes"},{"floor":26,"key":"Toxic Egg 2"},{"floor":31,"key":"War Paint"}],"event_choices":[{"damage_healed":0,"gold_gain":0,"player_choice":"Box","damage_taken":0,"relics_obtained":["Ornamental Fan"],"max_hp_gain":0,"max_hp_loss":0,"event_name":"Big Fish","floor":3,"gold_loss":0,"cards_obtained":["Regret"]},{"damage_healed":0,"gold_gain":0,"player_choice":"Entered Light","damage_taken":16,"max_hp_gain":0,"max_hp_loss":0,"event_name":"Shining Light","floor":4,"gold_loss":0,"cards_upgraded":["Strike_R","Strike_R"]},{"damage_healed":0,"gold_gain":75,"player_choice":"Gather Gold","damage_taken":11,"max_hp_gain":0,"max_hp_loss":0,"event_name":"World of Goop","floor":5,"gold_loss":0},{"damage_healed":0,"gold_gain":0,"player_choice":"Searched \u00272\u0027 times","damage_taken":0,"max_hp_gain":0,"max_hp_loss":0,"event_name":"Dead Adventurer","floor":13,"gold_loss":0},{"damage_healed":0,"gold_gain":0,"player_choice":"Gave Potion","damage_taken":0,"relics_obtained":["Bag of Marbles"],"max_hp_gain":0,"max_hp_loss":0,"event_name":"WeMeetAgain","floor":28,"gold_loss":0}],"is_beta":false,"boss_relics":[{"not_picked":["Empty Cage","Lizard Tail"],"picked":"Philosopher\u0027s Stone"}],"items_purged_floors":[20],"is_endless":false,"potions_floor_spawned":[1,11,12,14,16,21,29,31],"killed_by":"Collector","ascension_level":13}