{"gold_per_floor":[114,114,39,60,83,114,114,389,389,404,404,429,429,429],"floor_reached":14,"playtime":444,"items_purged":["Injury"],"score":113,"play_id":"955bf9d4-07a5-43c0-b702-b87a7afeb6d8","local_time":"20190528191547","is_ascension_mode":true,"campfire_choices":[{"data":"Power Through","floor":7,"key":"SMITH"},{"data":"Cleave","floor":11,"key":"SMITH"},{"data":"Whirlwind","floor":13,"key":"SMITH"}],"neow_cost":"NONE","seed_source_timestamp":353025160554472,"circlet_count":0,"master_deck":["Strike_R","Strike_R","Strike_R","Strike_R","Strike_R","Defend_R","Defend_R","Defend_R","Defend_R","Bash","Shrug It Off","Metallicize","True Grit","Power Through+1","Regret","Cleave+1","Whirlwind+1"],"relics":["Burning Blood","Golden Idol","Paper Frog","Meat on the Bone"],"potions_floor_usage":[6,14],"damage_taken":[{"damage":5,"enemies":"Small Slimes","floor":1,"turns":4},{"damage":6,"enemies":"Jaw Worm","floor":4,"turns":3},{"damage":12,"enemies":"Cultist","floor":5,"turns":5},{"damage":30,"enemies":"Gremlin Nob","floor":6,"turns":5},{"damage":10,"enemies":"Blue Slaver","floor":10,"turns":6},{"damage":30,"enemies":"Exordium Thugs","floor":12,"turns":7},{"damage":61,"enemies":"Lagavulin","floor":14,"turns":7}],"seed_played":"644525267961722326","potions_obtained":[{"floor":1,"key":"SteroidPotion"},{"floor":12,"key":"Regen Potion"}],"is_trial":false,"path_per_floor":["M","?","$","M","M","E","R","?","T","M","R","M","R","E"],"character_chosen":"IRONCLAD","items_purchased":[],"campfire_rested":0,"item_purchase_floors":[],"current_hp_per_floor":[88,88,88,88,82,58,58,58,58,54,54,42,42,0],"gold":429,"neow_bonus":"TEN_PERCENT_HP_BONUS","is_prod":false,"is_daily":false,"chose_seed":false,"campfire_upgraded":3,"win_rate":0,"timestamp":1559088947,"path_taken":["M","?","$","M","M","E","R","?","T","M","R","?","R","E"],"build_version":"2019-01-23","purchased_purges":1,"victory":false,"max_hp_per_floor":[88,88,88,88,88,88,88,88,88,88,88,88,88,88],"card_choices":[{"not_picked":["Shockwave","Bloodletting"],"picked":"Shrug It Off","floor":1},{"not_picked":["Intimidate","Clothesline"],"picked":"Metallicize","floor":4},{"not_picked":["Iron Wave","Twin Strike"],"picked":"True Grit","floor":5},{"not_picked":["Iron Wave","Armaments"],"picked":"Power Through","floor":6},{"not_picked":["Sever Soul","Thunderclap"],"picked":"Cleave","floor":10},{"not_picked":["Iron Wave","Burning Pact"],"picked":"Whirlwind","floor":12}],"player_experience":223545,"relics_obtained":[{"floor":6,"key":"Paper Frog"},{"floor":9,"key":"Meat on the Bone"}],"event_choices":[{"damage_healed":0,"gold_gain":0,"player_choice":"Take Wound","damage_taken":0,"relics_obtained":["Golden Idol"],"max_hp_gain":0,"max_hp_loss":0,"event_name":"Golden Idol","floor":2,"gold_loss":0,"cards_obtained":["Injury"]},{"damage_healed":0,"gold_gain":275,"player_choice":"Desecrate","damage_taken":0,"max_hp_gain":0,"max_hp_loss":0,"event_name":"Golden Shrine","floor":8,"gold_loss":0,"cards_obtained":["Regret"]}],"is_beta":false,"boss_relics":[],"items_purged_floors":[3],"is_endless":false,"potions_floor_spawned":[1,12],"killed_by":"Lagavulin","ascension_level":5}