{"gold_per_floor":[112,14,89,89,89,107,138,138,163,179,129,157,112,59,59,159,159,177,195,195,211,40,40,74,74],"floor_reached":25,"playtime":2114,"items_purged":["theDruid:Strike_O","theDruid:Defend_O"],"score":252,"play_id":"6aa05331-be41-462c-a46b-6cf261c6b3fb","local_time":"20190729234458","is_ascension_mode":false,"campfire_choices":[{"data":"theDruid:NaturalAgility","floor":8,"key":"SMITH"},{"data":"theDruid:Resourcefulness","floor":15,"key":"SMITH"},{"data":"theDruid:Slingshot","floor":23,"key":"SMITH"}],"neow_cost":"NONE","seed_source_timestamp":1649769065688400,"circlet_count":0,"master_deck":["theDruid:Strike_O","theDruid:Defend_O","theDruid:Defend_O","theDruid:Defend_O","theDruid:BriarArmor","theDruid:WildSlash","theDruid:Resourcefulness+1","theDruid:ThickHide","theDruid:ForestGuard","theDruid:NaturalAgility+1","theDruid:ForestsSoul","theDruid:Forage","theDruid:Guidance","theDruid:Slingshot+1","theDruid:Rabid","theDruid:Stampede+1","theDruid:HailofThorns","theDruid:ThickHide","theDruid:Slingshot","theDruid:BloodiedFur"],"relics":["theDruid:CrownOfTheWilds","NeowsBlessing","Thread and Needle","Bag of Preparation","Blood Vial","Sozu","Molten Egg 2"],"potions_floor_usage":[],"damage_taken":[{"damage":0,"enemies":"Jaw Worm","floor":1,"turns":1},{"damage":0,"enemies":"2 Louse","floor":6,"turns":1},{"damage":0,"enemies":"Lagavulin","floor":7,"turns":1},{"damage":0,"enemies":"Small Slimes","floor":10,"turns":6},{"damage":25,"enemies":"3 Sentries","floor":12,"turns":20},{"damage":0,"enemies":"Looter","floor":13,"turns":5},{"damage":12,"enemies":"Slime Boss","floor":16,"turns":20},{"damage":0,"enemies":"Spheric Guardian","floor":18,"turns":6},{"damage":2,"enemies":"Shell Parasite","floor":19,"turns":4},{"damage":9,"enemies":"Shelled Parasite and Fungi","floor":21,"turns":5},{"damage":26,"enemies":"Slavers","floor":24,"turns":6}],"seed_played":"-3510603745485793503","potions_obtained":[{"floor":12,"key":"GamblersBrew"},{"floor":16,"key":"SteroidPotion"}],"is_trial":false,"path_per_floor":["M","$","?","?","?","M","E","R","T","M","?","E","M","$","R","B",null,"M","M","?","M","$","R","E","?"],"character_chosen":"DRUID","items_purchased":["theDruid:ThickHide","theDruid:Slingshot","theDruid:ThickHide","theDruid:Slingshot"],"campfire_rested":0,"item_purchase_floors":[2,14,22,22],"current_hp_per_floor":[75,75,64,64,64,64,64,64,64,64,64,39,44,44,44,37,75,75,73,57,53,53,53,32,32],"gold":74,"neow_bonus":"THREE_ENEMY_KILL","is_prod":false,"is_daily":false,"chose_seed":false,"campfire_upgraded":3,"win_rate":0.0,"timestamp":1564465498,"path_taken":["M","$","?","?","?","?","E","R","T","M","?","E","M","$","R","BOSS","M","M","?","M","$","R","E","?"],"build_version":"2019-07-18","purchased_purges":2,"victory":false,"max_hp_per_floor":[75,75,75,75,75,75,75,75,75,75,75,75,75,75,75,75,75,75,75,75,75,75,75,75,75],"card_choices":[{"not_picked":["theDruid:Starfall","theDruid:WildArmor"],"picked":"theDruid:Resourcefulness","floor":1},{"not_picked":["theDruid:TwilightsCall","theDruid:ThickHide","theDruid:ForestGuard"],"picked":"SKIP","floor":6},{"not_picked":["theDruid:TwilightsCall","theDruid:ThickHide"],"picked":"theDruid:ForestGuard","floor":6},{"not_picked":["theDruid:Untamed","theDruid:BagofTricks"],"picked":"theDruid:NaturalAgility","floor":7},{"not_picked":["theDruid:TwilightsCall","theDruid:FullMoon"],"picked":"theDruid:ForestsSoul","floor":10},{"not_picked":["theDruid:Starburst","theDruid:PlagueClaw"],"picked":"theDruid:Forage","floor":12},{"not_picked":["theDruid:TakeShelter","theDruid:Starfall"],"picked":"theDruid:Guidance","floor":13},{"not_picked":["theDruid:HerbalismKit","theDruid:HailofThorns"],"picked":"theDruid:Rabid","floor":16},{"not_picked":["theDruid:ThickHide+1","theDruid:BrambleLash"],"picked":"theDruid:Stampede+1","floor":18},{"not_picked":["theDruid:Guidance","theDruid:Eclipse","theDruid:FuriousSlash"],"picked":"SKIP","floor":19},{"not_picked":["theDruid:Gore","theDruid:Swipe+1"],"picked":"theDruid:HailofThorns","floor":21},{"not_picked":["theDruid:FuriousSlash","theDruid:TwinStars"],"picked":"theDruid:BloodiedFur","floor":24}],"player_experience":443188,"relics_obtained":[{"floor":7,"key":"Thread and Needle"},{"floor":9,"key":"Bag of Preparation"},{"floor":12,"key":"Blood Vial"},{"floor":24,"key":"Molten Egg 2"}],"event_choices":[{"damage_healed":0,"gold_gain":75,"player_choice":"Gather Gold","damage_taken":11,"max_hp_gain":0,"max_hp_loss":0,"event_name":"World of Goop","floor":3,"gold_loss":0},{"damage_healed":0,"gold_gain":0,"player_choice":"Ignored","damage_taken":0,"max_hp_gain":0,"max_hp_loss":0,"event_name":"Liars Game","floor":4,"gold_loss":0},{"cards_removed":["theDruid:Strike_O"],"damage_healed":0,"gold_gain":0,"player_choice":"Purged","damage_taken":0,"max_hp_gain":0,"max_hp_loss":0,"event_name":"Purifier","floor":5,"gold_loss":0},{"cards_removed":["theDruid:Strike_O"],"damage_healed":0,"gold_gain":0,"player_choice":"Card Removal","damage_taken":0,"max_hp_gain":0,"max_hp_loss":0,"event_name":"The Cleric","floor":11,"gold_loss":50},{"damage_healed":0,"gold_gain":0,"player_choice":"Obtained Book","damage_taken":16,"max_hp_gain":0,"max_hp_loss":0,"event_name":"Cursed Tome","floor":20,"gold_loss":0}],"is_beta":true,"boss_relics":[{"not_picked":["Ectoplasm","Calling Bell"],"picked":"Sozu"}],"items_purged_floors":[2,22],"is_endless":false,"potions_floor_spawned":[12,16,19,21],"ascension_level":0}