{"gold_per_floor":[117,128,88,88,162,195,211,211,236,236,271,281,296,308,308,406,406,423,33,29,29,48,67,67,67,90,39,57,0,15,15],"floor_reached":31,"playtime":4094,"items_purged":[],"score":274,"play_id":"01b34363-5276-4e8c-a331-6add5c228488","local_time":"20190708214847","is_ascension_mode":false,"campfire_choices":[{"data":"Loop","floor":8.0,"key":"SMITH"},{"data":"Lockon","floor":10.0,"key":"SMITH"},{"floor":15,"key":"REST"}],"neow_cost":"NONE","seed_source_timestamp":0,"circlet_count":0,"master_deck":["Strike_B","Strike_B","Strike_B","Strike_B","Defend_B","Defend_B","Defend_B","Defend_B","Zap","Dualcast","Reinforced Body","Reinforced Body","Doom and Gloom","Lockon+1","Loop+1","Static Discharge","Fusion","Loop","Coolheaded","Electrodynamics","Reprogram","Loop","Ball Lightning","Defragment","Cold Snap+1","Seek"],"special_seed":0,"relics":["FrozenCore","NeowsBlessing","Centennial Puzzle","Dream Catcher","Shovel","Bag of Preparation"],"potions_floor_usage":[14,16,28,31],"damage_taken":[{"damage":0.0,"enemies":"Cultist","floor":1.0,"turns":1.0},{"damage":0.0,"enemies":"Small Slimes","floor":2.0,"turns":1.0},{"damage":0.0,"enemies":"3 Sentries","floor":6.0,"turns":1.0},{"damage":0.0,"enemies":"Jaw Worm","floor":7.0,"turns":3.0},{"damage":6.0,"enemies":"Gremlin Nob","floor":11.0,"turns":5.0},{"damage":10.0,"enemies":"Exordium Thugs","floor":12.0,"turns":4.0},{"damage":9,"enemies":"Exordium Wildlife","floor":13,"turns":5},{"damage":22,"enemies":"Gremlin Gang","floor":14,"turns":3},{"damage":45,"enemies":"The Guardian","floor":16,"turns":15},{"damage":3,"enemies":"Chosen","floor":18,"turns":6},{"damage":13,"enemies":"2 Thieves","floor":20,"turns":4},{"damage":49,"enemies":"3 Cultists","floor":22,"turns":5},{"damage":23,"enemies":"Snake Plant","floor":23,"turns":7},{"damage":21,"enemies":"Centurion and Healer","floor":28,"turns":11},{"damage":13,"enemies":"Snecko","floor":30,"turns":5},{"damage":7,"enemies":"3 Cultists","floor":31,"turns":2}],"seed_played":"5663157677612060688","potions_obtained":[{"floor":1.0,"key":"FearPotion"},{"floor":6.0,"key":"Fire Potion"},{"floor":7.0,"key":"Weak Potion"},{"floor":22,"key":"Strength Potion"},{"floor":28,"key":"EssenceOfSteel"},{"floor":30,"key":"Dexterity Potion"}],"is_trial":false,"path_per_floor":["M","M","$","$","?","E","M","R","T","R","E","M","M","M","R","B",null,"M","$","M","?","M","M","?","?","T","$","M","?","M","M"],"character_chosen":"DEFECT","items_purchased":["Doom and Gloom","Shovel","Loop","Ball Lightning","SpeedPotion"],"campfire_rested":1,"item_purchase_floors":[3,19,19,19,27],"current_hp_per_floor":[75,75,75,75,75,75,75,75,75,75,69,59,50,28,50,5,75,72,72,59,85,36,13,13,41,41,41,20,20,7,0],"gold":15,"neow_bonus":"THREE_ENEMY_KILL","is_prod":false,"is_daily":false,"chose_seed":false,"campfire_upgraded":2,"win_rate":0.0,"timestamp":1562636927,"path_taken":["M","M","?","$","?","E","?","R","T","R","E","M","M","?","R","BOSS","M","$","M","?","M","?","?","?","T","$","M","?","M","M"],"build_version":"2019-07-05","purchased_purges":0,"victory":false,"max_hp_per_floor":[75,75,75,75,75,75,75,75,75,75,75,75,75,75,75,75,75,75,75,75,85,85,85,85,85,85,85,85,85,85,85],"card_choices":[{"not_picked":["Streamline","Scrape"],"picked":"Reinforced Body","floor":1.0},{"not_picked":["Steam Power","Stack"],"picked":"Reinforced Body","floor":2.0},{"not_picked":["Cold Snap","Steam"],"picked":"Lockon","floor":6.0},{"not_picked":["White Noise","Doom and Gloom"],"picked":"Loop","floor":7.0},{"not_picked":["Storm","Barrage"],"picked":"Static Discharge","floor":11.0},{"not_picked":["Leap","Beam Cell"],"picked":"Fusion","floor":12},{"not_picked":["Cold Snap","Redo"],"picked":"Biased Cognition","floor":13},{"not_picked":["Steam","Chaos"],"picked":"Loop","floor":14},{"not_picked":["Loop","Streamline"],"picked":"Coolheaded","floor":15},{"not_picked":["All For One","Biased Cognition"],"picked":"Electrodynamics","floor":16},{"not_picked":["Hologram+1","Steam"],"picked":"Reprogram","floor":18},{"not_picked":["Beam Cell","Ball Lightning"],"picked":"Defragment","floor":20},{"not_picked":["Redo","Hologram","Sweeping Beam"],"picked":"SKIP","floor":22},{"not_picked":["Blizzard","Leap"],"picked":"Cold Snap+1","floor":23},{"not_picked":["Leap","Gash"],"picked":"Seek","floor":28},{"not_picked":["Ball Lightning","Beam Cell","Fusion"],"picked":"SKIP","floor":30}],"player_experience":36901,"relics_obtained":[{"floor":6.0,"key":"Centennial Puzzle"},{"floor":9.0,"key":"Dream Catcher"},{"floor":26,"key":"Bag of Preparation"}],"event_choices":[{"damage_healed":0.0,"max_hp_gain":0.0,"max_hp_loss":0.0,"gold_gain":74.0,"event_name":"Golden Wing","player_choice":"Gained Gold","floor":5.0,"gold_loss":0.0,"damage_taken":0.0},{"cards_removed":["Biased Cognition"],"damage_healed":16,"gold_gain":0,"player_choice":"Offered Rare","damage_taken":0,"max_hp_gain":10,"max_hp_loss":0,"event_name":"Bonfire Elementals","floor":21,"gold_loss":0},{"damage_healed":28,"gold_gain":0,"player_choice":"Heal","damage_taken":0,"max_hp_gain":0,"max_hp_loss":0,"event_name":"The Library","floor":25,"gold_loss":0},{"damage_healed":0,"gold_gain":0,"player_choice":"Paid Fearfully","damage_taken":0,"max_hp_gain":0,"max_hp_loss":0,"event_name":"Masked Bandits","floor":29,"gold_loss":57}],"is_beta":false,"boss_relics":[{"not_picked":["Coffee Dripper","Philosopher\u0027s Stone"],"picked":"FrozenCore"}],"items_purged_floors":[],"is_endless":false,"potions_floor_spawned":[1,6,7,12,13,22,28,30],"killed_by":"3 Cultists","ascension_level":0}