{"gold_per_floor":[110,185,185,202,222,222,241,241,291,326,346,366,284,294,294,393,393,410,423,423,90,103,103,18,47,70,84,84,104,104,117,117,217,217,236,236,186,199,211,211,245,245,290,290],"floor_reached":44,"playtime":2667,"items_purged":["Strike_R"],"score":609,"play_id":"5a8aab0d-15fe-4537-afb7-948e83a6a78e","local_time":"20190530184054","is_ascension_mode":true,"campfire_choices":[{"data":"Demon Form","floor":6.0,"key":"SMITH"},{"data":"Flame Barrier","floor":8.0,"key":"SMITH"},{"floor":15.0,"key":"REST"},{"data":"Cleave","floor":23,"key":"SMITH"},{"data":"Limit Break","floor":30,"key":"SMITH"},{"floor":32,"key":"REST"},{"data":"Fiend Fire","floor":40,"key":"SMITH"},{"data":"Limit Break","floor":42,"key":"SMITH"}],"neow_cost":"NONE","seed_source_timestamp":0,"circlet_count":0,"master_deck":["Defend_R","Defend_R","Defend_R","Defend_R","Bash","Bludgeon","Havoc","Demon Form+1","Flame Barrier+1","Cleave+1","Headbutt","True Grit","Inflame","Immolate","Dark Embrace+1","Combust+1","Uppercut+1","Shrug It Off","Shockwave","Iron Wave+1","Limit Break+1","Pommel Strike+1","Decay","Burning Pact","True Grit+1","Fiend Fire+1","Sentinel+1","True Grit","Flex","Ghostly Armor+1","Parasite","Limit Break+1"],"special_seed":0,"relics":["Burning Blood","Vajra","Centennial Puzzle","Thread and Needle","Sundial","Nloth\u0027s Gift","Meat on the Bone","Bag of Preparation","Mercury Hourglass","Smiling Mask","Velvet Choker","Orichalcum","Juzu Bracelet"],"potions_floor_usage":[18,22,25,33,38,44,44],"damage_taken":[{"damage":9.0,"enemies":"Jaw Worm","floor":1.0,"turns":3.0},{"damage":5.0,"enemies":"Small Slimes","floor":4.0,"turns":2.0},{"damage":8.0,"enemies":"2 Louse","floor":5.0,"turns":2.0},{"damage":25.0,"enemies":"Exordium Thugs","floor":7.0,"turns":5.0},{"damage":31.0,"enemies":"Gremlin Nob","floor":10.0,"turns":5.0},{"damage":15.0,"enemies":"Red Slaver","floor":11.0,"turns":4.0},{"damage":0.0,"enemies":"Large Slime","floor":12.0,"turns":4.0},{"damage":4.0,"enemies":"Blue Slaver","floor":14.0,"turns":3.0},{"damage":38.0,"enemies":"Slime Boss","floor":16.0,"turns":9.0},{"damage":32,"enemies":"Spheric Guardian","floor":18,"turns":6},{"damage":11,"enemies":"Chosen","floor":19,"turns":6},{"damage":7,"enemies":"Centurion and Healer","floor":22,"turns":4},{"damage":37,"enemies":"Slavers","floor":25,"turns":5},{"damage":15,"enemies":"Snake Plant","floor":27,"turns":4},{"damage":25,"enemies":"Sentry and Sphere","floor":29,"turns":6},{"damage":3,"enemies":"Snecko","floor":31,"turns":4},{"damage":28,"enemies":"Champ","floor":33,"turns":12},{"damage":26,"enemies":"3 Darklings","floor":35,"turns":3},{"damage":7,"enemies":"Orb Walker","floor":38,"turns":4},{"damage":21,"enemies":"Writhing Mass","floor":39,"turns":5},{"damage":9,"enemies":"Giant Head","floor":41,"turns":7},{"damage":67,"enemies":"Reptomancer","floor":44,"turns":7}],"seed_played":"8058379485003379896","potions_obtained":[{"floor":1.0,"key":"BloodPotion"},{"floor":4.0,"key":"BloodPotion"},{"floor":11.0,"key":"FearPotion"},{"floor":12.0,"key":"Strength Potion"},{"floor":16.0,"key":"BloodPotion"},{"floor":19,"key":"SkillPotion"},{"floor":22,"key":"Fire Potion"},{"floor":29,"key":"AttackPotion"},{"floor":33,"key":"Swift Potion"},{"floor":39,"key":"SpeedPotion"},{"floor":41,"key":"Poison Potion"}],"is_trial":false,"path_per_floor":["M","?","?","M","M","R","M","R","T","E","M","M","?","M","R","B",null,"M","M","?","$","M","R","?","E","T","M","?","M","R","M","R","B",null,"M","?","$","M","M","R","E","R","T","E"],"character_chosen":"IRONCLAD","items_purchased":["Meat on the Bone","Flex"],"campfire_rested":2,"item_purchase_floors":[21,37],"current_hp_per_floor":[77,66,54,55,53,53,42,42,42,25,16,22,22,24,48,16,64,46,41,41,41,52,52,52,33,33,36,36,29,29,44,68,58,75,55,55,55,54,51,51,48,48,48,0],"gold":290,"neow_bonus":"ONE_RANDOM_RARE_CARD","is_prod":false,"is_daily":false,"chose_seed":false,"campfire_upgraded":6,"win_rate":0,"timestamp":1559259654,"path_taken":["M","?","?","M","M","R","M","R","T","E","M","M","?","M","R","BOSS","M","M","?","$","?","R","?","E","T","M","?","M","R","M","R","BOSS","M","?","$","M","M","R","E","R","T","E"],"build_version":"2019-01-23","purchased_purges":1,"victory":false,"max_hp_per_floor":[80,80,80,80,80,80,80,80,80,80,80,80,80,80,80,80,80,80,80,80,80,80,80,80,80,80,80,80,80,80,80,80,80,80,80,80,80,80,80,80,80,80,80,80],"card_choices":[{"not_picked":["Fire Breathing","Hemokinesis","Body Slam"],"picked":"SKIP","floor":1.0},{"not_picked":["Warcry","Body Slam"],"picked":"Havoc","floor":4.0},{"not_picked":["Power Through","Iron Wave"],"picked":"Demon Form","floor":5.0},{"not_picked":["Warcry","Clash"],"picked":"Flame Barrier","floor":7.0},{"not_picked":["Second Wind","Intimidate"],"picked":"Cleave","floor":10.0},{"not_picked":["Clash","Anger"],"picked":"Headbutt","floor":11.0},{"not_picked":["Twin Strike","Wild Strike"],"picked":"True Grit","floor":12.0},{"not_picked":["Iron Wave","Shrug It Off"],"picked":"Inflame","floor":14.0},{"not_picked":["Bludgeon","Exhume"],"picked":"Immolate","floor":16.0},{"not_picked":["Intimidate","Armaments"],"picked":"Shrug It Off","floor":18},{"not_picked":["Twin Strike","Bloodletting"],"picked":"Shockwave","floor":19},{"not_picked":["Perfected Strike","Shrug It Off+1"],"picked":"Iron Wave+1","floor":22},{"not_picked":["Dropkick","Shrug It Off"],"picked":"Limit Break","floor":25},{"not_picked":["Intimidate","Rupture"],"picked":"Pommel Strike+1","floor":27},{"not_picked":["Rampage","Pommel Strike"],"picked":"Burning Pact","floor":29},{"not_picked":["Brutality","Armaments"],"picked":"True Grit+1","floor":31},{"not_picked":["Bludgeon","Demon Form"],"picked":"Fiend Fire","floor":33},{"not_picked":["Warcry","Sword Boomerang"],"picked":"Sentinel+1","floor":35},{"not_picked":["Warcry+1","Cleave+1"],"picked":"Ghostly Armor+1","floor":38},{"not_picked":["Searing Blow","Thunderclap","Armaments+1"],"picked":"SKIP","floor":39},{"not_picked":["Armaments","Feed"],"picked":"Limit Break","floor":41}],"player_experience":233426,"relics_obtained":[{"floor":9.0,"key":"Centennial Puzzle"},{"floor":10.0,"key":"Thread and Needle"},{"floor":25,"key":"Mercury Hourglass"},{"floor":26,"key":"Smiling Mask"},{"floor":41,"key":"Orichalcum"},{"floor":43,"key":"Juzu Bracelet"}],"event_choices":[{"damage_healed":0.0,"max_hp_gain":0.0,"max_hp_loss":0.0,"gold_gain":75.0,"event_name":"World of Goop","player_choice":"Gather Gold","floor":2.0,"gold_loss":0.0,"damage_taken":11.0},{"damage_healed":0.0,"max_hp_gain":0.0,"max_hp_loss":0.0,"gold_gain":0.0,"event_name":"Scrap Ooze","player_choice":"Success","floor":3.0,"gold_loss":0.0,"damage_taken":12.0,"relics_obtained":["Vajra"]},{"damage_healed":0.0,"max_hp_gain":0.0,"max_hp_loss":0.0,"gold_gain":0.0,"event_name":"WeMeetAgain","player_choice":"Paid Gold","floor":13.0,"gold_loss":82.0,"damage_taken":0.0,"relics_obtained":["Sundial"]},{"damage_healed":0,"gold_gain":0,"player_choice":"Traded Relic","damage_taken":0,"relics_obtained":["Nloth\u0027s Gift"],"max_hp_gain":0,"max_hp_loss":0,"event_name":"N\u0027loth","floor":20,"relics_lost":["Astrolabe"],"gold_loss":0},{"damage_healed":0,"gold_gain":0,"player_choice":"Obtained Relic","damage_taken":0,"relics_obtained":["Bag of Preparation"],"max_hp_gain":0,"max_hp_loss":0,"event_name":"Addict","floor":24,"gold_loss":85},{"damage_healed":0,"gold_gain":0,"player_choice":"Cursed","damage_taken":0,"max_hp_gain":0,"max_hp_loss":0,"event_name":"Wheel of Change","floor":28,"gold_loss":0,"cards_obtained":["Decay"]},{"damage_healed":0,"gold_gain":0,"cards_transformed":["Strike_R"],"player_choice":"Transformed","damage_taken":0,"max_hp_gain":0,"max_hp_loss":0,"event_name":"Transmorgrifier","floor":36,"gold_loss":0,"cards_obtained":["True Grit"]}],"is_beta":false,"boss_relics":[{"not_picked":["Tiny House","Sozu"],"picked":"Astrolabe"},{"not_picked":["Black Star","Philosopher\u0027s Stone"],"picked":"Velvet Choker"}],"items_purged_floors":[21],"is_endless":false,"potions_floor_spawned":[1,4,11,12,16,19,22,29,33,39,41],"killed_by":"Reptomancer","ascension_level":5}