{"gold_per_floor":[115,115,126,201,215,215,246,256,256,256,256,288,288,20,20,117,117,133,133,146,146,164,164,164],"floor_reached":24,"playtime":924,"items_purged":["Strike_R"],"score":296,"play_id":"8eeec278-c770-4a89-a9c3-b6b41808b9ed","local_time":"20190622163237","is_ascension_mode":true,"campfire_choices":[{"data":"Rage","floor":6.0,"key":"SMITH"},{"data":"Demon Form","floor":10.0,"key":"SMITH"},{"floor":13.0,"key":"DIG"},{"data":"Heavy Blade","floor":15.0,"key":"SMITH"},{"floor":23,"key":"REST"}],"neow_cost":"NONE","seed_source_timestamp":248373854502038,"circlet_count":0,"master_deck":["Strike_R","Strike_R","Strike_R","Defend_R","Defend_R","Defend_R","Defend_R","Bash","Clothesline","Shrug It Off","Rage+1","Demon Form+1","Sword Boomerang","Headbutt","Heavy Blade+1","Impervious","Armaments+1","Iron Wave","Body Slam"],"special_seed":0,"relics":["Burning Blood","NeowsBlessing","Self Forming Clay","Bird Faced Urn","StoneCalendar","Shovel","Blue Candle","Bag of Preparation","Runic Cube","Question Card","Enchiridion"],"potions_floor_usage":[16,22,24],"damage_taken":[{"damage":0.0,"enemies":"Jaw Worm","floor":1.0,"turns":1.0},{"damage":0.0,"enemies":"Small Slimes","floor":3.0,"turns":1.0},{"damage":0.0,"enemies":"Cultist","floor":5.0,"turns":1.0},{"damage":32.0,"enemies":"Lagavulin","floor":7.0,"turns":7.0},{"damage":0.0,"enemies":"Large Slime","floor":8.0,"turns":5.0},{"damage":11.0,"enemies":"Gremlin Nob","floor":12.0,"turns":4.0},{"damage":14,"enemies":"Slime Boss","floor":16,"turns":7},{"damage":26,"enemies":"2 Thieves","floor":18,"turns":4},{"damage":21,"enemies":"Spheric Guardian","floor":20,"turns":5},{"damage":19,"enemies":"Centurion and Healer","floor":22,"turns":7},{"damage":50,"enemies":"Book of Stabbing","floor":24,"turns":6}],"seed_played":"-3502302171889506333","potions_obtained":[{"floor":1.0,"key":"Ancient Potion"},{"floor":7.0,"key":"Fruit Juice"},{"floor":8.0,"key":"Dexterity Potion"},{"floor":12.0,"key":"Poison Potion"},{"floor":18,"key":"Strength Potion"}],"is_trial":false,"path_per_floor":["M","?","M","?","M","R","E","M","T","R","?","E","R","$","R","B",null,"M","T","M","?","M","R","E"],"character_chosen":"IRONCLAD","items_purchased":["Bag of Preparation","Heavy Blade"],"campfire_rested":1,"item_purchase_floors":[14,14],"current_hp_per_floor":[78,66,72,61,67,67,41,49,49,54,54,51,51,51,51,45,75,57,57,44,28,19,44,0],"gold":164,"neow_bonus":"THREE_ENEMY_KILL","is_prod":false,"is_daily":false,"chose_seed":false,"campfire_upgraded":3,"win_rate":0,"timestamp":1561239157,"path_taken":["M","?","M","?","M","R","E","M","T","R","?","E","R","$","R","BOSS","M","?","M","?","M","R","E"],"build_version":"2019-01-23","purchased_purges":1,"victory":false,"max_hp_per_floor":[80,80,80,80,80,80,80,80,80,85,85,85,85,85,85,85,85,85,85,85,85,85,85,85],"card_choices":[{"not_picked":["Wild Strike","Pommel Strike"],"picked":"Clothesline","floor":1.0},{"not_picked":["Dropkick","Seeing Red"],"picked":"Shrug It Off","floor":3.0},{"not_picked":["Flex","Second Wind"],"picked":"Rage","floor":5.0},{"not_picked":["Warcry","Inflame"],"picked":"Demon Form","floor":7.0},{"not_picked":["Blood for Blood","Thunderclap"],"picked":"Sword Boomerang","floor":8.0},{"not_picked":["Armaments","Warcry"],"picked":"Headbutt","floor":12.0},{"not_picked":["Exhume","Berserk"],"picked":"Impervious","floor":16},{"not_picked":["Cleave","Headbutt+1"],"picked":"Armaments+1","floor":18},{"not_picked":["Rampage","Dual Wield","True Grit"],"picked":"Iron Wave","floor":20},{"not_picked":["Pommel Strike","Anger","Bloodletting"],"picked":"Body Slam","floor":22}],"player_experience":367713,"relics_obtained":[{"floor":7.0,"key":"Bird Faced Urn"},{"floor":9.0,"key":"StoneCalendar"},{"floor":12.0,"key":"Shovel"},{"floor":13.0,"key":"Blue Candle"},{"floor":19,"key":"Question Card"},{"floor":21,"key":"Enchiridion"}],"event_choices":[{"damage_healed":0.0,"max_hp_gain":0.0,"max_hp_loss":0.0,"gold_gain":0.0,"event_name":"Scrap Ooze","player_choice":"Success","floor":2.0,"gold_loss":0.0,"damage_taken":12.0,"relics_obtained":["Self Forming Clay"]},{"damage_healed":0.0,"max_hp_gain":0.0,"max_hp_loss":0.0,"gold_gain":75.0,"event_name":"World of Goop","player_choice":"Gather Gold","floor":4.0,"gold_loss":0.0,"damage_taken":11.0},{"cards_removed":["Strike_R"],"damage_healed":0.0,"max_hp_gain":0.0,"max_hp_loss":0.0,"gold_gain":0.0,"event_name":"Purifier","player_choice":"Purged","floor":11.0,"gold_loss":0.0,"damage_taken":0.0},{"damage_healed":0,"gold_gain":0,"player_choice":"Obtained Book","damage_taken":16,"max_hp_gain":0,"max_hp_loss":0,"event_name":"Cursed Tome","floor":21,"gold_loss":0}],"is_beta":false,"boss_relics":[{"not_picked":["Tiny House","Lizard Tail"],"picked":"Runic Cube"}],"items_purged_floors":[14],"is_endless":false,"potions_floor_spawned":[1,7,8,12,18],"killed_by":"Book of Stabbing","ascension_level":9}