{"gold_per_floor":[113,129,144,17,37,66,66,94,94,94,109,138,138,213,213,309,309,327,341,358,457,468,468,502,514],"floor_reached":25,"playtime":1786,"items_purged":["Strike_B"],"score":243,"play_id":"9408d02b-bf79-430a-871b-8215ca9b2fb4","local_time":"20180902192600","is_ascension_mode":false,"campfire_choices":[{"data":"Dualcast","floor":7,"key":"SMITH"},{"data":"Zap","floor":10,"key":"SMITH"},{"floor":13,"key":"REST"},{"floor":15,"key":"REST"},{"data":"Loop","floor":23,"key":"SMITH"}],"neow_cost":"TEN_PERCENT_HP_LOSS","seed_source_timestamp":1566879502283798,"circlet_count":0,"master_deck":["Strike_B","Defend_B","Defend_B","Defend_B","Defend_B","Zap+1","Dualcast+1","Cold Snap","Ball Lightning","Loop+1","Conserve Battery","Barrage","Machine Learning","Leap","Electrodynamics","Steam+1","Leap+1","White Noise+1"],"relics":["Cracked Core","Gambling Chip","Bronze Scales","Juzu Bracelet","Bottled Lightning","Question Card","Empty Cage","MawBank"],"potions_floor_usage":[12,16,16,19,24,24],"damage_taken":[{"damage":0,"enemies":"Jaw Worm","floor":1,"turns":3},{"damage":3,"enemies":"Small Slimes","floor":2,"turns":4},{"damage":0,"enemies":"2 Louse","floor":3,"turns":2},{"damage":4,"enemies":"Large Slime","floor":5,"turns":7},{"damage":12,"enemies":"3 Sentries","floor":6,"turns":6},{"damage":21,"enemies":"Gremlin Nob","floor":8,"turns":4},{"damage":4,"enemies":"3 Louse","floor":11,"turns":3},{"damage":18,"enemies":"Lagavulin","floor":12,"turns":5},{"damage":20,"enemies":"Hexaghost","floor":16,"turns":6},{"damage":8,"enemies":"2 Thieves","floor":18,"turns":2},{"damage":2,"enemies":"3 Byrds","floor":19,"turns":4},{"damage":4,"enemies":"Centurion and Healer","floor":20,"turns":5},{"damage":21,"enemies":"Sentry and Sphere","floor":22,"turns":5},{"damage":23,"enemies":"Slavers","floor":24,"turns":2},{"damage":13,"enemies":"Snake Plant","floor":25,"turns":2}],"seed_played":"5546549669215577040","potions_obtained":[{"floor":3,"key":"EssenceOfSteel"},{"floor":8,"key":"FearPotion"},{"floor":11,"key":"PowerPotion"},{"floor":16,"key":"Weak Potion"},{"floor":18,"key":"SpeedPotion"},{"floor":19,"key":"FocusPotion"},{"floor":24,"key":"SteroidPotion"}],"is_trial":false,"path_per_floor":["M","M","M","$","M","E","R","E","T","R","M","E","R","?","R","B",null,"M","M","M","?","M","R","E"],"character_chosen":"DEFECT","items_purchased":["Conserve Battery"],"campfire_rested":2,"item_purchase_floors":[4],"current_hp_per_floor":[68,65,65,65,61,49,49,28,28,28,24,6,26,15,35,15,68,60,58,54,54,33,33,10,0],"gold":514,"neow_bonus":"ONE_RARE_RELIC","is_prod":false,"is_daily":false,"chose_seed":false,"campfire_upgraded":3,"win_rate":0.0,"timestamp":1535937960,"path_taken":["M","M","M","$","M","E","R","E","T","R","M","E","R","?","R","BOSS","M","M","M","?","M","R","E","M"],"build_version":"2018-08-30","purchased_purges":1,"victory":false,"max_hp_per_floor":[68,68,68,68,68,68,68,68,68,68,68,68,68,68,68,68,68,68,68,68,68,68,68,68,68],"card_choices":[{"not_picked":["Hologram","BootSequence"],"picked":"Cold Snap","floor":1},{"not_picked":["Stack","Steam"],"picked":"Ball Lightning","floor":2},{"not_picked":["Streamline","Scrape"],"picked":"Loop","floor":3},{"not_picked":["Beam Cell","Double Energy"],"picked":"Barrage","floor":5},{"not_picked":["Steam Power","Barrage"],"picked":"Machine Learning","floor":6},{"not_picked":["Cold Snap","Go for the Eyes","Chaos"],"picked":"SKIP","floor":8},{"not_picked":["Hologram","Lockon"],"picked":"Leap","floor":11},{"not_picked":["Beam Cell","Stack","Doom and Gloom"],"picked":"SKIP","floor":12},{"not_picked":["Reboot","Biased Cognition","Thunder Strike"],"picked":"Electrodynamics","floor":16},{"not_picked":["Aggregate","Go for the Eyes+1","Sweeping Beam","Compile Driver"],"picked":"SKIP","floor":18},{"not_picked":["Hologram+1","Sweeping Beam","Compile Driver+1"],"picked":"Steam+1","floor":19},{"not_picked":["Conserve Battery","Streamline","Coolheaded"],"picked":"Leap+1","floor":20},{"not_picked":["Redo","Fission","Coolheaded"],"picked":"White Noise+1","floor":22},{"not_picked":["Heatsinks","Fusion","Doom and Gloom","Compile Driver"],"picked":"SKIP","floor":24}],"player_experience":61450,"relics_obtained":[{"floor":6,"key":"Bronze Scales"},{"floor":8,"key":"Juzu Bracelet"},{"floor":9,"key":"Bottled Lightning"},{"floor":12,"key":"Question Card"},{"floor":24,"key":"MawBank"}],"event_choices":[{"event_name":"World of Goop","player_choice":"Gather Gold","floor":14,"damage_taken":0},{"event_name":"Nest","player_choice":"Stole From Cult","floor":21,"damage_taken":0}],"is_beta":true,"boss_relics":[{"not_picked":["Calling Bell","Sozu"],"picked":"Empty Cage"}],"items_purged_floors":[4],"is_endless":false,"potions_floor_spawned":[3,8,11,16,18,19,24],"killed_by":"Snake Plant","ascension_level":0}