{"gold_per_floor":[369,369,381,7,25,25,25,59,59,69,39],"floor_reached":11,"playtime":433,"items_purged":["Regret"],"score":127,"play_id":"2a467385-53df-4851-be4b-ffcf55d03436","local_time":"20190616012045","is_ascension_mode":true,"campfire_choices":[{"data":"Metallicize","floor":6,"key":"SMITH"}],"neow_cost":"CURSE","seed_source_timestamp":58383459025406,"circlet_count":0,"master_deck":["Strike_R","Strike_R","Strike_R","Strike_R+1","Strike_R","Defend_R","Defend_R","Defend_R","Defend_R","Bash","Doubt","Metallicize+1","Headbutt","Pummel","Rampage+1","Iron Wave","True Grit"],"relics":["Burning Blood","Pear","Shuriken","Strawberry","Bottled Flame"],"potions_floor_usage":[8,11],"damage_taken":[{"damage":13,"enemies":"Jaw Worm","floor":1,"turns":4},{"damage":10,"enemies":"2 Louse","floor":3,"turns":3},{"damage":10,"enemies":"Small Slimes","floor":5,"turns":5},{"damage":42,"enemies":"Lagavulin","floor":8,"turns":7},{"damage":2,"enemies":"Gremlin Gang","floor":10,"turns":6},{"damage":24,"enemies":"Exordium Thugs","floor":11,"turns":2}],"seed_played":"7443008651356007126","potions_obtained":[{"floor":3,"key":"Swift Potion"},{"floor":8,"key":"Strength Potion"}],"is_trial":false,"path_per_floor":["M","?","M","$","M","R","?","E","T","M","M"],"character_chosen":"IRONCLAD","items_purchased":["Shuriken","Pummel"],"campfire_rested":0,"item_purchase_floors":[4,4],"current_hp_per_floor":[65,75,71,71,67,67,49,20,20,24,0],"gold":39,"neow_bonus":"TWO_FIFTY_GOLD","is_prod":false,"is_daily":false,"chose_seed":false,"campfire_upgraded":1,"win_rate":0,"timestamp":1560666045,"path_taken":["M","?","M","$","M","R","?","E","T","M","M"],"build_version":"2019-01-23","purchased_purges":1,"victory":false,"max_hp_per_floor":[80,90,90,90,90,90,90,97,97,97,97],"card_choices":[{"not_picked":["Seeing Red","Body Slam"],"picked":"Metallicize","floor":1},{"not_picked":["Warcry","Heavy Blade"],"picked":"Headbutt","floor":3},{"not_picked":["Warcry","Rampage","Clash"],"picked":"SKIP","floor":5},{"not_picked":["Warcry","Clash"],"picked":"Rampage","floor":5},{"not_picked":["Pummel","Reckless Charge"],"picked":"Iron Wave","floor":8},{"not_picked":["Searing Blow","Havoc"],"picked":"True Grit","floor":10}],"player_experience":342857,"relics_obtained":[{"floor":8,"key":"Strawberry"},{"floor":9,"key":"Bottled Flame"}],"event_choices":[{"damage_healed":0,"gold_gain":0,"player_choice":"Box","damage_taken":0,"relics_obtained":["Pear"],"max_hp_gain":0,"max_hp_loss":0,"event_name":"Big Fish","floor":2,"gold_loss":0,"cards_obtained":["Regret"]},{"damage_healed":0,"gold_gain":0,"player_choice":"Entered Light","damage_taken":18,"max_hp_gain":0,"max_hp_loss":0,"event_name":"Shining Light","floor":7,"gold_loss":0,"cards_upgraded":["Strike_R","Rampage"]}],"is_beta":false,"boss_relics":[],"items_purged_floors":[4],"is_endless":false,"potions_floor_spawned":[3,8],"killed_by":"Exordium Thugs","ascension_level":8}