{"gold_per_floor":[110,129,129,5,22,38,57,88,112,112],"floor_reached":10,"playtime":344,"items_purged":["Strike_R"],"score":123,"play_id":"0e8e6b36-9d5d-4295-ab85-2ed27c275a33","local_time":"20190701195551","is_ascension_mode":true,"campfire_choices":[],"neow_cost":"NONE","seed_source_timestamp":281541484842719,"circlet_count":0,"master_deck":["AscendersBane","Strike_R","Strike_R+1","Strike_R","Defend_R","Defend_R","Defend_R","Defend_R","Bash+1","Battle Trance","Rampage","Pummel","True Grit","Power Through","Headbutt"],"relics":["Burning Blood","NeowsBlessing","Shuriken","Whetstone"],"potions_floor_usage":[8,10],"damage_taken":[{"damage":0,"enemies":"2 Louse","floor":1,"turns":1},{"damage":0,"enemies":"Cultist","floor":2,"turns":1},{"damage":0,"enemies":"Small Slimes","floor":5,"turns":1},{"damage":12,"enemies":"Looter","floor":6,"turns":4},{"damage":11,"enemies":"Large Slime","floor":7,"turns":4},{"damage":33,"enemies":"3 Sentries","floor":8,"turns":9},{"damage":38,"enemies":"Gremlin Nob","floor":10,"turns":3}],"seed_played":"2120608546669889924","potions_obtained":[{"floor":2,"key":"SkillPotion"},{"floor":8,"key":"LiquidBronze"}],"is_trial":false,"path_per_floor":["M","M","?","$","M","M","M","E","T","E"],"character_chosen":"IRONCLAD","items_purchased":["AttackPotion"],"campfire_rested":0,"item_purchase_floors":[4],"current_hp_per_floor":[74,75,75,75,75,69,64,37,37,0],"gold":112,"neow_bonus":"THREE_ENEMY_KILL","is_prod":false,"is_daily":false,"chose_seed":false,"campfire_upgraded":0,"win_rate":0,"timestamp":1562028951,"path_taken":["M","M","?","?","M","M","M","E","T","E"],"build_version":"2019-07-01","purchased_purges":1,"victory":false,"max_hp_per_floor":[75,75,75,75,75,75,75,75,75,75],"card_choices":[{"not_picked":["Perfected Strike","Warcry"],"picked":"Battle Trance","floor":1},{"not_picked":["Armaments","Heavy Blade"],"picked":"Rampage","floor":2},{"not_picked":["Clash","Searing Blow"],"picked":"Pummel","floor":5},{"not_picked":["Clash","Havoc"],"picked":"True Grit","floor":6},{"not_picked":["Feel No Pain","Pommel Strike"],"picked":"Power Through","floor":7},{"not_picked":["Pummel","Brutality"],"picked":"Headbutt","floor":8}],"player_experience":430753,"relics_obtained":[{"floor":8,"key":"Shuriken"},{"floor":9,"key":"Whetstone"}],"event_choices":[{"cards_removed":["Strike_R"],"damage_healed":0,"gold_gain":0,"player_choice":"Offered Basic","damage_taken":0,"max_hp_gain":0,"max_hp_loss":0,"event_name":"Bonfire Elementals","floor":3,"gold_loss":0}],"is_beta":false,"boss_relics":[],"items_purged_floors":[4],"is_endless":false,"potions_floor_spawned":[2,5,8],"killed_by":"Gremlin Nob","ascension_level":15}