{"gold_per_floor":[116,41,41,5,17,17,30,30,30,104,143,143,174,174,174,174],"floor_reached":16,"playtime":544,"items_purged":["Strike_R"],"score":154,"play_id":"9a37f6fc-fa3e-4203-8861-cb3c42aef39c","local_time":"20190622164951","is_ascension_mode":true,"campfire_choices":[{"data":"Inflame","floor":6,"key":"SMITH"},{"floor":12,"key":"REST"},{"floor":15,"key":"REST"}],"neow_cost":"NONE","seed_source_timestamp":249835618305711,"circlet_count":0,"master_deck":["Strike_R","Strike_R","Strike_R","Defend_R","Defend_R","Defend_R","Defend_R","Bash","Clothesline","Inflame+1","Cleave","Second Wind","Power Through","Sentinel","Regret"],"relics":["Burning Blood","NeowsBlessing","Golden Idol","Centennial Puzzle","Blue Candle","Happy Flower","Meat on the Bone","The Courier"],"potions_floor_usage":[11,16],"damage_taken":[{"damage":0,"enemies":"Small Slimes","floor":1,"turns":1},{"damage":0,"enemies":"Cultist","floor":5,"turns":1},{"damage":0,"enemies":"2 Louse","floor":7,"turns":1},{"damage":38,"enemies":"Lagavulin Event","floor":10,"turns":6},{"damage":10,"enemies":"Lagavulin","floor":11,"turns":6},{"damage":35,"enemies":"3 Sentries","floor":13,"turns":11},{"damage":43,"enemies":"Hexaghost","floor":16,"turns":12}],"seed_played":"-3547095423445443329","potions_obtained":[{"floor":5,"key":"GamblersBrew"},{"floor":13,"key":"FearPotion"}],"is_trial":false,"path_per_floor":["M","$","?","$","M","R","M","?","T","?","E","R","E","?","R","B"],"character_chosen":"IRONCLAD","items_purchased":["Inflame"],"campfire_rested":2,"item_purchase_floors":[4],"current_hp_per_floor":[78,78,78,78,80,80,80,60,60,28,24,48,19,19,43,0],"gold":174,"neow_bonus":"THREE_ENEMY_KILL","is_prod":false,"is_daily":false,"chose_seed":false,"campfire_upgraded":1,"win_rate":0,"timestamp":1561240191,"path_taken":["M","$","?","$","M","R","?","?","T","?","E","R","E","?","R","BOSS"],"build_version":"2019-01-23","purchased_purges":1,"victory":false,"max_hp_per_floor":[80,80,80,80,80,80,80,80,80,80,80,80,80,80,80,80],"card_choices":[{"not_picked":["Pummel","Sword Boomerang"],"picked":"Clothesline","floor":1},{"not_picked":["Twin Strike","Clash"],"picked":"Cleave","floor":5},{"not_picked":["Body Slam","Iron Wave"],"picked":"Second Wind","floor":7},{"not_picked":["Wild Strike","Clothesline"],"picked":"Power Through","floor":11},{"not_picked":["Bloodletting","Sever Soul"],"picked":"Sentinel","floor":13}],"player_experience":369105,"relics_obtained":[{"floor":9,"key":"Centennial Puzzle"},{"floor":11,"key":"Happy Flower"},{"floor":13,"key":"Meat on the Bone"}],"event_choices":[{"cards_removed":["Strike_R"],"damage_healed":0,"gold_gain":0,"player_choice":"Purged","damage_taken":0,"max_hp_gain":0,"max_hp_loss":0,"event_name":"Purifier","floor":3,"gold_loss":0},{"damage_healed":0,"gold_gain":0,"player_choice":"Take Damage","damage_taken":20,"relics_obtained":["Golden Idol"],"max_hp_gain":0,"max_hp_loss":0,"event_name":"Golden Idol","floor":8,"gold_loss":0},{"damage_healed":0,"gold_gain":0,"player_choice":"Searched \u00272\u0027 times","damage_taken":0,"relics_obtained":["Blue Candle"],"max_hp_gain":0,"max_hp_loss":0,"event_name":"Dead Adventurer","floor":10,"gold_loss":0},{"damage_healed":0,"gold_gain":0,"player_choice":"Box","damage_taken":0,"relics_obtained":["The Courier"],"max_hp_gain":0,"max_hp_loss":0,"event_name":"Big Fish","floor":14,"gold_loss":0,"cards_obtained":["Regret"]}],"is_beta":false,"boss_relics":[],"items_purged_floors":[2],"is_endless":false,"potions_floor_spawned":[5,13],"killed_by":"Hexaghost","ascension_level":9}