{"gold_per_floor":[114,30,30,46,46,46,71,71,153,153,153,170,170,186,186,257,257,277,67,67,0,0,0,16,35,116,36,54,54,64,64,64,64],"floor_reached":33,"playtime":983,"items_purged":[],"score":536,"play_id":"047e3bfb-3fb5-49ca-bb61-e1dae0d01899","local_time":"20190803211206","is_ascension_mode":true,"campfire_choices":[{"data":"Dualcast","floor":6.0,"key":"SMITH"},{"data":"Glacier","floor":11.0,"key":"SMITH"},{"floor":13.0,"key":"REST"},{"data":"Defragment","floor":15.0,"key":"SMITH"},{"data":"Go for the Eyes","floor":23.0,"key":"SMITH"},{"floor":29.0,"key":"REST"},{"floor":32,"key":"REST"}],"neow_cost":"NONE","seed_source_timestamp":1038808683042900,"circlet_count":0,"master_deck":["AscendersBane","Strike_B+1","Strike_B+1","Strike_B+1","Strike_B+1","Defend_B+1","Defend_B+1","Defend_B+1","Defend_B+1","Zap+1","Dualcast+1","Ball Lightning","Glacier+1","Leap","Blizzard+1","Go for the Eyes+1","Defragment+1","Reboot+1","Glacier+1","Leap+1","Cold Snap","Defragment","BootSequence+1"],"special_seed":0,"relics":["Cracked Core","NeowsBlessing","Toxic Egg 2","Tiny Chest","Lizard Tail","Toolbox","Sundial"],"potions_floor_usage":[30],"damage_taken":[{"damage":0.0,"enemies":"2 Louse","floor":1.0,"turns":1.0},{"damage":0.0,"enemies":"Cultist","floor":4.0,"turns":1.0},{"damage":0.0,"enemies":"Gremlin Nob","floor":7.0,"turns":1.0},{"damage":0.0,"enemies":"Small Slimes","floor":12.0,"turns":2.0},{"damage":5.0,"enemies":"Exordium Wildlife","floor":14.0,"turns":5.0},{"damage":31.0,"enemies":"Hexaghost","floor":16.0,"turns":12.0},{"damage":4.0,"enemies":"Shell Parasite","floor":18.0,"turns":8.0},{"damage":3.0,"enemies":"3 Byrds","floor":24.0,"turns":8.0},{"damage":5.0,"enemies":"Cultist and Chosen","floor":25.0,"turns":6.0},{"damage":7.0,"enemies":"Centurion and Healer","floor":28.0,"turns":9.0},{"damage":17,"enemies":"Chosen and Byrds","floor":30,"turns":6},{"damage":107,"enemies":"Automaton","floor":33,"turns":12}],"seed_played":"5816232725252939384","potions_obtained":[{"floor":1.0,"key":"SpeedPotion"},{"floor":4.0,"key":"FocusPotion"},{"floor":7.0,"key":"FocusPotion"}],"is_trial":false,"path_per_floor":["M","$","?","M","$","R","E","?","T","$","R","M","R","M","R","B",null,"M","$","?","?","?","R","M","M","T","$","M","R","M","?","R","B"],"character_chosen":"DEFECT","items_purchased":["Glacier","Toolbox","Defragment"],"campfire_rested":3,"item_purchase_floors":[2,19,27],"current_hp_per_floor":[64,64,43,43,43,43,43,43,43,43,43,43,64,59,59,28,60,56,56,56,56,56,56,53,48,48,48,41,62,45,25,47,0],"gold":64,"neow_bonus":"THREE_ENEMY_KILL","is_prod":false,"is_daily":false,"chose_seed":false,"campfire_upgraded":4,"win_rate":0,"timestamp":1564859526,"path_taken":["M","$","?","M","$","R","E","?","T","$","R","?","R","M","R","BOSS","M","$","?","?","?","R","M","M","T","$","M","R","?","?","R","BOSS"],"build_version":"2019-07-17","purchased_purges":0,"victory":false,"max_hp_per_floor":[71,71,71,71,71,71,71,71,71,71,71,71,71,71,71,71,71,71,71,71,71,71,71,71,71,71,71,71,71,71,76,76,76],"card_choices":[{"not_picked":["Recycle","Force Field"],"picked":"Ball Lightning","floor":1.0},{"not_picked":["Steam","Rebound"],"picked":"Leap","floor":4.0},{"not_picked":["Barrage","Skim"],"picked":"Blizzard","floor":7.0},{"not_picked":["Hologram+1","Streamline"],"picked":"Go for the Eyes","floor":12.0},{"not_picked":["Steam+1","Lockon"],"picked":"Defragment","floor":14.0},{"not_picked":["Meteor Strike","Amplify+1"],"picked":"Reboot+1","floor":16.0},{"not_picked":["Streamline+1","Gash"],"picked":"Glacier+1","floor":18.0},{"not_picked":["Streamline","Melter"],"picked":"Leap+1","floor":24.0},{"not_picked":["Go for the Eyes","Force Field+1"],"picked":"Cold Snap","floor":25.0},{"not_picked":["Stack+1","Cold Snap"],"picked":"BootSequence+1","floor":28.0},{"not_picked":["Gash","Storm","Loop"],"picked":"SKIP","floor":30}],"player_experience":409116,"relics_obtained":[{"floor":7.0,"key":"Toxic Egg 2"},{"floor":9.0,"key":"Tiny Chest"},{"floor":26.0,"key":"Sundial"}],"event_choices":[{"damage_healed":0.0,"max_hp_gain":0.0,"max_hp_loss":0.0,"gold_gain":0.0,"event_name":"Shining Light","player_choice":"Entered Light","floor":3.0,"gold_loss":0.0,"damage_taken":21.0,"cards_upgraded":["Defend_B","Zap"]},{"damage_healed":0.0,"max_hp_gain":0.0,"max_hp_loss":0.0,"gold_gain":0.0,"event_name":"Accursed Blacksmith","player_choice":"Forge","floor":8.0,"gold_loss":0.0,"damage_taken":0.0,"cards_upgraded":["Blizzard"]},{"damage_healed":0.0,"max_hp_gain":0.0,"max_hp_loss":0.0,"gold_gain":0.0,"event_name":"Vampires","player_choice":"Ignored","floor":20.0,"gold_loss":0.0,"damage_taken":0.0},{"damage_healed":0.0,"max_hp_gain":0.0,"max_hp_loss":0.0,"gold_gain":0.0,"event_name":"Masked Bandits","player_choice":"Paid Fearfully","floor":21.0,"gold_loss":67.0,"damage_taken":0.0},{"damage_healed":0.0,"max_hp_gain":0.0,"max_hp_loss":0.0,"gold_gain":0.0,"event_name":"Back to Basics","player_choice":"Simplicity","floor":22.0,"gold_loss":0.0,"damage_taken":0.0,"cards_upgraded":["Strike_B","Strike_B","Strike_B","Strike_B","Defend_B","Defend_B","Defend_B"]},{"damage_healed":0,"gold_gain":0,"player_choice":"Shed Blood","damage_taken":25,"max_hp_gain":5,"max_hp_loss":0,"event_name":"Forgotten Altar","floor":31,"gold_loss":0}],"is_beta":false,"boss_relics":[{"not_picked":["Philosopher\u0027s Stone","Cursed Key"],"picked":"Lizard Tail"}],"items_purged_floors":[],"is_endless":false,"potions_floor_spawned":[1,4,7,24],"killed_by":"Automaton","ascension_level":20}