{"gold_per_floor":[218,235,310,323,338,338,355,355,355,371,2,35,53,72,72,172,172,186,201,201,218,218,218,218,252,252,252,281,281,153,167,167,267,267,283,283,283,297,311,311,329,329],"floor_reached":42,"playtime":2623,"items_purged":["Strike_R"],"score":584,"play_id":"c9a048e1-74af-4b25-b5cf-a092a7bde02a","local_time":"20190530194033","is_ascension_mode":true,"campfire_choices":[{"data":"Pummel","floor":6.0,"key":"SMITH"},{"data":"Cleave","floor":8.0,"key":"SMITH"},{"data":"Bash","floor":15.0,"key":"SMITH"},{"data":"Reaper","floor":23.0,"key":"SMITH"},{"data":"Power Through","floor":24.0,"key":"SMITH"},{"data":"Thunderclap","floor":27,"key":"SMITH"},{"data":"Reaper","floor":29,"key":"SMITH"},{"floor":32,"key":"REST"},{"data":"Barricade","floor":40,"key":"SMITH"}],"neow_cost":"NONE","seed_source_timestamp":525027632160060,"circlet_count":0,"master_deck":["Strike_R","Strike_R","Strike_R","Defend_R","Defend_R","Defend_R","Defend_R","Bash+1","Pommel Strike","Battle Trance","Pummel+1","Thunderclap+1","Cleave+1","Pommel Strike","Shrug It Off","Shrug It Off","True Grit","Reaper+1","Feel No Pain","Power Through+1","Anger+1","Reaper+1","Impervious","Barricade+1","Shrug It Off","Headbutt","Fiend Fire","Headbutt+1","Master of Strategy","Battle Trance+1","Burning Pact+1","Body Slam"],"special_seed":0,"relics":["Burning Blood","Omamori","Membership Card","WingedGreaves","Red Skull","Velvet Choker","Nunchaku","Self Forming Clay","Letter Opener","Bag of Marbles","Cursed Key"],"potions_floor_usage":[28,33,33],"damage_taken":[{"damage":9.0,"enemies":"Jaw Worm","floor":1.0,"turns":4.0},{"damage":1.0,"enemies":"Cultist","floor":2.0,"turns":4.0},{"damage":3.0,"enemies":"2 Louse","floor":4.0,"turns":3.0},{"damage":7.0,"enemies":"Large Slime","floor":5.0,"turns":5.0},{"damage":17.0,"enemies":"Exordium Thugs","floor":7.0,"turns":5.0},{"damage":1.0,"enemies":"2 Fungi Beasts","floor":10.0,"turns":2.0},{"damage":8.0,"enemies":"Gremlin Nob","floor":12.0,"turns":3.0},{"damage":14.0,"enemies":"Looter","floor":13.0,"turns":3.0},{"damage":24.0,"enemies":"Exordium Thugs","floor":14.0,"turns":6.0},{"damage":24.0,"enemies":"Hexaghost","floor":16.0,"turns":9.0},{"damage":14.0,"enemies":"3 Byrds","floor":18.0,"turns":5.0},{"damage":20.0,"enemies":"2 Thieves","floor":19.0,"turns":4.0},{"damage":28.0,"enemies":"Snake Plant","floor":21.0,"turns":7.0},{"damage":35,"enemies":"Slavers","floor":25,"turns":4},{"damage":32,"enemies":"Book of Stabbing","floor":28,"turns":6},{"damage":0,"enemies":"Snecko","floor":31,"turns":3},{"damage":37,"enemies":"Collector","floor":33,"turns":13},{"damage":32,"enemies":"3 Darklings","floor":35,"turns":5},{"damage":7,"enemies":"Orb Walker","floor":38,"turns":4},{"damage":20,"enemies":"Spire Growth","floor":39,"turns":4},{"damage":8,"enemies":"4 Shapes","floor":41,"turns":5},{"damage":114,"enemies":"Giant Head","floor":42,"turns":9}],"seed_played":"-4881299181076693225","potions_obtained":[{"floor":2.0,"key":"BloodPotion"},{"floor":12.0,"key":"SteroidPotion"},{"floor":16.0,"key":"Weak Potion"},{"floor":18.0,"key":"Block Potion"},{"floor":19.0,"key":"Block Potion"},{"floor":25,"key":"FearPotion"},{"floor":28,"key":"Block Potion"},{"floor":35,"key":"Fire Potion"},{"floor":41,"key":"FearPotion"}],"is_trial":false,"path_per_floor":["M","M","?","M","M","R","M","R","T","M","$","E","M","M","R","B",null,"M","M","?","M","T","R","R","E","T","R","E","R","$","M","R","B",null,"M","?","?","M","M","R","M","E"],"character_chosen":"IRONCLAD","items_purchased":["Membership Card","WingedGreaves","Fire Potion","Barricade","Shrug It Off","Strength Potion"],"campfire_rested":1,"item_purchase_floors":[11,11,11,30,30,30],"current_hp_per_floor":[77,80,69,72,71,71,60,60,60,65,65,63,55,37,37,27,67,71,57,57,42,42,42,42,29,29,29,25,25,25,43,67,49,72,55,55,55,54,54,54,62,0],"gold":329,"neow_bonus":"HUNDRED_GOLD","is_prod":false,"is_daily":false,"chose_seed":false,"campfire_upgraded":8,"win_rate":0,"timestamp":1559263233,"path_taken":["M","M","?","M","M","R","M","R","T","M","$","E","M","M","R","BOSS","M","M","?","M","?","R","R","E","T","R","E","R","$","?","R","BOSS","M","?","?","M","M","R","M","E"],"build_version":"2019-01-23","purchased_purges":1,"victory":false,"max_hp_per_floor":[80,80,80,80,80,80,80,80,80,80,80,80,80,80,80,80,80,80,80,80,80,80,80,80,80,80,80,80,80,80,80,80,80,80,80,80,80,80,80,80,80,80],"card_choices":[{"not_picked":["Sword Boomerang","Body Slam"],"picked":"Pommel Strike","floor":1.0},{"not_picked":["Heavy Blade","Perfected Strike"],"picked":"Battle Trance","floor":2.0},{"not_picked":["Clash","Pommel Strike"],"picked":"Pummel","floor":4.0},{"not_picked":["Body Slam","Exhume"],"picked":"Thunderclap","floor":5.0},{"not_picked":["Heavy Blade","Infernal Blade"],"picked":"Cleave","floor":7.0},{"not_picked":["Infernal Blade","Body Slam"],"picked":"Pommel Strike","floor":10.0},{"not_picked":["Fire Breathing","Battle Trance"],"picked":"Shrug It Off","floor":12.0},{"not_picked":["Combust","Clash"],"picked":"Shrug It Off","floor":13.0},{"not_picked":["Shrug It Off","Flex"],"picked":"True Grit","floor":14.0},{"not_picked":["Feed","Bludgeon"],"picked":"Reaper","floor":16.0},{"not_picked":["True Grit","Thunderclap"],"picked":"Feel No Pain","floor":18.0},{"not_picked":["Ghostly Armor","Perfected Strike"],"picked":"Power Through","floor":19.0},{"not_picked":["Sword Boomerang","Heavy Blade+1"],"picked":"Anger+1","floor":21.0},{"not_picked":["Pommel Strike+1","Battle Trance"],"picked":"Reaper","floor":25},{"not_picked":["Feel No Pain","Heavy Blade"],"picked":"Impervious","floor":28},{"not_picked":["Armaments","Clothesline"],"picked":"Headbutt","floor":31},{"not_picked":["Demon Form","Bludgeon"],"picked":"Fiend Fire","floor":33},{"not_picked":["Clash","Cleave"],"picked":"Headbutt+1","floor":35},{"not_picked":["Flash of Steel","Mind Blast"],"picked":"Master of Strategy","floor":36},{"not_picked":["Hemokinesis","Clothesline+1"],"picked":"Battle Trance+1","floor":38},{"not_picked":["Iron Wave","Shockwave"],"picked":"Burning Pact+1","floor":39},{"not_picked":["Sever Soul","Clothesline+1"],"picked":"Body Slam","floor":41}],"player_experience":236872,"relics_obtained":[{"floor":9.0,"key":"Omamori"},{"floor":12.0,"key":"Red Skull"},{"floor":22.0,"key":"Nunchaku"},{"floor":25,"key":"Self Forming Clay"},{"floor":26,"key":"Letter Opener"},{"floor":28,"key":"Bag of Marbles"}],"event_choices":[{"damage_healed":0.0,"max_hp_gain":0.0,"max_hp_loss":0.0,"gold_gain":75.0,"event_name":"World of Goop","player_choice":"Gather Gold","floor":3.0,"gold_loss":0.0,"damage_taken":11.0},{"damage_healed":0.0,"max_hp_gain":0.0,"max_hp_loss":0.0,"gold_gain":0.0,"event_name":"Vampires","player_choice":"Ignored","floor":20.0,"gold_loss":0.0,"damage_taken":0.0},{"damage_healed":0,"gold_gain":0,"player_choice":"Memory 1","damage_taken":0,"max_hp_gain":0,"max_hp_loss":0,"event_name":"SensoryStone","floor":36,"gold_loss":0},{"cards_removed":["Strike_R"],"damage_healed":0,"gold_gain":0,"player_choice":"Offered Basic","damage_taken":0,"max_hp_gain":0,"max_hp_loss":0,"event_name":"Bonfire Elementals","floor":37,"gold_loss":0}],"is_beta":false,"boss_relics":[{"not_picked":["Busted Crown","White Beast Statue"],"picked":"Velvet Choker"},{"not_picked":["Fusion Hammer","Black Blood"],"picked":"Cursed Key"}],"items_purged_floors":[30],"is_endless":false,"potions_floor_spawned":[2,12,13,16,18,19,25,28,35,41],"killed_by":"Giant Head","ascension_level":5}