{"gold_per_floor":[110,125,125,205,165,191,191,209,234,251,280,280,280,316,316,436,436,457,457,473,493,508,542,542,563,563,563,578,25,60,84,84,84],"floor_reached":33,"playtime":2036,"items_purged":["Strike_R"],"score":470,"play_id":"1a8a7012-0bb1-47fe-8598-f194698d6a7a","local_time":"20190621225102","is_ascension_mode":true,"campfire_choices":[{"data":"Thinking Ahead","floor":7.0,"key":"SMITH"},{"floor":12.0,"key":"REST"},{"floor":15.0,"key":"REST"},{"data":"Armaments","floor":24.0,"key":"SMITH"},{"data":"Disarm","floor":27.0,"key":"SMITH"},{"floor":32,"key":"REST"}],"neow_cost":"TEN_PERCENT_HP_LOSS","seed_source_timestamp":183500361448815,"circlet_count":0,"master_deck":["Strike_R","Strike_R+1","Strike_R","Strike_R","Defend_R","Defend_R","Defend_R","Defend_R","Bash","Thinking Ahead+1","Finesse+1","Shockwave","Heavy Blade","Disarm+1","Headbutt","True Grit","Hemokinesis","Armaments+1","Feed","Seeing Red","Headbutt+1","Rage","Flame Barrier+1","Dropkick","Intimidate+1","Second Wind"],"special_seed":0,"relics":["Burning Blood","Red Skull","Bag of Marbles","Smiling Mask","Golden Idol","Torii","Velvet Choker","Pear","Mummified Hand","Brimstone","Calipers","Charon\u0027s Ashes"],"potions_floor_usage":[30,33,33],"damage_taken":[{"damage":6.0,"enemies":"Cultist","floor":1.0,"turns":4.0},{"damage":7.0,"enemies":"Jaw Worm","floor":2.0,"turns":5.0},{"damage":42.0,"enemies":"3 Sentries","floor":6.0,"turns":10.0},{"damage":3.0,"enemies":"Small Slimes","floor":8.0,"turns":2.0},{"damage":19.0,"enemies":"Gremlin Gang","floor":10.0,"turns":5.0},{"damage":9.0,"enemies":"Lagavulin","floor":11.0,"turns":5.0},{"damage":15.0,"enemies":"3 Sentries","floor":14.0,"turns":8.0},{"damage":25.0,"enemies":"Slime Boss","floor":16.0,"turns":7.0},{"damage":18.0,"enemies":"3 Byrds","floor":18.0,"turns":8.0},{"damage":4.0,"enemies":"Chosen","floor":20.0,"turns":4.0},{"damage":13.0,"enemies":"Centurion and Healer","floor":21.0,"turns":6.0},{"damage":24.0,"enemies":"Cultist and Chosen","floor":22.0,"turns":7.0},{"damage":22.0,"enemies":"Gremlin Leader","floor":23.0,"turns":8.0},{"damage":2.0,"enemies":"Snake Plant","floor":25.0,"turns":1.0},{"damage":26.0,"enemies":"Sentry and Sphere","floor":28.0,"turns":5.0},{"damage":13,"enemies":"Slavers","floor":30,"turns":4},{"damage":12,"enemies":"Centurion and Healer","floor":31,"turns":3},{"damage":69,"enemies":"Automaton","floor":33,"turns":6}],"seed_played":"3613666589047467632","potions_obtained":[{"floor":5.0,"key":"SmokeBomb"},{"floor":5.0,"key":"PowerPotion"},{"floor":5.0,"key":"Fire Potion"},{"floor":11.0,"key":"Strength Potion"},{"floor":18.0,"key":"Strength Potion"},{"floor":22.0,"key":"Swift Potion"},{"floor":28.0,"key":"SkillPotion"},{"floor":30,"key":"Explosive Potion"},{"floor":31,"key":"Explosive Potion"}],"is_trial":false,"path_per_floor":["M","M","?","?","?","E","R","M","T","M","E","R","?","E","R","B",null,"M","?","M","M","M","E","R","M","T","R","M","$","E","M","R","B"],"character_chosen":"IRONCLAD","items_purchased":["Brimstone","Calipers"],"campfire_rested":3,"item_purchase_floors":[29,29],"current_hp_per_floor":[72,71,57,57,57,21,21,24,24,11,8,29,29,20,40,21,56,48,48,53,50,36,33,33,41,41,41,21,21,17,15,46,0],"gold":84,"neow_bonus":"RANDOM_COLORLESS_2","is_prod":false,"is_daily":false,"chose_seed":false,"campfire_upgraded":3,"win_rate":0,"timestamp":1561175462,"path_taken":["M","M","?","?","?","E","R","?","T","M","E","R","?","E","R","BOSS","M","?","M","M","M","E","R","M","T","R","M","$","E","M","R","BOSS"],"build_version":"2019-01-23","purchased_purges":1,"victory":false,"max_hp_per_floor":[72,72,72,72,72,72,72,72,72,72,72,72,67,67,67,67,67,71,71,74,78,82,95,95,99,99,99,99,99,102,106,106,106],"card_choices":[{"not_picked":["Sentinel","Armaments"],"picked":"Shockwave","floor":1.0},{"not_picked":["Clash","Warcry"],"picked":"Heavy Blade","floor":2.0},{"not_picked":["Hemokinesis","Searing Blow"],"picked":"Disarm","floor":6.0},{"not_picked":["Havoc","Twin Strike"],"picked":"Headbutt","floor":8.0},{"not_picked":["Body Slam","Flex"],"picked":"True Grit","floor":10.0},{"not_picked":["Wild Strike","Searing Blow"],"picked":"Hemokinesis","floor":11.0},{"not_picked":["Berserk","Heavy Blade"],"picked":"Armaments","floor":14.0},{"not_picked":["Juggernaut","Bludgeon"],"picked":"Feed","floor":16.0},{"not_picked":["Evolve","Iron Wave"],"picked":"Seeing Red","floor":18.0},{"not_picked":["Havoc","Metallicize"],"picked":"Headbutt+1","floor":20.0},{"not_picked":["Iron Wave","Infernal Blade"],"picked":"Rage","floor":21.0},{"not_picked":["Reckless Charge","Flex+1"],"picked":"Flame Barrier+1","floor":22.0},{"not_picked":["Sever Soul+1","Clash+1"],"picked":"Dropkick","floor":23.0},{"not_picked":["Headbutt","Immolate"],"picked":"Intimidate+1","floor":25.0},{"not_picked":["Body Slam","Clothesline+1","Intimidate"],"picked":"SKIP","floor":28.0},{"not_picked":["Iron Wave+1","Headbutt"],"picked":"Second Wind","floor":30},{"not_picked":["Warcry","Searing Blow","Sever Soul"],"picked":"SKIP","floor":31}],"player_experience":360564,"relics_obtained":[{"floor":6.0,"key":"Red Skull"},{"floor":9.0,"key":"Bag of Marbles"},{"floor":11.0,"key":"Smiling Mask"},{"floor":14.0,"key":"Torii"},{"floor":23.0,"key":"Pear"},{"floor":26.0,"key":"Mummified Hand"},{"floor":30,"key":"Charon\u0027s Ashes"}],"event_choices":[{"damage_healed":0.0,"max_hp_gain":0.0,"max_hp_loss":0.0,"gold_gain":0.0,"event_name":"Shining Light","player_choice":"Entered Light","floor":3.0,"gold_loss":0.0,"damage_taken":14.0,"cards_upgraded":["Strike_R","Finesse"]},{"damage_healed":0.0,"max_hp_gain":0.0,"max_hp_loss":0.0,"gold_gain":80.0,"event_name":"Golden Wing","player_choice":"Gained Gold","floor":4.0,"gold_loss":0.0,"damage_taken":0.0},{"damage_healed":0.0,"max_hp_gain":0.0,"max_hp_loss":0.0,"gold_gain":0.0,"event_name":"The Woman in Blue","player_choice":"Bought 3 Potions","floor":5.0,"gold_loss":0.0,"damage_taken":0.0},{"damage_healed":0.0,"max_hp_gain":0.0,"max_hp_loss":5.0,"gold_gain":0.0,"event_name":"Golden Idol","player_choice":"Lose Max HP","floor":13.0,"gold_loss":0.0,"damage_taken":0.0,"relics_obtained":["Golden Idol"]},{"damage_healed":0.0,"max_hp_gain":0.0,"max_hp_loss":0.0,"gold_gain":0.0,"event_name":"Ghosts","player_choice":"Ignored","floor":19.0,"gold_loss":0.0,"damage_taken":0.0}],"is_beta":false,"boss_relics":[{"not_picked":["Empty Cage","Tiny House"],"picked":"Velvet Choker"}],"items_purged_floors":[29],"is_endless":false,"potions_floor_spawned":[6,10,11,18,22,28,30,31],"killed_by":"Automaton","ascension_level":9}