{"gold_per_floor":[117,130,141,161,181,181,194,194,276,276,294,323,323,19,19,19],"floor_reached":16,"playtime":755,"items_purged":["Strike_R"],"score":146,"play_id":"3a07efac-cb47-4c39-a566-6438a8b00aad","local_time":"20190615184020","is_ascension_mode":true,"campfire_choices":[{"data":"Shockwave","floor":6,"key":"SMITH"},{"data":"True Grit","floor":8,"key":"SMITH"},{"data":"Cleave","floor":10,"key":"SMITH"},{"data":"Searing Blow","floor":13,"key":"SMITH"},{"data":"Searing Blow+1","floor":15,"key":"SMITH"}],"neow_cost":"NONE","seed_source_timestamp":34036612445728,"circlet_count":0,"master_deck":["Strike_R","Strike_R","Strike_R","Strike_R","Defend_R","Defend_R","Defend_R","Defend_R","Bash","Shockwave+1","Bloodletting","Shrug It Off","Cleave+1","Metallicize","True Grit+1","Searing Blow+2","Clothesline","Sadistic Nature","Burning Pact"],"relics":["Burning Blood","NeowsBlessing","Pantograph","Strawberry"],"potions_floor_usage":[11,12,16],"damage_taken":[{"damage":0,"enemies":"2 Louse","floor":1,"turns":1},{"damage":0,"enemies":"Cultist","floor":2,"turns":1},{"damage":0,"enemies":"Small Slimes","floor":3,"turns":1},{"damage":23,"enemies":"Gremlin Gang","floor":4,"turns":7},{"damage":3,"enemies":"2 Fungi Beasts","floor":5,"turns":3},{"damage":6,"enemies":"Exordium Wildlife","floor":7,"turns":3},{"damage":3,"enemies":"Large Slime","floor":11,"turns":5},{"damage":13,"enemies":"Gremlin Nob","floor":12,"turns":4},{"damage":88,"enemies":"Hexaghost","floor":16,"turns":15}],"seed_played":"-4160563042116101526","potions_obtained":[{"floor":2,"key":"FearPotion"},{"floor":4,"key":"Fire Potion"},{"floor":11,"key":"AttackPotion"}],"is_trial":false,"path_per_floor":["M","M","M","M","M","R","M","R","T","R","M","E","R","$","R","B"],"character_chosen":"IRONCLAD","items_purchased":["Sadistic Nature","Burning Pact"],"campfire_rested":0,"item_purchase_floors":[14,14],"current_hp_per_floor":[78,80,80,63,66,66,66,66,66,66,69,69,69,69,69,0],"gold":19,"neow_bonus":"THREE_ENEMY_KILL","is_prod":false,"is_daily":false,"chose_seed":false,"campfire_upgraded":5,"win_rate":0,"timestamp":1560642020,"path_taken":["M","M","M","M","M","R","M","R","T","R","M","E","R","$","R","BOSS"],"build_version":"2019-01-23","purchased_purges":1,"victory":false,"max_hp_per_floor":[80,80,80,80,80,80,80,80,80,80,80,87,87,87,87,87],"card_choices":[{"not_picked":["Clothesline","Rampage"],"picked":"Shockwave","floor":1},{"not_picked":["Sword Boomerang","Heavy Blade"],"picked":"Bloodletting","floor":2},{"not_picked":["Rampage","Twin Strike"],"picked":"Shrug It Off","floor":3},{"not_picked":["Iron Wave","Rage"],"picked":"Cleave","floor":4},{"not_picked":["Sentinel","Wild Strike"],"picked":"Metallicize","floor":5},{"not_picked":["Heavy Blade","Clash"],"picked":"True Grit","floor":7},{"not_picked":["Flex","Headbutt"],"picked":"Searing Blow","floor":11},{"not_picked":["Evolve","Body Slam"],"picked":"Clothesline","floor":12}],"player_experience":335427,"relics_obtained":[{"floor":9,"key":"Pantograph"},{"floor":12,"key":"Strawberry"}],"event_choices":[],"is_beta":false,"boss_relics":[],"items_purged_floors":[14],"is_endless":false,"potions_floor_spawned":[2,4,11],"killed_by":"Hexaghost","ascension_level":8}