{"gold_per_floor":[116,17,32,32,32,64,81,94,94,120,183,209,209,224,224,327,327,345,363,157,169,188,188,198,198,198,198,198,198,198,198],"floor_reached":31,"playtime":1920,"items_purged":["Strike_R"],"score":350,"play_id":"86ac6914-a2f4-4ef6-97f9-d56504016f6f","local_time":"20190531193259","is_ascension_mode":true,"campfire_choices":[{"data":"Spot Weakness","floor":13,"key":"SMITH"},{"floor":15,"key":"REST"},{"floor":28,"key":"REST"}],"neow_cost":"NONE","seed_source_timestamp":611787034536225,"circlet_count":0,"master_deck":["Defend_R","Defend_R","Defend_R","Defend_R","Bash","Cleave","True Grit","Shrug It Off","Spot Weakness+1","Armaments","Heavy Blade","Headbutt","Havoc","Headbutt","Flex","Reaper","Hemokinesis+1","Exhume+1","Spot Weakness+1","True Grit","Shrug It Off+1","Pommel Strike","Whirlwind","Uppercut+1","Writhe","Shrug It Off+1"],"relics":["Burning Blood","NeowsBlessing","Juzu Bracelet","Gremlin Horn","Paper Frog","Strawberry","Boot","Astrolabe","Dream Catcher","Potion Belt","Mercury Hourglass","Letter Opener"],"potions_floor_usage":[10,16,19,19,22],"damage_taken":[{"damage":0,"enemies":"Cultist","floor":1,"turns":1},{"damage":0,"enemies":"Small Slimes","floor":3,"turns":2},{"damage":0,"enemies":"Gremlin Nob","floor":6,"turns":1},{"damage":2,"enemies":"Jaw Worm","floor":7,"turns":5},{"damage":14,"enemies":"Blue Slaver","floor":8,"turns":5},{"damage":15,"enemies":"3 Sentries","floor":10,"turns":7},{"damage":15,"enemies":"3 Sentries","floor":11,"turns":6},{"damage":43,"enemies":"Gremlin Nob","floor":12,"turns":5},{"damage":4,"enemies":"3 Louse","floor":14,"turns":2},{"damage":5,"enemies":"Slime Boss","floor":16,"turns":7},{"damage":23,"enemies":"Shell Parasite","floor":18,"turns":5},{"damage":77,"enemies":"3 Byrds","floor":19,"turns":8},{"damage":30,"enemies":"Centurion and Healer","floor":21,"turns":6},{"damage":19,"enemies":"Snecko","floor":22,"turns":6},{"damage":48,"enemies":"3 Cultists","floor":24,"turns":5},{"damage":18,"enemies":"Chosen and Byrds","floor":31,"turns":3}],"seed_played":"3363647394324752977","potions_obtained":[{"floor":3,"key":"Dexterity Potion"},{"floor":7,"key":"Block Potion"},{"floor":14,"key":"Poison Potion"},{"floor":16,"key":"Poison Potion"},{"floor":18,"key":"GamblersBrew"},{"floor":22,"key":"Fire Potion"}],"is_trial":false,"path_per_floor":["M","$","M","?","$","E","M","M","T","E","?","E","R","M","R","B",null,"M","M","$","M","M","?","M","?","T","?","R","?","$","M"],"character_chosen":"IRONCLAD","items_purchased":["True Grit","Dream Catcher","Pommel Strike"],"campfire_rested":2,"item_purchase_floors":[2,20,20],"current_hp_per_floor":[80,80,80,73,73,79,80,72,72,63,61,24,24,26,52,53,79,62,11,11,19,26,26,8,8,8,8,34,17,17,0],"gold":198,"neow_bonus":"THREE_ENEMY_KILL","is_prod":false,"is_daily":false,"chose_seed":false,"campfire_upgraded":1,"win_rate":0,"timestamp":1559349179,"path_taken":["M","?","M","?","?","E","M","M","T","E","?","E","R","M","R","BOSS","M","M","$","M","M","?","M","?","T","?","R","?","?","M"],"build_version":"2019-01-23","purchased_purges":1,"victory":false,"max_hp_per_floor":[80,80,80,80,80,80,80,80,80,80,87,87,87,87,87,87,87,87,87,87,87,87,87,87,87,87,87,87,92,92,92],"card_choices":[{"not_picked":["Body Slam","Fire Breathing"],"picked":"Cleave","floor":1},{"not_picked":["Iron Wave","Bloodletting"],"picked":"Shrug It Off","floor":3},{"not_picked":["Headbutt","Dropkick"],"picked":"Spot Weakness","floor":6},{"not_picked":["Iron Wave","Body Slam"],"picked":"Armaments","floor":7},{"not_picked":["Havoc","Pummel"],"picked":"Heavy Blade","floor":8},{"not_picked":["Power Through","Ghostly Armor"],"picked":"Headbutt","floor":10},{"not_picked":["Reckless Charge","Power Through"],"picked":"Havoc","floor":11},{"not_picked":["Warcry","Armaments"],"picked":"Headbutt","floor":12},{"not_picked":["Shockwave","Bloodletting"],"picked":"Flex","floor":14},{"not_picked":["Immolate","Dark Embrace"],"picked":"Reaper","floor":16},{"not_picked":["Heavy Blade","Perfected Strike+1"],"picked":"True Grit","floor":18},{"not_picked":["Clothesline","Hemokinesis"],"picked":"Shrug It Off+1","floor":19},{"not_picked":["Warcry","Clash","Shrug It Off"],"picked":"SKIP","floor":21},{"not_picked":["Flame Barrier","Disarm"],"picked":"Whirlwind","floor":22},{"not_picked":["Iron Wave","True Grit+1"],"picked":"Uppercut+1","floor":24},{"not_picked":["Cleave","Wild Strike"],"picked":"Shrug It Off+1","floor":28}],"player_experience":242465,"relics_obtained":[{"floor":6,"key":"Juzu Bracelet"},{"floor":9,"key":"Gremlin Horn"},{"floor":10,"key":"Paper Frog"},{"floor":12,"key":"Boot"},{"floor":26,"key":"Letter Opener"}],"event_choices":[{"cards_removed":["Strike_R"],"damage_healed":0,"gold_gain":0,"player_choice":"Card Removal","damage_taken":7,"max_hp_gain":0,"max_hp_loss":0,"event_name":"Golden Wing","floor":4,"gold_loss":0},{"damage_healed":0,"gold_gain":0,"player_choice":"Searched \u00272\u0027 times","damage_taken":0,"relics_obtained":["Strawberry"],"max_hp_gain":0,"max_hp_loss":0,"event_name":"Dead Adventurer","floor":11,"gold_loss":0},{"damage_healed":0,"gold_gain":0,"player_choice":"Gave Potion","damage_taken":0,"relics_obtained":["Potion Belt"],"max_hp_gain":0,"max_hp_loss":0,"event_name":"WeMeetAgain","floor":23,"gold_loss":0},{"damage_healed":0,"gold_gain":0,"player_choice":"Opened","damage_taken":0,"relics_obtained":["Mercury Hourglass"],"max_hp_gain":0,"max_hp_loss":0,"event_name":"The Mausoleum","floor":25,"gold_loss":0,"cards_obtained":["Writhe"]},{"damage_healed":0,"gold_gain":0,"player_choice":"Ignored","damage_taken":0,"max_hp_gain":0,"max_hp_loss":0,"event_name":"Cursed Tome","floor":27,"gold_loss":0},{"damage_healed":0,"gold_gain":0,"player_choice":"Shed Blood","damage_taken":22,"max_hp_gain":5,"max_hp_loss":0,"event_name":"Forgotten Altar","floor":29,"gold_loss":0}],"is_beta":false,"boss_relics":[{"not_picked":["White Beast Statue","Orrery"],"picked":"Astrolabe"}],"items_purged_floors":[2],"is_endless":false,"potions_floor_spawned":[3,7,14,16,18,22],"killed_by":"Chosen and Byrds","ascension_level":5}