{"gold_per_floor":[114,264,214,232,232,232,259,259,286,151,168,180,246,265,265,265],"floor_reached":16,"playtime":315,"items_purged":["Doubt","Strike_B"],"score":204,"play_id":"d9abe1ab-6a84-407f-b6e1-5b55ab84e749","local_time":"20190803213420","is_ascension_mode":true,"campfire_choices":[{"data":"Zap","floor":6,"key":"SMITH"},{"data":"Dualcast","floor":8,"key":"SMITH"},{"floor":15,"key":"REST"}],"neow_cost":"NONE","seed_source_timestamp":1041033223774300,"circlet_count":0,"master_deck":["AscendersBane","Strike_B","Strike_B","Strike_B","Defend_B","Defend_B","Defend_B","Defend_B","Zap+1","Dualcast+1","Auto Shields","Ball Lightning","Defragment","Gash+1","Cold Snap+1","Defragment"],"relics":["Cracked Core","Smiling Mask","SsserpentHead","Molten Egg 2","Vajra"],"potions_floor_usage":[16],"damage_taken":[{"damage":3,"enemies":"Small Slimes","floor":1,"turns":3},{"damage":2,"enemies":"2 Louse","floor":4,"turns":4},{"damage":19,"enemies":"Lagavulin","floor":7,"turns":7},{"damage":0,"enemies":"Cultist","floor":11,"turns":3},{"damage":8,"enemies":"Blue Slaver","floor":12,"turns":2},{"damage":7,"enemies":"Lots of Slimes","floor":13,"turns":3},{"damage":5,"enemies":"2 Fungi Beasts","floor":14,"turns":3},{"damage":44,"enemies":"Slime Boss","floor":16,"turns":6}],"seed_played":"5290265636989437277","potions_obtained":[{"floor":4,"key":"SkillPotion"},{"floor":12,"key":"Energy Potion"}],"is_trial":false,"path_per_floor":["M","?","$","M","?","R","E","R","T","$","M","M","M","M","R","B"],"character_chosen":"DEFECT","items_purchased":["Defragment"],"campfire_rested":1,"item_purchase_floors":[10],"current_hp_per_floor":[61,61,61,59,59,59,40,40,40,40,40,32,25,20,41,0],"gold":265,"neow_bonus":"RANDOM_COMMON_RELIC","is_prod":false,"is_daily":false,"chose_seed":false,"campfire_upgraded":2,"win_rate":0,"timestamp":1564860860,"path_taken":["M","?","$","M","?","R","E","R","T","$","M","M","?","M","R","BOSS"],"build_version":"2019-07-17","purchased_purges":2,"victory":false,"max_hp_per_floor":[71,71,71,71,71,71,71,71,71,71,71,71,71,71,71,71],"card_choices":[{"not_picked":["Hologram","Aggregate"],"picked":"Auto Shields","floor":1},{"not_picked":["Barrage","Rebound"],"picked":"Ball Lightning","floor":4},{"not_picked":["Creative AI","Stack","Heatsinks"],"picked":"SKIP","floor":7},{"not_picked":["FTL+1","Sweeping Beam+1"],"picked":"Gash+1","floor":11},{"not_picked":["Recycle","Streamline+1"],"picked":"Cold Snap+1","floor":12},{"not_picked":["Creative AI","Compile Driver+1"],"picked":"Defragment","floor":13},{"not_picked":["Aggregate","Streamline+1","Steam"],"picked":"SKIP","floor":14}],"player_experience":411079,"relics_obtained":[{"floor":7,"key":"Molten Egg 2"},{"floor":9,"key":"Vajra"}],"event_choices":[{"damage_healed":0,"gold_gain":150,"player_choice":"AGREE","damage_taken":0,"max_hp_gain":0,"max_hp_loss":0,"event_name":"Liars Game","floor":2,"gold_loss":0,"cards_obtained":["Doubt"]},{"damage_healed":0,"gold_gain":0,"player_choice":"Trade","damage_taken":0,"relics_obtained":["SsserpentHead"],"max_hp_gain":0,"max_hp_loss":0,"event_name":"FaceTrader","floor":5,"gold_loss":0}],"is_beta":false,"boss_relics":[],"items_purged_floors":[3,10],"is_endless":false,"potions_floor_spawned":[4,12],"killed_by":"Slime Boss","ascension_level":20}