{"gold_per_floor":[117,117,134,151,164,164,195,207,253,253,18,18,46,46,46,46],"floor_reached":16,"playtime":744,"items_purged":["Strike_R"],"score":204,"play_id":"9f22f51a-857d-49d3-868f-9af96527fab9","local_time":"20190708213909","is_ascension_mode":true,"campfire_choices":[{"data":"Corruption","floor":6,"key":"SMITH"},{"floor":10,"key":"REST"},{"data":"Fiend Fire","floor":12,"key":"SMITH"},{"floor":15,"key":"REST"}],"neow_cost":"NONE","seed_source_timestamp":95918573136951,"circlet_count":0,"master_deck":["AscendersBane","Strike_R","Strike_R","Strike_R","Strike_R","Defend_R","Defend_R","Defend_R","Defend_R","Bash+1","Body Slam","Headbutt","Shockwave","Corruption+1","Rampage","Sword Boomerang","Fiend Fire+1","Pommel Strike"],"relics":["Burning Blood","Centennial Puzzle","Art of War","Mercury Hourglass","Happy Flower"],"potions_floor_usage":[7,13],"damage_taken":[{"damage":11,"enemies":"Jaw Worm","floor":1,"turns":4},{"damage":12,"enemies":"2 Louse","floor":3,"turns":4},{"damage":15,"enemies":"Small Slimes","floor":4,"turns":4},{"damage":18,"enemies":"Blue Slaver","floor":5,"turns":4},{"damage":36,"enemies":"Gremlin Nob","floor":7,"turns":5},{"damage":10,"enemies":"Red Slaver","floor":8,"turns":4},{"damage":15,"enemies":"Lagavulin","floor":13,"turns":5},{"damage":41,"enemies":"Hexaghost","floor":16,"turns":8}],"seed_played":"-356814579054587854","potions_obtained":[{"floor":5,"key":"Swift Potion"},{"floor":8,"key":"FearPotion"}],"is_trial":false,"path_per_floor":["M","?","M","M","M","R","E","M","T","R","$","R","E","?","R","B"],"character_chosen":"IRONCLAD","items_purchased":["Fiend Fire"],"campfire_rested":2,"item_purchase_floors":[11],"current_hp_per_floor":[63,68,62,53,41,41,11,7,7,31,31,31,22,17,41,0],"gold":46,"neow_bonus":"UPGRADE_CARD","is_prod":false,"is_daily":false,"chose_seed":false,"campfire_upgraded":2,"win_rate":0,"timestamp":1562639949,"path_taken":["M","?","M","M","M","R","E","M","T","R","$","R","E","?","R","BOSS"],"build_version":"2019-07-05","purchased_purges":1,"victory":false,"max_hp_per_floor":[75,80,80,80,80,80,80,80,80,80,80,80,80,80,80,80],"card_choices":[{"not_picked":["Perfected Strike","Evolve"],"picked":"Body Slam","floor":1},{"not_picked":["Havoc","Dropkick"],"picked":"Headbutt","floor":3},{"not_picked":["Body Slam","Twin Strike"],"picked":"Shockwave","floor":4},{"not_picked":["Headbutt","Shrug It Off"],"picked":"Corruption","floor":5},{"not_picked":["Second Wind","Bloodletting"],"picked":"Rampage","floor":7},{"not_picked":["Clothesline","Flex"],"picked":"Sword Boomerang","floor":8},{"not_picked":["Clothesline","Armaments"],"picked":"Pommel Strike","floor":13}],"player_experience":454931,"relics_obtained":[{"floor":7,"key":"Centennial Puzzle"},{"floor":9,"key":"Art of War"},{"floor":13,"key":"Mercury Hourglass"}],"event_choices":[{"damage_healed":0,"gold_gain":0,"player_choice":"Donut","damage_taken":0,"max_hp_gain":5,"max_hp_loss":0,"event_name":"Big Fish","floor":2,"gold_loss":0},{"damage_healed":0,"gold_gain":0,"player_choice":"Success","damage_taken":5,"relics_obtained":["Happy Flower"],"max_hp_gain":0,"max_hp_loss":0,"event_name":"Scrap Ooze","floor":14,"gold_loss":0}],"is_beta":false,"boss_relics":[],"items_purged_floors":[11],"is_endless":false,"potions_floor_spawned":[5,8],"killed_by":"Hexaghost","ascension_level":17}