{"gold_per_floor":[11,11,11,25,50,50,50,50,50,70,84,84,115,131,131,224,224,248,11,25,44,0,0,0,34,34,34],"floor_reached":27,"playtime":1033,"items_purged":[],"score":396,"play_id":"8ce01200-c7ac-4b5e-a871-1bb286a84323","local_time":"20190720181523","is_ascension_mode":true,"campfire_choices":[{"data":"Zap","floor":6.0,"key":"SMITH"},{"data":"Gash","floor":8.0,"key":"SMITH"},{"floor":12.0,"key":"REST"},{"floor":15.0,"key":"REST"},{"floor":23,"key":"REST"}],"neow_cost":"NO_GOLD","seed_source_timestamp":567831434932200,"circlet_count":0,"master_deck":["AscendersBane","Strike_B","Defend_B","Defend_B","Defend_B","Zap+1","Dualcast","Blind","Panacea","Glacier","Gash+1","Static Discharge","Go for the Eyes","Fission","Chill+1","Recycle+1","Force Field+1","Rebound","Genetic Algorithm","White Noise","All For One"],"special_seed":0,"relics":["Cracked Core","Golden Idol","Blue Candle","The Courier","Astrolabe","Potion Belt","DataDisk","SsserpentHead","Art of War","Mercury Hourglass"],"potions_floor_usage":[25,27],"damage_taken":[{"damage":6.0,"enemies":"2 Louse","floor":1.0,"turns":2.0},{"damage":3.0,"enemies":"Small Slimes","floor":4.0,"turns":4.0},{"damage":3.0,"enemies":"Cultist","floor":5.0,"turns":4.0},{"damage":8.0,"enemies":"Exordium Thugs","floor":10.0,"turns":6.0},{"damage":6.0,"enemies":"Looter","floor":11.0,"turns":3.0},{"damage":8.0,"enemies":"Lagavulin","floor":13.0,"turns":11.0},{"damage":0.0,"enemies":"Red Slaver","floor":14.0,"turns":4.0},{"damage":49.0,"enemies":"Hexaghost","floor":16.0,"turns":9.0},{"damage":7.0,"enemies":"Spheric Guardian","floor":18.0,"turns":8.0},{"damage":6.0,"enemies":"Shell Parasite","floor":20.0,"turns":12.0},{"damage":23.0,"enemies":"Cultist and Chosen","floor":21.0,"turns":8.0},{"damage":32,"enemies":"Book of Stabbing","floor":25,"turns":7},{"damage":11,"enemies":"3 Cultists","floor":27,"turns":5}],"seed_played":"-3483167233800837663","potions_obtained":[{"floor":1.0,"key":"Swift Potion"},{"floor":10.0,"key":"Dexterity Potion"},{"floor":13.0,"key":"Energy Potion"},{"floor":18.0,"key":"Ancient Potion"},{"floor":21.0,"key":"FearPotion"},{"floor":25,"key":"Regen Potion"}],"is_trial":false,"path_per_floor":["M","?","?","M","M","R","?","R","T","M","M","R","E","M","R","B",null,"M","$","M","M","?","R","?","E","T","M"],"character_chosen":"DEFECT","items_purchased":["Potion Belt","DataDisk"],"campfire_rested":3,"item_purchase_floors":[19,19],"current_hp_per_floor":[58,58,51,48,45,45,45,45,45,37,31,50,42,42,61,12,53,46,46,40,17,17,36,36,4,4,7],"gold":34,"neow_bonus":"RANDOM_COLORLESS_2","is_prod":false,"is_daily":false,"chose_seed":false,"campfire_upgraded":2,"win_rate":0,"timestamp":1563639323,"path_taken":["M","?","?","M","M","R","?","R","T","M","M","R","E","M","R","BOSS","M","$","M","M","?","R","?","E","T","M"],"build_version":"2019-07-17","purchased_purges":0,"victory":false,"max_hp_per_floor":[71,66,66,66,66,66,66,66,66,66,66,66,66,66,66,66,66,66,66,66,66,66,66,66,66,66,66],"card_choices":[{"not_picked":["Turbo","Force Field"],"picked":"Glacier","floor":1.0},{"not_picked":["Turbo","FTL"],"picked":"Gash","floor":4.0},{"not_picked":["Sweeping Beam","Doom and Gloom","Self Repair"],"picked":"SKIP","floor":5.0},{"not_picked":["Hologram","Force Field","Auto Shields"],"picked":"SKIP","floor":10.0},{"not_picked":["Recycle","Redo","Coolheaded"],"picked":"SKIP","floor":11.0},{"not_picked":["Doom and Gloom","Hologram"],"picked":"Static Discharge","floor":13.0},{"not_picked":["Coolheaded","Barrage"],"picked":"Go for the Eyes","floor":14.0},{"not_picked":["Creative AI","Electrodynamics"],"picked":"Fission","floor":16.0},{"not_picked":["Coolheaded","Turbo"],"picked":"Rebound","floor":18.0},{"not_picked":["Recycle","Go for the Eyes"],"picked":"Genetic Algorithm","floor":20.0},{"not_picked":["Turbo","Sweeping Beam"],"picked":"White Noise","floor":21.0},{"not_picked":["Ball Lightning","Go for the Eyes"],"picked":"All For One","floor":25}],"player_experience":357934,"relics_obtained":[{"floor":9.0,"key":"Blue Candle"},{"floor":13.0,"key":"The Courier"},{"floor":25,"key":"Art of War"},{"floor":26,"key":"Mercury Hourglass"}],"event_choices":[{"damage_healed":0.0,"max_hp_gain":0.0,"max_hp_loss":5.0,"gold_gain":0.0,"event_name":"Golden Idol","player_choice":"Lose Max HP","floor":2.0,"gold_loss":0.0,"damage_taken":0.0,"relics_obtained":["Golden Idol"]},{"cards_removed":["Strike_B"],"damage_healed":0.0,"max_hp_gain":0.0,"max_hp_loss":0.0,"gold_gain":0.0,"event_name":"Golden Wing","player_choice":"Card Removal","floor":3.0,"gold_loss":0.0,"damage_taken":7.0},{"damage_healed":0.0,"max_hp_gain":0.0,"max_hp_loss":0.0,"gold_gain":0.0,"event_name":"Dead Adventurer","player_choice":"Searched \u00270\u0027 times","floor":7.0,"gold_loss":0.0,"damage_taken":0.0},{"damage_healed":0,"gold_gain":0,"player_choice":"Paid Fearfully","damage_taken":0,"max_hp_gain":0,"max_hp_loss":0,"event_name":"Masked Bandits","floor":22,"gold_loss":44},{"damage_healed":0,"gold_gain":0,"player_choice":"Trade","damage_taken":0,"relics_obtained":["SsserpentHead"],"max_hp_gain":0,"max_hp_loss":0,"event_name":"FaceTrader","floor":24,"gold_loss":0}],"is_beta":false,"boss_relics":[{"not_picked":["Runic Dome","Calling Bell"],"picked":"Astrolabe"}],"items_purged_floors":[],"is_endless":false,"potions_floor_spawned":[1,10,13,18,21,25],"killed_by":"3 Cultists","ascension_level":14}