{"gold_per_floor":[117,117,117,117,141,180,180,196,220,243,243,577,598,12,12,12],"floor_reached":16,"playtime":548,"items_purged":["Strike_R"],"score":263,"play_id":"0d2fcc06-3f18-4421-91fa-e52a612ba972","local_time":"20190803231715","is_ascension_mode":true,"campfire_choices":[{"data":"Bludgeon","floor":7,"key":"SMITH"},{"data":"Power Through","floor":11,"key":"SMITH"},{"floor":15,"key":"REST"}],"neow_cost":"NONE","seed_source_timestamp":1050123302002987,"circlet_count":0,"master_deck":["AscendersBane","Strike_R","Strike_R","Strike_R","Strike_R","Defend_R","Defend_R","Defend_R+1","Defend_R","Bash","Heavy Blade","Bludgeon+1","Dual Wield+1","Brutality","Power Through+1","Havoc","Whirlwind"],"relics":["Burning Blood","NeowsBlessing","Golden Idol","Smiling Mask","Anchor","War Paint","Old Coin","Gremlin Horn"],"potions_floor_usage":[10,14,14,16],"damage_taken":[{"damage":0,"enemies":"2 Louse","floor":1,"turns":1},{"damage":0,"enemies":"Small Slimes","floor":5,"turns":1},{"damage":0,"enemies":"Lagavulin","floor":6,"turns":1},{"damage":0,"enemies":"Cultist","floor":8,"turns":2},{"damage":17,"enemies":"Exordium Wildlife","floor":10,"turns":4},{"damage":33,"enemies":"3 Sentries","floor":12,"turns":9},{"damage":1,"enemies":"Looter","floor":13,"turns":2},{"damage":57,"enemies":"The Guardian","floor":16,"turns":13}],"seed_played":"8354921963550649479","potions_obtained":[{"floor":1,"key":"SmokeBomb"},{"floor":5,"key":"AttackPotion"},{"floor":13,"key":"Weak Potion"}],"is_trial":false,"path_per_floor":["M","?","?","?","M","E","R","M","T","M","R","E","M","$","R","B"],"character_chosen":"IRONCLAD","items_purchased":["Whirlwind","Gremlin Horn","Fruit Juice","Fruit Juice"],"campfire_rested":1,"item_purchase_floors":[14,14,14,14],"current_hp_per_floor":[74,48,37,37,43,49,49,55,55,44,44,17,22,32,57,0],"gold":12,"neow_bonus":"THREE_ENEMY_KILL","is_prod":false,"is_daily":false,"chose_seed":false,"campfire_upgraded":2,"win_rate":0,"timestamp":1564892235,"path_taken":["M","?","?","?","M","E","R","M","T","M","R","E","M","$","R","BOSS"],"build_version":"2019-07-17","purchased_purges":1,"victory":false,"max_hp_per_floor":[75,75,75,75,75,75,75,75,75,75,75,75,75,85,85,85],"card_choices":[{"not_picked":["Warcry","Entrench"],"picked":"Heavy Blade","floor":1},{"not_picked":["Wild Strike","Clothesline"],"picked":"Dual Wield","floor":5},{"not_picked":["Iron Wave","Rupture"],"picked":"Brutality","floor":6},{"not_picked":["Perfected Strike","Rampage","Dual Wield"],"picked":"SKIP","floor":8},{"not_picked":["Wild Strike","Twin Strike"],"picked":"Power Through","floor":10},{"not_picked":["Wild Strike","Uppercut"],"picked":"Havoc","floor":12},{"not_picked":["Flex","Clash","Sword Boomerang"],"picked":"SKIP","floor":13}],"player_experience":552535,"relics_obtained":[{"floor":6,"key":"Anchor"},{"floor":9,"key":"War Paint"},{"floor":12,"key":"Old Coin"}],"event_choices":[{"damage_healed":0,"gold_gain":0,"player_choice":"Take Damage","damage_taken":26,"relics_obtained":["Golden Idol"],"max_hp_gain":0,"max_hp_loss":0,"event_name":"Golden Idol","floor":2,"gold_loss":0},{"damage_healed":0,"gold_gain":0,"player_choice":"Success","damage_taken":11,"relics_obtained":["Smiling Mask"],"max_hp_gain":0,"max_hp_loss":0,"event_name":"Scrap Ooze","floor":3,"gold_loss":0},{"damage_healed":0,"gold_gain":0,"player_choice":"1 cards matched","damage_taken":0,"max_hp_gain":0,"max_hp_loss":0,"event_name":"Match and Keep!","floor":4,"gold_loss":0,"cards_obtained":["Bludgeon"]}],"is_beta":false,"boss_relics":[],"items_purged_floors":[14],"is_endless":false,"potions_floor_spawned":[1,5,13],"killed_by":"The Guardian","ascension_level":19}