{"gold_per_floor":[119,129,129,129,1,1,26,26,26,55,69,69,79,106,106,210,210,222,222,402,402],"floor_reached":21,"playtime":822,"items_purged":[],"score":319,"play_id":"52996f55-7df3-4f6f-a5ec-9d74a2b643bb","local_time":"20190621215533","is_ascension_mode":true,"campfire_choices":[{"data":"True Grit","floor":6,"key":"SMITH"},{"data":"Bludgeon","floor":8,"key":"SMITH"},{"data":"Clothesline","floor":15,"key":"SMITH"}],"neow_cost":"NONE","seed_source_timestamp":181498197428504,"circlet_count":0,"master_deck":["Strike_R","Strike_R","Strike_R","Strike_R+1","Strike_R","Defend_R","Defend_R","Defend_R","Defend_R","Bash+1","Clothesline+1","Cleave","Inflame","True Grit+1","Bludgeon+1","Metallicize","Combust","Seeing Red","Burning Pact","Fiend Fire","Evolve"],"relics":["Burning Blood","NeowsBlessing","Pear","Blue Candle","Centennial Puzzle","Sundial","Magic Flower","Mark of Pain","Nilry\u0027s Codex"],"potions_floor_usage":[16,18],"damage_taken":[{"damage":0,"enemies":"2 Louse","floor":1,"turns":1},{"damage":0,"enemies":"Cultist","floor":2,"turns":1},{"damage":0,"enemies":"3 Sentries","floor":7,"turns":1},{"damage":20,"enemies":"Lagavulin","floor":10,"turns":5},{"damage":4,"enemies":"Small Slimes","floor":11,"turns":3},{"damage":10,"enemies":"Blue Slaver","floor":13,"turns":4},{"damage":19,"enemies":"3 Sentries","floor":14,"turns":6},{"damage":30,"enemies":"The Guardian","floor":16,"turns":10},{"damage":22,"enemies":"2 Thieves","floor":18,"turns":4},{"damage":22,"enemies":"Spheric Guardian","floor":21,"turns":3}],"seed_played":"8294372376799006868","potions_obtained":[{"floor":2,"key":"Explosive Potion"},{"floor":7,"key":"PowerPotion"},{"floor":11,"key":"SteroidPotion"},{"floor":16,"key":"Block Potion"},{"floor":18,"key":"SpeedPotion"}],"is_trial":false,"path_per_floor":["M","M","?","?","$","R","E","R","T","E","M","$","M","E","R","B",null,"M","?","?","M"],"character_chosen":"IRONCLAD","items_purchased":["Inflame","True Grit"],"campfire_rested":0,"item_purchase_floors":[5,5],"current_hp_per_floor":[78,80,64,74,74,74,80,80,80,66,68,68,64,51,51,30,75,62,46,19,0],"gold":402,"neow_bonus":"THREE_ENEMY_KILL","is_prod":false,"is_daily":false,"chose_seed":false,"campfire_upgraded":3,"win_rate":0,"timestamp":1561172133,"path_taken":["M","M","?","?","$","R","E","R","T","E","?","$","?","E","R","BOSS","M","?","?","M"],"build_version":"2019-01-23","purchased_purges":0,"victory":false,"max_hp_per_floor":[80,80,80,90,90,90,90,90,90,90,90,90,90,90,90,90,90,90,90,90,90],"card_choices":[{"not_picked":["Headbutt","Bloodletting"],"picked":"Clothesline","floor":1},{"not_picked":["Headbutt","Sever Soul"],"picked":"Cleave","floor":2},{"not_picked":["Corruption","Cleave"],"picked":"Bludgeon","floor":7},{"not_picked":["Fiend Fire","Clothesline"],"picked":"Metallicize","floor":10},{"not_picked":["Iron Wave","Rupture"],"picked":"Combust","floor":11},{"not_picked":["Pommel Strike","Sever Soul"],"picked":"Seeing Red","floor":13},{"not_picked":["Cleave","Exhume"],"picked":"Burning Pact","floor":14},{"not_picked":["Berserk","Dark Embrace"],"picked":"Fiend Fire","floor":16},{"not_picked":["Ghostly Armor","Heavy Blade"],"picked":"Evolve","floor":18}],"player_experience":358598,"relics_obtained":[{"floor":4,"key":"Pear"},{"floor":7,"key":"Blue Candle"},{"floor":9,"key":"Centennial Puzzle"},{"floor":10,"key":"Sundial"},{"floor":14,"key":"Magic Flower"},{"floor":19,"key":"Nilry\u0027s Codex"}],"event_choices":[{"damage_healed":0,"gold_gain":0,"player_choice":"Entered Light","damage_taken":16,"max_hp_gain":0,"max_hp_loss":0,"event_name":"Shining Light","floor":3,"gold_loss":0,"cards_upgraded":["Strike_R","Bash"]},{"damage_healed":0,"gold_gain":0,"player_choice":"Relic","damage_taken":0,"max_hp_gain":0,"max_hp_loss":0,"event_name":"Wheel of Change","floor":4,"gold_loss":0},{"damage_healed":0,"gold_gain":0,"player_choice":"Obtained Book","damage_taken":16,"max_hp_gain":0,"max_hp_loss":0,"event_name":"Cursed Tome","floor":19,"gold_loss":0},{"damage_healed":0,"gold_gain":180,"player_choice":"GOLD GOLD ","damage_taken":27,"max_hp_gain":0,"max_hp_loss":0,"event_name":"Knowing Skull","floor":20,"potions_obtained":[],"gold_loss":0,"cards_obtained":[]}],"is_beta":false,"boss_relics":[{"not_picked":["Velvet Choker","Black Blood"],"picked":"Mark of Pain"}],"items_purged_floors":[],"is_endless":false,"potions_floor_spawned":[2,7,11,16,18],"killed_by":"Spheric Guardian","ascension_level":9}