{"gold_per_floor":[114,189,202,202,39,39,68,68,139,152,167,167,183,194,194,268,268,279,99,118,131,131,131,31,31,57,69,111,133,170,197,209,221],"floor_reached":33,"playtime":1687,"items_purged":["Strike_R","Strike_R"],"score":540,"play_id":"b1bc1a10-ec24-4941-92b5-e9ed63429780","local_time":"20190705235325","is_ascension_mode":true,"campfire_choices":[{"data":"Bloodletting","floor":6,"key":"SMITH"},{"data":"Disarm","floor":8,"key":"SMITH"},{"data":"Sentinel","floor":12,"key":"SMITH"},{"data":"True Grit","floor":15,"key":"SMITH"},{"data":"Shockwave","floor":23,"key":"SMITH"},{"data":"Immolate","floor":27,"key":"SMITH"},{"floor":32,"key":"REST"}],"neow_cost":"NONE","seed_source_timestamp":640057502654463,"circlet_count":0,"master_deck":["AscendersBane","Strike_R","Defend_R","Defend_R","Defend_R","Defend_R","Bash","Feel No Pain","Disarm+1","Bloodletting+1","Rupture","Spot Weakness","Sentinel+1","Armaments","True Grit+1","Shockwave+1","Impervious","Corruption","Immolate+1","Pummel","Armaments","Exhume","Dual Wield","Spot Weakness+1","Offering","Sword Boomerang"],"relics":["Burning Blood","NeowsBlessing","Gambling Chip","Mummified Hand","Velvet Choker","MawBank","Red Mask","Art of War"],"potions_floor_usage":[20,30,30],"damage_taken":[{"damage":0,"enemies":"Jaw Worm","floor":1,"turns":1},{"damage":0,"enemies":"Small Slimes","floor":3,"turns":1},{"damage":0,"enemies":"Lagavulin","floor":7,"turns":2},{"damage":11,"enemies":"Cultist","floor":10,"turns":5},{"damage":21,"enemies":"3 Louse","floor":11,"turns":5},{"damage":38,"enemies":"Exordium Wildlife","floor":13,"turns":6},{"damage":0,"enemies":"2 Fungi Beasts","floor":14,"turns":4},{"damage":28,"enemies":"Hexaghost","floor":16,"turns":14},{"damage":42,"enemies":"Spheric Guardian","floor":18,"turns":12},{"damage":13,"enemies":"3 Byrds","floor":20,"turns":6},{"damage":15,"enemies":"Snake Plant","floor":21,"turns":5},{"damage":0,"enemies":"Masked Bandits","floor":28,"turns":2},{"damage":8,"enemies":"Centurion and Healer","floor":29,"turns":5},{"damage":16,"enemies":"Slavers","floor":30,"turns":7},{"damage":12,"enemies":"Shelled Parasite and Fungi","floor":31,"turns":6},{"damage":49,"enemies":"Collector","floor":33,"turns":6}],"seed_played":"4531715742277100737","potions_obtained":[{"floor":1,"key":"Block Potion"},{"floor":10,"key":"BloodPotion"},{"floor":18,"key":"Fire Potion"},{"floor":21,"key":"Regen Potion"},{"floor":31,"key":"LiquidBronze"}],"is_trial":false,"path_per_floor":["M","?","M","?","$","R","E","R","T","M","M","R","M","M","R","B",null,"M","$","M","M","?","R","$","$","T","R","?","M","E","M","R","B"],"character_chosen":"IRONCLAD","items_purchased":["Rupture","Immolate"],"campfire_rested":1,"item_purchase_floors":[5,19],"current_hp_per_floor":[74,63,69,69,69,69,75,75,75,70,55,55,23,29,29,7,58,22,22,33,24,24,24,24,24,24,24,30,28,33,27,49,0],"gold":221,"neow_bonus":"THREE_ENEMY_KILL","is_prod":false,"is_daily":false,"chose_seed":false,"campfire_upgraded":6,"win_rate":0,"timestamp":1562388805,"path_taken":["M","?","M","?","?","R","E","R","T","M","M","R","M","?","R","BOSS","M","$","M","M","?","R","?","$","T","R","?","?","E","M","R","BOSS"],"build_version":"2019-07-05","purchased_purges":2,"victory":false,"max_hp_per_floor":[75,75,75,75,75,75,75,75,75,75,75,75,75,75,75,75,75,75,75,75,75,75,75,75,75,75,75,75,75,75,75,75,75],"card_choices":[{"not_picked":["Reckless Charge","Infernal Blade"],"picked":"Feel No Pain","floor":1},{"not_picked":["Carnage","Feel No Pain"],"picked":"Disarm","floor":3},{"not_picked":["Havoc","Twin Strike"],"picked":"Spot Weakness","floor":7},{"not_picked":["Perfected Strike","Anger"],"picked":"Sentinel","floor":10},{"not_picked":["Thunderclap","Flex"],"picked":"Armaments","floor":11},{"not_picked":["Warcry","Sword Boomerang"],"picked":"True Grit","floor":13},{"not_picked":["Iron Wave","Sentinel"],"picked":"Shockwave","floor":14},{"not_picked":["Reaper","Double Tap"],"picked":"Impervious","floor":16},{"not_picked":["Metallicize","Pummel"],"picked":"Corruption","floor":18},{"not_picked":["Thunderclap","Sword Boomerang"],"picked":"Pummel","floor":20},{"not_picked":["Anger","Clash"],"picked":"Armaments","floor":21},{"not_picked":["Flex","Searing Blow"],"picked":"Dual Wield","floor":28},{"not_picked":["Wild Strike","Sword Boomerang"],"picked":"Spot Weakness+1","floor":29},{"not_picked":["Warcry","Cleave"],"picked":"Offering","floor":30},{"not_picked":["Clash","Clothesline"],"picked":"Sword Boomerang","floor":31}],"player_experience":448470,"relics_obtained":[{"floor":7,"key":"Gambling Chip"},{"floor":9,"key":"Mummified Hand"},{"floor":26,"key":"MawBank"},{"floor":28,"key":"Red Mask"},{"floor":30,"key":"Art of War"}],"event_choices":[{"damage_healed":0,"gold_gain":75,"player_choice":"Gather Gold","damage_taken":11,"max_hp_gain":0,"max_hp_loss":0,"event_name":"World of Goop","floor":2,"gold_loss":0},{"damage_healed":0,"gold_gain":0,"cards_transformed":["Strike_R"],"player_choice":"Change","damage_taken":0,"max_hp_gain":0,"max_hp_loss":0,"event_name":"Living Wall","floor":4,"gold_loss":0,"cards_obtained":["Bloodletting"]},{"damage_healed":0,"gold_gain":0,"cards_transformed":["Strike_R"],"player_choice":"Transformed","damage_taken":0,"max_hp_gain":0,"max_hp_loss":0,"event_name":"Transmorgrifier","floor":22,"gold_loss":0,"cards_obtained":["Exhume"]},{"damage_healed":0,"gold_gain":0,"player_choice":"Fought Bandits","damage_taken":0,"max_hp_gain":0,"max_hp_loss":0,"event_name":"Masked Bandits","floor":28,"gold_loss":0}],"is_beta":false,"boss_relics":[{"not_picked":["White Beast Statue","Coffee Dripper"],"picked":"Velvet Choker"}],"items_purged_floors":[5,24],"is_endless":false,"potions_floor_spawned":[1,10,13,18,21,28,31],"killed_by":"Collector","ascension_level":17}