{"gold_per_floor":[115,115,0,19,19,19,51,51,51,51,65,100,118,137,137,216,216,230,230],"floor_reached":19,"playtime":709,"items_purged":["Strike_R"],"score":333,"play_id":"75c3a8f6-377f-48fd-8033-c929e471e1aa","local_time":"20190627205910","is_ascension_mode":true,"campfire_choices":[{"data":"Bash","floor":6,"key":"SMITH"},{"data":"Rampage","floor":8,"key":"SMITH"},{"data":"Iron Wave","floor":10,"key":"SMITH"},{"data":"Rampage","floor":15,"key":"SMITH"}],"neow_cost":"NONE","seed_source_timestamp":115753148023108,"circlet_count":0,"master_deck":["AscendersBane","Strike_R","Strike_R","Strike_R+1","Strike_R","Defend_R","Defend_R","Defend_R+1","Defend_R","Bash+1","Armaments+1","Feel No Pain","Iron Wave+1","Rampage+1","True Grit","Spot Weakness","Seeing Red","Rampage+1","Barricade","Body Slam"],"relics":["Burning Blood","NeowsBlessing","Bottled Flame","Ornamental Fan","Pen Nib","Snecko Eye"],"potions_floor_usage":[16],"damage_taken":[{"damage":0,"enemies":"Jaw Worm","floor":1,"turns":1},{"damage":0,"enemies":"Small Slimes","floor":4,"turns":1},{"damage":0,"enemies":"Gremlin Nob","floor":7,"turns":1},{"damage":5,"enemies":"Cultist","floor":11,"turns":4},{"damage":3,"enemies":"3 Sentries","floor":12,"turns":12},{"damage":33,"enemies":"Gremlin Gang","floor":13,"turns":5},{"damage":0,"enemies":"2 Fungi Beasts","floor":14,"turns":4},{"damage":68,"enemies":"Hexaghost","floor":16,"turns":12},{"damage":48,"enemies":"Spheric Guardian","floor":18,"turns":7},{"damage":20,"enemies":"Shell Parasite","floor":19,"turns":3}],"seed_played":"3766112212256714714","potions_obtained":[{"floor":4,"key":"Swift Potion"},{"floor":11,"key":"FairyPotion"},{"floor":13,"key":"AttackPotion"}],"is_trial":false,"path_per_floor":["M","?","$","M","?","R","E","R","T","R","M","E","M","M","R","B",null,"M","M"],"character_chosen":"IRONCLAD","items_purchased":["Feel No Pain"],"campfire_rested":0,"item_purchase_floors":[3],"current_hp_per_floor":[78,62,62,68,68,68,74,74,74,74,75,78,51,57,57,8,62,20,0],"gold":230,"neow_bonus":"THREE_ENEMY_KILL","is_prod":false,"is_daily":false,"chose_seed":false,"campfire_upgraded":4,"win_rate":0,"timestamp":1561687150,"path_taken":["M","?","$","M","?","R","E","R","T","R","?","E","M","M","R","BOSS","M","?"],"build_version":"2019-01-23","purchased_purges":1,"victory":false,"max_hp_per_floor":[80,80,80,80,80,80,80,80,80,80,80,80,80,80,80,80,80,80,80],"card_choices":[{"not_picked":["Headbutt","Havoc"],"picked":"Armaments","floor":1},{"not_picked":["Sword Boomerang","Sentinel"],"picked":"Iron Wave","floor":4},{"not_picked":["Entrench","Burning Pact"],"picked":"Rampage","floor":7},{"not_picked":["Burning Pact","Pummel"],"picked":"True Grit","floor":11},{"not_picked":["Armaments","Dropkick"],"picked":"Spot Weakness","floor":12},{"not_picked":["Armaments","Anger"],"picked":"Seeing Red","floor":13},{"not_picked":["Ghostly Armor","Entrench"],"picked":"Rampage","floor":14},{"not_picked":["Brutality","Reaper"],"picked":"Barricade","floor":16},{"not_picked":["Uppercut","Wild Strike"],"picked":"Body Slam","floor":18}],"player_experience":413664,"relics_obtained":[{"floor":7,"key":"Bottled Flame"},{"floor":9,"key":"Ornamental Fan"},{"floor":12,"key":"Pen Nib"}],"event_choices":[{"damage_healed":0,"gold_gain":0,"player_choice":"Entered Light","damage_taken":16,"max_hp_gain":0,"max_hp_loss":0,"event_name":"Shining Light","floor":2,"gold_loss":0,"cards_upgraded":["Defend_R","Strike_R"]},{"damage_healed":0,"gold_gain":0,"player_choice":"Upgraded","damage_taken":0,"max_hp_gain":0,"max_hp_loss":0,"event_name":"Upgrade Shrine","floor":5,"gold_loss":0,"cards_upgraded":["Armaments"]}],"is_beta":false,"boss_relics":[{"not_picked":["Black Blood","Coffee Dripper"],"picked":"Snecko Eye"}],"items_purged_floors":[3],"is_endless":false,"potions_floor_spawned":[4,11,13],"killed_by":"Shell Parasite","ascension_level":13}