{"gold_per_floor":[119,119,119,139,152,152,27,27,27,27,50,93,93,117,117,213,213,233,257,257,1,17,17,17],"floor_reached":24,"playtime":1047,"items_purged":["Strike_R","Strike_R"],"score":343,"play_id":"eca03fa6-25f8-491e-b768-6963642cc841","local_time":"20190701225735","is_ascension_mode":true,"campfire_choices":[{"data":"Disarm","floor":6,"key":"SMITH"},{"data":"Rampage","floor":13,"key":"SMITH"},{"data":"Demon Form","floor":15,"key":"SMITH"},{"floor":23,"key":"REST"}],"neow_cost":"NONE","seed_source_timestamp":291741519437302,"circlet_count":0,"master_deck":["AscendersBane","Strike_R","Strike_R","Strike_R","Defend_R","Defend_R","Defend_R","Defend_R","Bash","True Grit+1","Disarm+1","Dropkick","Metallicize","Rampage+1","Demon Form+1","Offering","Corruption","Rampage","Limit Break","Headbutt"],"relics":["Burning Blood","NeowsBlessing","Golden Idol","Mercury Hourglass","Pocketwatch","Snecko Eye"],"potions_floor_usage":[11,12,19,24,24],"damage_taken":[{"damage":0,"enemies":"Jaw Worm","floor":1,"turns":1},{"damage":0,"enemies":"Cultist","floor":4,"turns":1},{"damage":0,"enemies":"2 Louse","floor":5,"turns":1},{"damage":9,"enemies":"Lots of Slimes","floor":11,"turns":3},{"damage":21,"enemies":"3 Sentries","floor":12,"turns":9},{"damage":0,"enemies":"Exordium Wildlife","floor":14,"turns":4},{"damage":26,"enemies":"Slime Boss","floor":16,"turns":6},{"damage":29,"enemies":"3 Byrds","floor":18,"turns":6},{"damage":28,"enemies":"Spheric Guardian","floor":19,"turns":5},{"damage":21,"enemies":"Cultist and Chosen","floor":22,"turns":5},{"damage":43,"enemies":"Book of Stabbing","floor":24,"turns":5}],"seed_played":"7823745500290585681","potions_obtained":[{"floor":1,"key":"SkillPotion"},{"floor":10,"key":"Block Potion"},{"floor":12,"key":"PowerPotion"},{"floor":16,"key":"Regen Potion"},{"floor":19,"key":"LiquidBronze"}],"is_trial":false,"path_per_floor":["M","?","?","M","M","R","$","?","T","?","M","E","R","M","R","B",null,"M","M","?","$","M","R","E"],"character_chosen":"IRONCLAD","items_purchased":["Fire Potion","Limit Break"],"campfire_rested":1,"item_purchase_floors":[7,21],"current_hp_per_floor":[74,48,48,54,60,60,60,65,65,65,62,47,47,53,53,33,68,45,32,32,32,17,41,0],"gold":17,"neow_bonus":"THREE_ENEMY_KILL","is_prod":false,"is_daily":false,"chose_seed":false,"campfire_upgraded":3,"win_rate":0,"timestamp":1562039855,"path_taken":["M","?","?","M","?","R","$","?","T","?","?","E","R","M","R","BOSS","M","M","?","$","M","R","E"],"build_version":"2019-07-01","purchased_purges":2,"victory":false,"max_hp_per_floor":[75,75,75,75,75,75,75,80,80,80,80,80,80,80,80,80,80,80,80,80,80,80,80,80],"card_choices":[{"not_picked":["Perfected Strike","Clash"],"picked":"True Grit","floor":1},{"not_picked":["Clothesline","Cleave"],"picked":"Disarm","floor":4},{"not_picked":["Reckless Charge","Clash"],"picked":"Dropkick","floor":5},{"not_picked":["Headbutt","Flex"],"picked":"Metallicize","floor":11},{"not_picked":["Combust","Warcry"],"picked":"Rampage","floor":12},{"not_picked":["Infernal Blade","Perfected Strike"],"picked":"Demon Form","floor":14},{"not_picked":["Berserk","Fiend Fire"],"picked":"Offering","floor":16},{"not_picked":["Spot Weakness+1","Wild Strike","Warcry"],"picked":"SKIP","floor":18},{"not_picked":["Sword Boomerang","Searing Blow"],"picked":"Corruption","floor":19},{"not_picked":["Armaments","Clothesline"],"picked":"Headbutt","floor":22}],"player_experience":433407,"relics_obtained":[{"floor":9,"key":"Mercury Hourglass"},{"floor":12,"key":"Pocketwatch"}],"event_choices":[{"damage_healed":0,"gold_gain":0,"player_choice":"Take Damage","damage_taken":26,"relics_obtained":["Golden Idol"],"max_hp_gain":0,"max_hp_loss":0,"event_name":"Golden Idol","floor":2,"gold_loss":0},{"damage_healed":0,"gold_gain":0,"player_choice":"Forge","damage_taken":0,"max_hp_gain":0,"max_hp_loss":0,"event_name":"Accursed Blacksmith","floor":3,"gold_loss":0,"cards_upgraded":["True Grit"]},{"damage_healed":0,"gold_gain":0,"player_choice":"Donut","damage_taken":0,"max_hp_gain":5,"max_hp_loss":0,"event_name":"Big Fish","floor":8,"gold_loss":0},{"damage_healed":0,"gold_gain":0,"player_choice":"Got Potions","damage_taken":0,"max_hp_gain":0,"max_hp_loss":0,"event_name":"Lab","floor":10,"gold_loss":0},{"damage_healed":0,"gold_gain":0,"player_choice":"1 cards matched","damage_taken":0,"max_hp_gain":0,"max_hp_loss":0,"event_name":"Match and Keep!","floor":20,"gold_loss":0,"cards_obtained":["Rampage"]}],"is_beta":false,"boss_relics":[{"not_picked":["Cursed Key","Lizard Tail"],"picked":"Snecko Eye"}],"items_purged_floors":[7,21],"is_endless":false,"potions_floor_spawned":[1,12,16,19],"killed_by":"Book of Stabbing","ascension_level":15}