{"gold_per_floor":[117,133,17,17,37,37,110,75,101,140,140,156,156,156],"floor_reached":14,"playtime":468,"items_purged":[],"score":142,"play_id":"c906a281-3c66-40ba-a47d-6ecb4a231293","local_time":"20190622164035","is_ascension_mode":true,"campfire_choices":[{"data":"Limit Break","floor":6,"key":"SMITH"},{"floor":11,"key":"REST"},{"floor":13,"key":"REST"}],"neow_cost":"NONE","seed_source_timestamp":249356172433625,"circlet_count":0,"master_deck":["Strike_R","Strike_R","Strike_R","Strike_R","Strike_R","Defend_R","Defend_R","Defend_R","Defend_R","Bash","Limit Break+1","Battle Trance","True Grit","Inflame","Burning Pact","Shrug It Off","Flex","Pummel"],"relics":["Burning Blood","Golden Idol","Tiny Chest","Matryoshka"],"potions_floor_usage":[7,12],"damage_taken":[{"damage":8,"enemies":"Jaw Worm","floor":1,"turns":4},{"damage":2,"enemies":"2 Louse","floor":2,"turns":4},{"damage":6,"enemies":"Cultist","floor":5,"turns":3},{"damage":34,"enemies":"Gremlin Nob","floor":7,"turns":5},{"damage":32,"enemies":"Lagavulin","floor":10,"turns":7},{"damage":37,"enemies":"Gremlin Gang","floor":12,"turns":4},{"damage":42,"enemies":"3 Sentries","floor":14,"turns":5}],"seed_played":"-351817763755368499","potions_obtained":[{"floor":5,"key":"LiquidBronze"}],"is_trial":false,"path_per_floor":["M","M","$","?","M","R","E","?","T","E","R","M","R","E"],"character_chosen":"IRONCLAD","items_purchased":["Inflame","Block Potion"],"campfire_rested":2,"item_purchase_floors":[3,3],"current_hp_per_floor":[70,74,74,54,54,54,26,46,46,20,44,13,37,0],"gold":156,"neow_bonus":"ONE_RANDOM_RARE_CARD","is_prod":false,"is_daily":false,"chose_seed":false,"campfire_upgraded":1,"win_rate":0,"timestamp":1561239635,"path_taken":["M","M","$","?","M","R","E","?","T","E","R","M","R","E"],"build_version":"2019-01-23","purchased_purges":0,"victory":false,"max_hp_per_floor":[80,80,80,80,80,80,80,80,80,80,80,80,80,80],"card_choices":[{"not_picked":["Havoc","Evolve"],"picked":"Battle Trance","floor":1},{"not_picked":["Second Wind","Perfected Strike"],"picked":"True Grit","floor":2},{"not_picked":["Wild Strike","Clash"],"picked":"Burning Pact","floor":5},{"not_picked":["Entrench","Infernal Blade"],"picked":"Shrug It Off","floor":7},{"not_picked":["Intimidate","Clothesline"],"picked":"Flex","floor":10},{"not_picked":["Inflame","Pommel Strike"],"picked":"Pummel","floor":12}],"player_experience":368637,"relics_obtained":[{"floor":7,"key":"Tiny Chest"},{"floor":10,"key":"Matryoshka"}],"event_choices":[{"damage_healed":0,"gold_gain":0,"player_choice":"Take Damage","damage_taken":20,"relics_obtained":["Golden Idol"],"max_hp_gain":0,"max_hp_loss":0,"event_name":"Golden Idol","floor":4,"gold_loss":0},{"damage_healed":20,"gold_gain":0,"player_choice":"Healed","damage_taken":0,"max_hp_gain":0,"max_hp_loss":0,"event_name":"The Cleric","floor":8,"gold_loss":35}],"is_beta":false,"boss_relics":[],"items_purged_floors":[],"is_endless":false,"potions_floor_spawned":[5],"killed_by":"3 Sentries","ascension_level":9}