{"gold_per_floor":[109,120,120,120,195,160,160,194,194,194,194,194,232,250,250,344,344,359,34,34,34,54,54,72,72],"floor_reached":25,"playtime":494,"items_purged":[],"score":464,"play_id":"cc8e9d6a-d707-4f38-a133-803f8a0a733e","local_time":"20190803175648","is_ascension_mode":true,"campfire_choices":[{"data":"Zap","floor":7,"key":"SMITH"},{"data":"Dualcast","floor":11,"key":"SMITH"},{"floor":15,"key":"REST"},{"floor":23,"key":"REST"}],"neow_cost":"NONE","seed_source_timestamp":1027802553960600,"circlet_count":0,"master_deck":["AscendersBane","Strike_B","Strike_B","Strike_B","Strike_B","Defend_B","Defend_B","Defend_B","Defend_B","Zap+1","Dualcast+1","Cold Snap","Static Discharge+1","Beam Cell","Cold Snap","Echo Form","Melter+1"],"relics":["Cracked Core","NeowsBlessing","Torii","Singing Bowl","Bloody Idol","Anchor","Snecko Eye","Emotion Chip"],"potions_floor_usage":[14,16,25],"damage_taken":[{"damage":0,"enemies":"Cultist","floor":1,"turns":1},{"damage":0,"enemies":"Small Slimes","floor":2,"turns":1},{"damage":0,"enemies":"3 Sentries","floor":8,"turns":2},{"damage":34,"enemies":"Gremlin Nob","floor":13,"turns":3},{"damage":0,"enemies":"2 Louse","floor":14,"turns":1},{"damage":47,"enemies":"Slime Boss","floor":16,"turns":8},{"damage":1,"enemies":"Chosen","floor":18,"turns":4},{"damage":22,"enemies":"2 Thieves","floor":22,"turns":3},{"damage":7,"enemies":"Snake Plant","floor":24,"turns":3},{"damage":63,"enemies":"Slavers","floor":25,"turns":4}],"seed_played":"-5220051184358083371","potions_obtained":[{"floor":8,"key":"Explosive Potion"},{"floor":14,"key":"FearPotion"},{"floor":22,"key":"EssenceOfSteel"}],"is_trial":false,"path_per_floor":["M","M","$","?","?","?","R","E","T","?","R","$","E","M","R","B",null,"M","$","?","?","M","R","M","E"],"character_chosen":"DEFECT","items_purchased":["Emotion Chip"],"campfire_rested":2,"item_purchase_floors":[19],"current_hp_per_floor":[64,64,64,64,53,70,70,70,70,64,64,64,32,32,51,4,51,52,52,52,52,42,63,61,0],"gold":72,"neow_bonus":"THREE_ENEMY_KILL","is_prod":false,"is_daily":false,"chose_seed":false,"campfire_upgraded":2,"win_rate":0,"timestamp":1564847808,"path_taken":["M","M","$","?","?","?","R","E","T","?","R","$","E","M","R","BOSS","M","$","?","?","M","R","?","E"],"build_version":"2019-07-17","purchased_purges":0,"victory":false,"max_hp_per_floor":[71,71,71,71,71,71,71,71,71,64,64,64,66,66,66,66,66,68,68,68,68,70,70,70,70],"card_choices":[{"not_picked":["Conserve Battery","Go for the Eyes"],"picked":"Cold Snap","floor":1},{"not_picked":["Beam Cell","Ball Lightning"],"picked":"Static Discharge","floor":2},{"not_picked":["Sweeping Beam","Rainbow"],"picked":"Beam Cell","floor":8},{"not_picked":["Cold Snap","Go for the Eyes","Steam"],"picked":"Singing Bowl","floor":13},{"not_picked":["Hologram","Gash"],"picked":"Cold Snap","floor":14},{"not_picked":["Thunder Strike","Amplify"],"picked":"Echo Form","floor":16},{"not_picked":["Redo","FTL","Darkness+1"],"picked":"Singing Bowl","floor":18},{"not_picked":["Rip and Tear","Genetic Algorithm","Ball Lightning"],"picked":"Singing Bowl","floor":22},{"not_picked":["Ball Lightning","Turbo"],"picked":"Melter+1","floor":24}],"player_experience":401267,"relics_obtained":[{"floor":8,"key":"Torii"},{"floor":9,"key":"Singing Bowl"},{"floor":13,"key":"Anchor"}],"event_choices":[{"damage_healed":0,"gold_gain":0,"player_choice":"Grow","damage_taken":0,"max_hp_gain":0,"max_hp_loss":0,"event_name":"Living Wall","floor":4,"gold_loss":0,"cards_upgraded":["Static Discharge"]},{"damage_healed":0,"gold_gain":75,"player_choice":"Gather Gold","damage_taken":11,"max_hp_gain":0,"max_hp_loss":0,"event_name":"World of Goop","floor":5,"gold_loss":0},{"damage_healed":17,"gold_gain":0,"player_choice":"Healed","damage_taken":0,"max_hp_gain":0,"max_hp_loss":0,"event_name":"The Cleric","floor":6,"gold_loss":35},{"damage_healed":0,"gold_gain":0,"player_choice":"Lose Max HP","damage_taken":0,"relics_obtained":["Golden Idol"],"max_hp_gain":0,"max_hp_loss":7,"event_name":"Golden Idol","floor":10,"gold_loss":0},{"damage_healed":0,"gold_gain":0,"player_choice":"Gave Idol","damage_taken":0,"relics_obtained":["Bloody Idol"],"max_hp_gain":0,"max_hp_loss":0,"event_name":"Forgotten Altar","floor":20,"relics_lost":["Golden Idol"],"gold_loss":0},{"damage_healed":0,"gold_gain":0,"player_choice":"Ignored","damage_taken":0,"max_hp_gain":0,"max_hp_loss":0,"event_name":"N\u0027loth","floor":21,"gold_loss":0}],"is_beta":false,"boss_relics":[{"not_picked":["Lizard Tail","Ectoplasm"],"picked":"Snecko Eye"}],"items_purged_floors":[],"is_endless":false,"potions_floor_spawned":[8,14,22],"killed_by":"Slavers","ascension_level":20}