{"gold_per_floor":[111,111,28,28,28,59,59,75,75,75,93,93,133,283,283,382,382,406,23,44,44,67,110,110,151,220,220,239,239,262,295,295,295],"floor_reached":33,"playtime":1492,"items_purged":["Doubt"],"score":638,"play_id":"bd6ccd0a-743b-47a9-9362-4bee6967acf5","local_time":"20190713183632","is_ascension_mode":true,"campfire_choices":[{"data":"Searing Blow","floor":7,"key":"SMITH"},{"data":"Searing Blow+1","floor":10,"key":"SMITH"},{"data":"Searing Blow+2","floor":12,"key":"SMITH"},{"data":"Searing Blow+3","floor":15,"key":"SMITH"},{"floor":24,"key":"REST"},{"data":"Searing Blow+4","floor":27,"key":"SMITH"},{"data":"Searing Blow+5","floor":29,"key":"SMITH"},{"floor":32,"key":"REST"}],"neow_cost":"NONE","seed_source_timestamp":260125279646607,"circlet_count":0,"master_deck":["AscendersBane","Strike_R","Strike_R","Strike_R","Defend_R","Defend_R","Defend_R","Defend_R","Bash","Metallicize","Uppercut","Flame Barrier","Searing Blow+6","Shockwave","Headbutt","Battle Trance","True Grit","Juggernaut","Armaments","Whirlwind","Iron Wave","Armaments","Iron Wave","Juggernaut","Armaments","Dual Wield"],"relics":["Burning Blood","NeowsBlessing","Golden Idol","Mercury Hourglass","Bottled Tornado","Bag of Marbles","Cursed Key","Omamori","Mango","Regal Pillow","Sundial","Question Card","Pen Nib"],"potions_floor_usage":[13,18,31],"damage_taken":[{"damage":0,"enemies":"Cultist","floor":1,"turns":1},{"damage":0,"enemies":"3 Sentries","floor":6,"turns":2},{"damage":0,"enemies":"Jaw Worm","floor":8,"turns":1},{"damage":2,"enemies":"2 Louse","floor":11,"turns":2},{"damage":19,"enemies":"Lagavulin","floor":13,"turns":4},{"damage":23,"enemies":"Slime Boss","floor":16,"turns":9},{"damage":3,"enemies":"Chosen","floor":18,"turns":5},{"damage":2,"enemies":"3 Byrds","floor":20,"turns":4},{"damage":18,"enemies":"Snake Plant","floor":22,"turns":4},{"damage":48,"enemies":"Gremlin Leader","floor":23,"turns":9},{"damage":23,"enemies":"Book of Stabbing","floor":25,"turns":4},{"damage":10,"enemies":"3 Cultists","floor":28,"turns":4},{"damage":17,"enemies":"Centurion and Healer","floor":30,"turns":5},{"damage":33,"enemies":"Gremlin Leader","floor":31,"turns":5},{"damage":55,"enemies":"Automaton","floor":33,"turns":6}],"seed_played":"5679657349822792617","potions_obtained":[{"floor":6,"key":"Energy Potion"},{"floor":8,"key":"Block Potion"},{"floor":18,"key":"LiquidBronze"},{"floor":28,"key":"Fire Potion"},{"floor":30,"key":"Strength Potion"},{"floor":31,"key":"LiquidBronze"}],"is_trial":false,"path_per_floor":["M","?","$","?","?","E","R","M","T","R","M","R","E","?","R","B",null,"M","$","M","?","M","E","R","E","T","R","M","R","M","E","R","B"],"character_chosen":"IRONCLAD","items_purchased":["Flame Barrier","Whirlwind","Omamori","Iron Wave"],"campfire_rested":2,"item_purchase_floors":[3,19,19,19],"current_hp_per_floor":[74,74,74,48,48,54,54,60,60,60,64,64,51,51,51,34,65,68,68,72,86,74,32,73,56,56,56,52,52,41,14,55,0],"gold":295,"neow_bonus":"THREE_ENEMY_KILL","is_prod":false,"is_daily":false,"chose_seed":false,"campfire_upgraded":6,"win_rate":0,"timestamp":1563060992,"path_taken":["M","?","$","?","?","E","R","?","T","R","M","R","E","?","R","BOSS","M","$","M","?","M","E","R","E","T","R","M","R","?","E","R","BOSS"],"build_version":"2019-07-05","purchased_purges":1,"victory":false,"max_hp_per_floor":[75,75,75,75,75,75,75,75,75,75,75,75,75,75,75,75,75,75,75,75,89,89,89,89,89,89,89,89,89,89,89,89,89],"card_choices":[{"not_picked":["Flex","Thunderclap"],"picked":"Metallicize","floor":1},{"not_picked":["Shrug It Off","Seeing Red"],"picked":"Shockwave","floor":6},{"not_picked":["Shockwave","Sentinel"],"picked":"Headbutt","floor":8},{"not_picked":["Reckless Charge","Cleave"],"picked":"Battle Trance","floor":11},{"not_picked":["Headbutt","Clothesline"],"picked":"True Grit","floor":13},{"not_picked":["Dark Embrace","Brutality"],"picked":"Juggernaut","floor":16},{"not_picked":["Sever Soul","Searing Blow"],"picked":"Armaments","floor":18},{"not_picked":["Disarm","Perfected Strike"],"picked":"Armaments","floor":20},{"not_picked":["Havoc","Twin Strike"],"picked":"Iron Wave","floor":22},{"not_picked":["Armaments","Perfected Strike"],"picked":"Juggernaut","floor":23},{"not_picked":["Sword Boomerang","Body Slam"],"picked":"Armaments","floor":25},{"not_picked":["Reaper","Cleave","Flex","Clothesline"],"picked":"SKIP","floor":28},{"not_picked":["Carnage","Body Slam","Heavy Blade","Rupture+1"],"picked":"SKIP","floor":30},{"not_picked":["Rampage+1","Body Slam","Heavy Blade"],"picked":"Dual Wield","floor":31}],"player_experience":481522,"relics_obtained":[{"floor":6,"key":"Mercury Hourglass"},{"floor":9,"key":"Bottled Tornado"},{"floor":13,"key":"Bag of Marbles"},{"floor":23,"key":"Regal Pillow"},{"floor":25,"key":"Sundial"},{"floor":26,"key":"Question Card"},{"floor":31,"key":"Pen Nib"}],"event_choices":[{"damage_healed":0,"gold_gain":0,"cards_transformed":["Strike_R"],"player_choice":"Change","damage_taken":0,"max_hp_gain":0,"max_hp_loss":0,"event_name":"Living Wall","floor":2,"gold_loss":0,"cards_obtained":["Uppercut"]},{"damage_healed":0,"gold_gain":0,"player_choice":"Take Damage","damage_taken":26,"relics_obtained":["Golden Idol"],"max_hp_gain":0,"max_hp_loss":0,"event_name":"Golden Idol","floor":4,"gold_loss":0},{"damage_healed":0,"gold_gain":0,"cards_transformed":["Strike_R"],"player_choice":"Transformed","damage_taken":0,"max_hp_gain":0,"max_hp_loss":0,"event_name":"Transmorgrifier","floor":5,"gold_loss":0,"cards_obtained":["Searing Blow"]},{"damage_healed":0,"gold_gain":150,"player_choice":"AGREE","damage_taken":0,"max_hp_gain":0,"max_hp_loss":0,"event_name":"Liars Game","floor":14,"gold_loss":0,"cards_obtained":["Doubt"]},{"damage_healed":0,"gold_gain":0,"player_choice":"Gave Potion","damage_taken":0,"relics_obtained":["Mango"],"max_hp_gain":0,"max_hp_loss":0,"event_name":"WeMeetAgain","floor":21,"gold_loss":0}],"is_beta":false,"boss_relics":[{"not_picked":["Ectoplasm","Eternal Feather"],"picked":"Cursed Key"}],"items_purged_floors":[19],"is_endless":false,"potions_floor_spawned":[6,8,18,28,30,31],"killed_by":"Automaton","ascension_level":18}