{"gold_per_floor":[115,115,126,136,148,148,177,193,248,248,173,25,60,71,71,71],"floor_reached":16,"playtime":958,"items_purged":["Defend_R","Defend_R"],"score":112,"play_id":"949de87a-5bd7-4cf2-be2b-35b851617383","local_time":"20180828164328","is_ascension_mode":false,"campfire_choices":[{"data":"Perfected Strike","floor":6,"key":"SMITH"},{"data":"Shrug It Off","floor":15,"key":"SMITH"}],"neow_cost":"","seed_source_timestamp":1125962135379368,"circlet_count":0,"master_deck":["Strike_R","Strike_R","Strike_R","Strike_R","Strike_R","Defend_R","Bash","Shrug It Off+1","Perfected Strike+1","Warcry","Warcry","Twin Strike","Shrug It Off","Seeing Red","Perfected Strike"],"relics":["Burning Blood","Pear","Dream Catcher","Ornamental Fan"],"potions_floor_usage":[8,16,16,16],"damage_taken":[{"damage":1,"enemies":"Cultist","floor":1,"turns":4},{"damage":0,"enemies":"Small Slimes","floor":3,"turns":3},{"damage":0,"enemies":"2 Louse","floor":4,"turns":3},{"damage":16,"enemies":"Lots of Slimes","floor":5,"turns":6},{"damage":27,"enemies":"Lagavulin","floor":7,"turns":7},{"damage":10,"enemies":"Exordium Thugs","floor":8,"turns":6},{"damage":37,"enemies":"3 Sentries","floor":13,"turns":8},{"damage":12,"enemies":"Blue Slaver","floor":14,"turns":3},{"damage":19,"enemies":"The Guardian","floor":16,"turns":8}],"seed_played":"-2177912580923203730","potions_obtained":[{"floor":4,"key":"Energy Potion"},{"floor":7,"key":"Dexterity Potion"},{"floor":8,"key":"AttackPotion"},{"floor":14,"key":"Strength Potion"}],"is_trial":false,"path_per_floor":["M","?","M","M","M","R","E","M","T","?","$","$","E","M","R"],"character_chosen":"IRONCLAD","items_purchased":["Shrug It Off"],"campfire_rested":0,"item_purchase_floors":[12],"current_hp_per_floor":[80,80,80,80,70,70,59,55,55,55,55,55,24,18,18,0],"gold":71,"neow_bonus":"","is_prod":false,"is_daily":false,"chose_seed":false,"campfire_upgraded":2,"win_rate":0.0,"timestamp":1535496208,"path_taken":["M","?","M","M","M","R","E","M","T","?","?","$","E","M","R","BOSS"],"build_version":"2018-08-27","purchased_purges":2,"victory":false,"max_hp_per_floor":[80,80,80,80,80,80,90,90,90,90,90,90,90,90,90,90],"card_choices":[{"not_picked":["Dual Wield","Intimidate"],"picked":"Shrug It Off","floor":1},{"not_picked":["Inflame","Cleave"],"picked":"Perfected Strike","floor":3},{"not_picked":["Bloodletting","Body Slam"],"picked":"Warcry","floor":4},{"not_picked":["Power Through","Reckless Charge","Hemokinesis"],"picked":"SKIP","floor":5},{"not_picked":["Headbutt","Infernal Blade"],"picked":"Warcry","floor":7},{"not_picked":["Body Slam","Carnage"],"picked":"Twin Strike","floor":8},{"not_picked":["Sever Soul","Clash"],"picked":"Seeing Red","floor":13},{"not_picked":["Seeing Red","Warcry"],"picked":"Perfected Strike","floor":14}],"player_experience":0,"relics_obtained":[{"floor":7,"key":"Pear"},{"floor":9,"key":"Dream Catcher"},{"floor":13,"key":"Ornamental Fan"}],"event_choices":[{"event_name":"WeMeetAgain","player_choice":"Attack","floor":2,"damage_taken":0},{"event_name":"Purifier","player_choice":"One Purge","floor":10,"damage_taken":0}],"is_beta":true,"boss_relics":[],"items_purged_floors":[11,12],"is_endless":false,"potions_floor_spawned":[4,7,8,14],"killed_by":"The Guardian","ascension_level":0}