{"gold_per_floor":[111,111,127,48,48,80,92,92,92,102,102,102,133,144,144,241,241,260,260,275,36,36,36,36,36,36,69,69,69,169,180,180,276,276,290,308,308,325,340,340,373,386,386,420,20,46,60,80,80,80],"floor_reached":51,"playtime":3357,"items_purged":["Bite"],"score":980,"play_id":"b802daa6-a8c4-4022-b235-1a3826240f1a","local_time":"20190524020616","is_ascension_mode":true,"campfire_choices":[{"data":"Feed","floor":8,"key":"SMITH"},{"data":"Searing Blow","floor":12,"key":"SMITH"},{"floor":15,"key":"REST"},{"data":"Searing Blow+1","floor":23,"key":"SMITH"},{"data":"Searing Blow+2","floor":25,"key":"SMITH"},{"data":"Searing Blow+3","floor":28,"key":"SMITH"},{"data":"Searing Blow+4","floor":32,"key":"SMITH"},{"data":"Searing Blow+6","floor":40,"key":"SMITH"},{"floor":49,"key":"REST"}],"neow_cost":"NONE","seed_source_timestamp":676835091719146,"circlet_count":0,"master_deck":["Defend_R","Defend_R","Defend_R","Defend_R","Bash","Spot Weakness","Searing Blow+8","Feed+1","Flame Barrier","Pummel","Shrug It Off","Juggernaut","Armaments+1","Seeing Red","Inflame","Bite","Bite","Bite","Bite","Reaper+1","Exhume","Entrench+1","Inflame+1","Shrug It Off+1","Immolate"],"relics":["Burning Blood","NeowsBlessing","Ornamental Fan","Oddly Smooth Stone","Velvet Choker","ClockworkSouvenir","Bird Faced Urn","Frozen Egg 2","Kunai","Nilry\u0027s Codex","Philosopher\u0027s Stone","Smiling Mask","Pear","Whetstone","Pen Nib","Happy Flower"],"potions_floor_usage":[13,16,16,27,31,33,36,38,39,46,47,47,47,50,50,50],"damage_taken":[{"damage":0,"enemies":"Small Slimes","floor":1,"turns":1},{"damage":0,"enemies":"Jaw Worm","floor":3,"turns":1},{"damage":0,"enemies":"3 Sentries","floor":6,"turns":2},{"damage":0,"enemies":"2 Louse","floor":7,"turns":2},{"damage":21,"enemies":"Blue Slaver","floor":10,"turns":4},{"damage":33,"enemies":"Gremlin Nob","floor":13,"turns":5},{"damage":20,"enemies":"Exordium Thugs","floor":14,"turns":5},{"damage":36,"enemies":"Slime Boss","floor":16,"turns":14},{"damage":16,"enemies":"2 Thieves","floor":18,"turns":4},{"damage":9,"enemies":"Chosen","floor":20,"turns":5},{"damage":63,"enemies":"Gremlin Leader","floor":27,"turns":9},{"damage":38,"enemies":"Shelled Parasite and Fungi","floor":31,"turns":7},{"damage":68,"enemies":"Automaton","floor":33,"turns":13},{"damage":11,"enemies":"Orb Walker","floor":35,"turns":2},{"damage":7,"enemies":"3 Shapes","floor":36,"turns":8},{"damage":36,"enemies":"Transient","floor":38,"turns":5},{"damage":51,"enemies":"Writhing Mass","floor":39,"turns":6},{"damage":57,"enemies":"Giant Head","floor":41,"turns":7},{"damage":31,"enemies":"4 Shapes","floor":42,"turns":9},{"damage":134,"enemies":"Reptomancer","floor":44,"turns":11},{"damage":31,"enemies":"Nemesis","floor":46,"turns":7},{"damage":30,"enemies":"Sphere and 2 Shapes","floor":47,"turns":7},{"damage":67,"enemies":"Transient","floor":48,"turns":5},{"damage":141,"enemies":"Awakened One","floor":50,"turns":9}],"seed_played":"-8377204290436545638","potions_obtained":[{"floor":1,"key":"Ancient Potion"},{"floor":6,"key":"Block Potion"},{"floor":14,"key":"Explosive Potion"},{"floor":18,"key":"SpeedPotion"},{"floor":19,"key":"SteroidPotion"},{"floor":19,"key":"BloodPotion"},{"floor":27,"key":"Energy Potion"},{"floor":33,"key":"Fire Potion"},{"floor":38,"key":"Block Potion"},{"floor":42,"key":"EssenceOfSteel"},{"floor":44,"key":"EntropicBrew"},{"floor":48,"key":"GamblersBrew"}],"is_trial":false,"path_per_floor":["M","?","M","$","?","E","M","R","T","M","?","R","E","M","R","B",null,"M","?","M","$","T","R","?","R","T","E","R","?","?","M","R","B",null,"M","M","?","M","M","R","E","M","T","E","$","E","M","M","R","B",null],"character_chosen":"IRONCLAD","items_purchased":["Searing Blow","Inflame","ClockworkSouvenir","Whetstone","Fire Potion","Pen Nib"],"campfire_rested":2,"item_purchase_floors":[4,21,21,45,45,45],"current_hp_per_floor":[80,73,79,79,84,85,88,88,88,77,59,59,36,28,58,30,100,90,90,93,93,93,93,93,93,93,72,72,56,56,43,43,43,112,109,119,119,98,72,72,81,114,114,65,65,67,64,32,75,22],"gold":80,"neow_bonus":"THREE_ENEMY_KILL","is_prod":false,"is_daily":false,"chose_seed":false,"campfire_upgraded":7,"win_rate":0,"timestamp":1558681576,"path_taken":["M","?","M","$","?","E","M","R","T","M","?","R","E","M","R","BOSS","M","?","M","$","?","R","?","R","T","E","R","?","?","M","R","BOSS","M","?","?","M","M","R","E","M","T","E","$","E","M","?","R","BOSS"],"build_version":"2019-01-23","purchased_purges":1,"victory":true,"max_hp_per_floor":[80,80,80,80,85,85,88,88,88,92,92,92,96,100,100,100,100,100,100,104,104,104,104,104,104,104,108,108,108,108,108,108,112,112,112,120,120,120,120,120,124,128,128,138,138,138,146,146,146,146],"card_choices":[{"not_picked":["Wild Strike","Pommel Strike"],"picked":"Spot Weakness","floor":1},{"not_picked":["Clash","Body Slam","Iron Wave"],"picked":"SKIP","floor":3},{"not_picked":["Cleave","Pommel Strike"],"picked":"Feed","floor":6},{"not_picked":["Shockwave","Headbutt"],"picked":"Flame Barrier","floor":7},{"not_picked":["Hemokinesis","Body Slam","Thunderclap"],"picked":"SKIP","floor":10},{"not_picked":["Body Slam","Perfected Strike"],"picked":"Pummel","floor":13},{"not_picked":["Wild Strike","Clothesline"],"picked":"Shrug It Off","floor":14},{"not_picked":["Bludgeon","Berserk"],"picked":"Juggernaut","floor":16},{"not_picked":["Clash","Sever Soul"],"picked":"Armaments+1","floor":18},{"not_picked":["Warcry","Anger"],"picked":"Seeing Red","floor":20},{"not_picked":["Infernal Blade+1","Anger","Intimidate"],"picked":"SKIP","floor":27},{"not_picked":["Havoc","Flex"],"picked":"Reaper","floor":31},{"not_picked":["Reaper","Bludgeon"],"picked":"Exhume","floor":33},{"not_picked":["Carnage+1","Sever Soul"],"picked":"Entrench+1","floor":35},{"not_picked":["Battle Trance+1","Thunderclap+1"],"picked":"Inflame+1","floor":36},{"not_picked":["Cleave","Sword Boomerang","Warcry"],"picked":"SKIP","floor":38},{"not_picked":["Cleave+1","Pommel Strike"],"picked":"Shrug It Off+1","floor":39},{"not_picked":["Bloodletting","Sword Boomerang","Iron Wave"],"picked":"SKIP","floor":41},{"not_picked":["Uppercut","True Grit","Wild Strike+1"],"picked":"SKIP","floor":42},{"not_picked":["Burning Pact","Warcry"],"picked":"Immolate","floor":44},{"not_picked":["Clothesline","Blood for Blood","Wild Strike"],"picked":"SKIP","floor":46},{"not_picked":["Evolve+1","Sentinel","Rage+1"],"picked":"SKIP","floor":47},{"not_picked":["Uppercut","Clothesline","Body Slam+1"],"picked":"SKIP","floor":48}],"player_experience":164007,"relics_obtained":[{"floor":6,"key":"Ornamental Fan"},{"floor":9,"key":"Oddly Smooth Stone"},{"floor":13,"key":"Blood Vial"},{"floor":22,"key":"Bird Faced Urn"},{"floor":26,"key":"Frozen Egg 2"},{"floor":27,"key":"Kunai"},{"floor":29,"key":"Nilry\u0027s Codex"},{"floor":41,"key":"Smiling Mask"},{"floor":44,"key":"Pear"},{"floor":46,"key":"Happy Flower"}],"event_choices":[{"cards_removed":["Strike_R"],"damage_healed":0,"gold_gain":0,"player_choice":"Card Removal","damage_taken":7,"max_hp_gain":0,"max_hp_loss":0,"event_name":"Golden Wing","floor":2,"gold_loss":0},{"damage_healed":0,"gold_gain":0,"player_choice":"Donut","damage_taken":0,"max_hp_gain":5,"max_hp_loss":0,"event_name":"Big Fish","floor":5,"gold_loss":0},{"damage_healed":0,"gold_gain":0,"player_choice":"Entered Light","damage_taken":18,"max_hp_gain":0,"max_hp_loss":0,"event_name":"Shining Light","floor":11,"gold_loss":0,"cards_upgraded":["Strike_R","Strike_R"]},{"damage_healed":0,"gold_gain":0,"player_choice":"Got Potions","damage_taken":0,"max_hp_gain":0,"max_hp_loss":0,"event_name":"Lab","floor":19,"gold_loss":0},{"damage_healed":0,"gold_gain":0,"player_choice":"Became a vampire (Vial)","damage_taken":0,"max_hp_gain":0,"max_hp_loss":0,"event_name":"Vampires","floor":24,"relics_lost":["Blood Vial"],"gold_loss":0,"cards_obtained":["Bite","Bite","Bite","Bite","Bite"]},{"damage_healed":0,"gold_gain":0,"player_choice":"Obtained Book","damage_taken":16,"max_hp_gain":0,"max_hp_loss":0,"event_name":"Cursed Tome","floor":29,"gold_loss":0},{"damage_healed":0,"gold_gain":100,"player_choice":"Pray","damage_taken":0,"max_hp_gain":0,"max_hp_loss":0,"event_name":"Golden Shrine","floor":30,"gold_loss":0},{"damage_healed":0,"gold_gain":0,"player_choice":"Forge","damage_taken":0,"max_hp_gain":0,"max_hp_loss":0,"event_name":"Accursed Blacksmith","floor":37,"gold_loss":0,"cards_upgraded":["Searing Blow"]}],"is_beta":false,"boss_relics":[{"not_picked":["Runic Dome","Cursed Key"],"picked":"Velvet Choker"},{"not_picked":["Astrolabe","Mark of Pain"],"picked":"Philosopher\u0027s Stone"}],"items_purged_floors":[45],"is_endless":false,"potions_floor_spawned":[1,6,14,18,27,33,38,42,44,48],"ascension_level":3}