{"gold_per_floor":[10,85,85,85,106,106,139,139,166,181,194,209,234,275,275,398,398,416,416,9,33,33,64,64,124,150,25,42,56,56,69,69,69],"floor_reached":33,"playtime":2379,"items_purged":["Clash"],"score":485,"play_id":"6538abff-dd3b-4659-8432-1d0fbfc05817","local_time":"20190623213412","is_ascension_mode":true,"campfire_choices":[{"data":"Iron Wave","floor":6,"key":"SMITH"},{"data":"Shrug It Off","floor":8,"key":"SMITH"},{"floor":15,"key":"REST"},{"floor":24,"key":"REST"},{"data":"Brutality","floor":30,"key":"SMITH"},{"floor":32,"key":"REST"}],"neow_cost":"NO_GOLD","seed_source_timestamp":351464705819283,"circlet_count":0,"master_deck":["AscendersBane","Bash+1","Headbutt","Iron Wave+1","Shrug It Off+1","Shrug It Off","Corruption","Battle Trance","Armaments","Uppercut","Feed","Battle Trance","Flex","Inflame","Corruption","Offering","Infernal Blade","Impervious","Brutality+1","Sword Boomerang","Shockwave","Rage","True Grit","Shrug It Off","Iron Wave+1","Warcry+1"],"relics":["Burning Blood","Bloody Idol","Anchor","Oddly Smooth Stone","Regal Pillow","Pandora\u0027s Box","Shuriken","Centennial Puzzle","Happy Flower","Tiny Chest","Bag of Preparation"],"potions_floor_usage":[25,31,33],"damage_taken":[{"damage":13,"enemies":"Jaw Worm","floor":1,"turns":4},{"damage":0,"enemies":"Small Slimes","floor":5,"turns":3},{"damage":34,"enemies":"3 Sentries","floor":7,"turns":10},{"damage":0,"enemies":"2 Louse","floor":10,"turns":2},{"damage":2,"enemies":"Looter","floor":11,"turns":4},{"damage":3,"enemies":"Blue Slaver","floor":12,"turns":3},{"damage":0,"enemies":"3 Louse","floor":13,"turns":5},{"damage":29,"enemies":"Lagavulin","floor":14,"turns":8},{"damage":42,"enemies":"The Guardian","floor":16,"turns":17},{"damage":29,"enemies":"Chosen","floor":18,"turns":7},{"damage":20,"enemies":"2 Thieves","floor":21,"turns":4},{"damage":36,"enemies":"Slavers","floor":23,"turns":7},{"damage":50,"enemies":"Gremlin Leader","floor":25,"turns":5},{"damage":15,"enemies":"Snake Plant","floor":28,"turns":4},{"damage":10,"enemies":"Centurion and Healer","floor":29,"turns":5},{"damage":12,"enemies":"Cultist and Chosen","floor":31,"turns":6},{"damage":105,"enemies":"Champ","floor":33,"turns":14}],"seed_played":"-5635151498706833280","potions_obtained":[{"floor":7,"key":"Swift Potion"},{"floor":10,"key":"FearPotion"},{"floor":12,"key":"EssenceOfSteel"},{"floor":13,"key":"Ancient Potion"},{"floor":31,"key":"SteroidPotion"}],"is_trial":false,"path_per_floor":["M","?","?","?","M","R","E","R","T","M","M","M","M","E","R","B",null,"M","?","$","M","?","E","R","E","T","$","M","M","R","M","R","B"],"character_chosen":"IRONCLAD","items_purchased":["Shuriken","Centennial Puzzle","Energy Potion"],"campfire_rested":3,"item_purchase_floors":[20,20,27],"current_hp_per_floor":[81,70,51,51,57,57,29,29,29,35,39,42,48,25,66,30,74,55,55,55,41,41,20,64,30,35,35,34,38,38,41,88,0],"gold":69,"neow_bonus":"TWENTY_PERCENT_HP_BONUS","is_prod":false,"is_daily":false,"chose_seed":false,"campfire_upgraded":3,"win_rate":0,"timestamp":1561343652,"path_taken":["M","?","?","?","M","R","E","R","T","M","M","M","M","E","R","BOSS","M","?","$","M","?","E","R","E","T","$","M","M","R","M","R","BOSS"],"build_version":"2019-01-23","purchased_purges":1,"victory":false,"max_hp_per_floor":[96,96,96,89,89,89,89,89,89,89,89,89,89,89,89,89,89,93,93,93,93,93,97,97,97,97,97,100,103,103,107,107,107],"card_choices":[{"not_picked":["Evolve","Bloodletting"],"picked":"Headbutt","floor":1},{"not_picked":["Anger","Sever Soul"],"picked":"Iron Wave","floor":5},{"not_picked":["Pommel Strike","Searing Blow"],"picked":"Shrug It Off","floor":7},{"not_picked":["Flex","Power Through"],"picked":"Shrug It Off","floor":10},{"not_picked":["Twin Strike","Fire Breathing"],"picked":"Corruption","floor":11},{"not_picked":["Warcry","Body Slam"],"picked":"Battle Trance","floor":12},{"not_picked":["Warcry","Wild Strike"],"picked":"Armaments","floor":13},{"not_picked":["True Grit","Havoc"],"picked":"Uppercut","floor":14},{"not_picked":["Fiend Fire","Juggernaut"],"picked":"Feed","floor":16},{"not_picked":["Fire Breathing","True Grit"],"picked":"Sword Boomerang","floor":18},{"not_picked":["Corruption","Rupture"],"picked":"Shockwave","floor":21},{"not_picked":["Body Slam","Perfected Strike"],"picked":"Rage","floor":23},{"not_picked":["Exhume","Dropkick"],"picked":"True Grit","floor":25},{"not_picked":["Heavy Blade+1","Infernal Blade"],"picked":"Shrug It Off","floor":28},{"not_picked":["Havoc","Battle Trance+1"],"picked":"Iron Wave+1","floor":29},{"not_picked":["Shockwave","True Grit"],"picked":"Warcry+1","floor":31}],"player_experience":384812,"relics_obtained":[{"floor":7,"key":"Anchor"},{"floor":9,"key":"Oddly Smooth Stone"},{"floor":14,"key":"Regal Pillow"},{"floor":23,"key":"Happy Flower"},{"floor":25,"key":"Tiny Chest"},{"floor":26,"key":"Bag of Preparation"}],"event_choices":[{"damage_healed":0,"gold_gain":75,"player_choice":"Gather Gold","damage_taken":11,"max_hp_gain":0,"max_hp_loss":0,"event_name":"World of Goop","floor":2,"gold_loss":0},{"damage_healed":0,"gold_gain":0,"player_choice":"Entered Light","damage_taken":19,"max_hp_gain":0,"max_hp_loss":0,"event_name":"Shining Light","floor":3,"gold_loss":0,"cards_upgraded":["Defend_R","Bash"]},{"damage_healed":0,"gold_gain":0,"player_choice":"Lose Max HP","damage_taken":0,"relics_obtained":["Golden Idol"],"max_hp_gain":0,"max_hp_loss":7,"event_name":"Golden Idol","floor":4,"gold_loss":0},{"damage_healed":0,"gold_gain":0,"player_choice":"Ignored","damage_taken":0,"max_hp_gain":0,"max_hp_loss":0,"event_name":"Vampires","floor":19,"gold_loss":0},{"damage_healed":0,"gold_gain":0,"player_choice":"Gave Idol","damage_taken":0,"relics_obtained":["Bloody Idol"],"max_hp_gain":0,"max_hp_loss":0,"event_name":"Forgotten Altar","floor":22,"relics_lost":["Golden Idol"],"gold_loss":0}],"is_beta":false,"boss_relics":[{"not_picked":["White Beast Statue","Calling Bell"],"picked":"Pandora\u0027s Box"}],"items_purged_floors":[27],"is_endless":false,"potions_floor_spawned":[7,10,12,13,18,28,31],"killed_by":"Champ","ascension_level":11}