{"gold_per_floor":[110,122,142,19,33,60,60,60,144,165,165,200,218,243,243,243],"floor_reached":16,"playtime":738,"items_purged":["Strike_R"],"score":223,"play_id":"f3b74c7f-03c9-4a9c-8033-3aff5825cb8d","local_time":"20190628204312","is_ascension_mode":true,"campfire_choices":[{"data":"Feed","floor":8,"key":"SMITH"},{"floor":11,"key":"REST"},{"floor":15,"key":"REST"}],"neow_cost":"TEN_PERCENT_HP_LOSS","seed_source_timestamp":24785312928155,"circlet_count":0,"master_deck":["AscendersBane","Strike_R","Strike_R","Strike_R","Strike_R","Defend_R+1","Defend_R","Defend_R","Defend_R","Bash","Feed+1","Pommel Strike+1","Headbutt","Shrug It Off","Cleave","Hemokinesis","Rampage","Flame Barrier"],"relics":["Burning Blood","Tiny Chest","Odd Mushroom","Centennial Puzzle","Champion Belt"],"potions_floor_usage":[6,10,14,16],"damage_taken":[{"damage":7,"enemies":"Small Slimes","floor":1,"turns":6},{"damage":7,"enemies":"Jaw Worm","floor":2,"turns":3},{"damage":6,"enemies":"2 Louse","floor":3,"turns":3},{"damage":7,"enemies":"Looter","floor":5,"turns":3},{"damage":47,"enemies":"Lagavulin","floor":6,"turns":7},{"damage":2,"enemies":"The Mushroom Lair","floor":10,"turns":2},{"damage":35,"enemies":"Gremlin Nob","floor":12,"turns":4},{"damage":14,"enemies":"Blue Slaver","floor":13,"turns":4},{"damage":19,"enemies":"3 Sentries","floor":14,"turns":6},{"damage":50,"enemies":"Hexaghost","floor":16,"turns":9}],"seed_played":"2246820188749737388","potions_obtained":[{"floor":5,"key":"SteroidPotion"},{"floor":6,"key":"Explosive Potion"},{"floor":10,"key":"PowerPotion"}],"is_trial":false,"path_per_floor":["M","M","M","$","M","E","?","R","T","?","R","E","M","E","R","B"],"character_chosen":"IRONCLAD","items_purchased":["Fire Potion"],"campfire_rested":2,"item_purchase_floors":[4],"current_hp_per_floor":[74,76,79,79,81,43,26,26,26,34,61,36,28,19,48,0],"gold":243,"neow_bonus":"THREE_RARE_CARDS","is_prod":false,"is_daily":false,"chose_seed":false,"campfire_upgraded":1,"win_rate":0,"timestamp":1561772592,"path_taken":["M","M","M","$","M","E","?","R","T","?","R","E","M","E","R","BOSS"],"build_version":"2019-01-23","purchased_purges":1,"victory":false,"max_hp_per_floor":[75,78,81,81,84,87,87,87,87,91,91,95,95,99,99,99],"card_choices":[{"not_picked":["Double Tap","Limit Break"],"picked":"Feed","floor":0},{"not_picked":["Body Slam","Clash","Second Wind"],"picked":"SKIP","floor":1},{"not_picked":["Twin Strike","Heavy Blade"],"picked":"Pommel Strike","floor":2},{"not_picked":["Clash","Havoc"],"picked":"Headbutt","floor":3},{"not_picked":["Intimidate","Havoc"],"picked":"Shrug It Off","floor":5},{"not_picked":["Armaments","Havoc"],"picked":"Cleave","floor":6},{"not_picked":["Perfected Strike","Uppercut"],"picked":"Hemokinesis","floor":10},{"not_picked":["Juggernaut","Headbutt"],"picked":"Rampage","floor":12},{"not_picked":["Burning Pact","Reckless Charge","Thunderclap"],"picked":"SKIP","floor":13},{"not_picked":["Burning Pact","Reckless Charge","Thunderclap"],"picked":"SKIP","floor":13},{"not_picked":["True Grit","Sentinel"],"picked":"Flame Barrier","floor":14}],"player_experience":417459,"relics_obtained":[{"floor":9,"key":"Tiny Chest"},{"floor":10,"key":"Odd Mushroom"},{"floor":12,"key":"Centennial Puzzle"},{"floor":14,"key":"Champion Belt"}],"event_choices":[{"damage_healed":0,"gold_gain":0,"player_choice":"Entered Light","damage_taken":17,"max_hp_gain":0,"max_hp_loss":0,"event_name":"Shining Light","floor":7,"gold_loss":0,"cards_upgraded":["Pommel Strike","Defend_R"]},{"damage_healed":0,"gold_gain":0,"player_choice":"Fought Mushrooms","damage_taken":0,"max_hp_gain":0,"max_hp_loss":0,"event_name":"Mushrooms","floor":10,"gold_loss":0}],"is_beta":false,"boss_relics":[],"items_purged_floors":[4],"is_endless":false,"potions_floor_spawned":[5,6,10,13],"killed_by":"Hexaghost","ascension_level":13}