{"gold_per_floor":[14,14,34,34,47,47,62,62,62,62,62,73,83,93,93,165,165,182,105,123,123,142,142,142],"floor_reached":24,"playtime":701,"items_purged":[],"score":333,"play_id":"c22c371a-8a36-4ae3-9e3e-9ff83b916b5d","local_time":"20190721202108","is_ascension_mode":true,"campfire_choices":[{"data":"Zap","floor":6.0,"key":"SMITH"},{"data":"Melter","floor":8.0,"key":"SMITH"},{"data":"Dualcast","floor":10.0,"key":"SMITH"},{"floor":15.0,"key":"REST"},{"floor":23,"key":"REST"}],"neow_cost":"NO_GOLD","seed_source_timestamp":662111213961300,"circlet_count":0,"master_deck":["AscendersBane","Strike_B","Strike_B","Defend_B","Defend_B","Defend_B","Defend_B","Zap+1","Dualcast+1","Melter+1","Static Discharge","Seek","Machine Learning","Loop","Gash"],"special_seed":0,"relics":["FrozenCore","Bird Faced Urn","Mummified Hand"],"potions_floor_usage":[22],"damage_taken":[{"damage":7.0,"enemies":"Jaw Worm","floor":1.0,"turns":3.0},{"damage":1.0,"enemies":"Cultist","floor":3.0,"turns":4.0},{"damage":0.0,"enemies":"2 Louse","floor":5.0,"turns":3.0},{"damage":5.0,"enemies":"Exordium Thugs","floor":7.0,"turns":5.0},{"damage":5.0,"enemies":"Lots of Slimes","floor":12.0,"turns":4.0},{"damage":0.0,"enemies":"Large Slime","floor":13.0,"turns":4.0},{"damage":12.0,"enemies":"Exordium Wildlife","floor":14.0,"turns":2.0},{"damage":45.0,"enemies":"The Guardian","floor":16.0,"turns":11.0},{"damage":20,"enemies":"3 Byrds","floor":18,"turns":4},{"damage":0,"enemies":"Spheric Guardian","floor":20,"turns":2},{"damage":17,"enemies":"Centurion and Healer","floor":22,"turns":8},{"damage":61,"enemies":"Slavers","floor":24,"turns":3}],"seed_played":"-7567134441091749636","potions_obtained":[{"floor":1.0,"key":"SkillPotion"},{"floor":4.0,"key":"EssenceOfSteel"},{"floor":5.0,"key":"EntropicBrew"},{"floor":14.0,"key":"SpeedPotion"}],"is_trial":false,"path_per_floor":["M","?","M","?","M","R","M","R","T","R","$","M","M","M","R","B",null,"M","$","M","?","M","R","E"],"character_chosen":"DEFECT","items_purchased":["Loop"],"campfire_rested":2,"item_purchase_floors":[19],"current_hp_per_floor":[57,57,56,56,56,56,51,51,51,51,51,46,46,36,57,14,57,41,41,43,43,32,53,0],"gold":142,"neow_bonus":"ONE_RARE_RELIC","is_prod":false,"is_daily":false,"chose_seed":false,"campfire_upgraded":3,"win_rate":0,"timestamp":1563733268,"path_taken":["M","?","?","?","M","R","M","R","T","R","$","M","M","M","R","BOSS","M","$","M","?","M","R","E"],"build_version":"2019-07-17","purchased_purges":0,"victory":false,"max_hp_per_floor":[71,71,71,71,71,71,71,71,71,71,71,71,71,71,71,71,71,71,71,71,71,71,71,71],"card_choices":[{"not_picked":["Reprogram","Fusion","Go for the Eyes"],"picked":"SKIP","floor":1.0},{"not_picked":["Blizzard","Compile Driver","Streamline"],"picked":"SKIP","floor":3.0},{"not_picked":["Skim","Compile Driver","Redo"],"picked":"SKIP","floor":5.0},{"not_picked":["Double Energy","Turbo"],"picked":"Melter","floor":7.0},{"not_picked":["Beam Cell","Barrage","Turbo"],"picked":"SKIP","floor":12.0},{"not_picked":["Coolheaded","Sunder"],"picked":"Static Discharge","floor":13.0},{"not_picked":["Reinforced Body","Hologram"],"picked":"Seek","floor":14.0},{"not_picked":["Seek","Multi-Cast"],"picked":"Machine Learning","floor":16.0},{"not_picked":["Streamline","Rebound","Coolheaded"],"picked":"SKIP","floor":18},{"not_picked":["Steam","Redo","Undo"],"picked":"SKIP","floor":20},{"not_picked":["Fusion","Steam Power"],"picked":"Gash","floor":22}],"player_experience":364295,"relics_obtained":[{"floor":9.0,"key":"Mummified Hand"}],"event_choices":[{"cards_removed":["Strike_B"],"damage_healed":0.0,"max_hp_gain":0.0,"max_hp_loss":0.0,"gold_gain":0.0,"event_name":"Purifier","player_choice":"Purged","floor":2.0,"gold_loss":0.0,"damage_taken":0.0},{"damage_healed":0.0,"max_hp_gain":0.0,"max_hp_loss":0.0,"gold_gain":0.0,"event_name":"Lab","player_choice":"Got Potions","floor":4.0,"gold_loss":0.0,"damage_taken":0.0},{"cards_removed":["Strike_B"],"damage_healed":0,"gold_gain":0,"player_choice":"Purged","damage_taken":0,"max_hp_gain":0,"max_hp_loss":0,"event_name":"Purifier","floor":21,"gold_loss":0}],"is_beta":false,"boss_relics":[{"not_picked":["Nuclear Battery","Fusion Hammer"],"picked":"FrozenCore"}],"items_purged_floors":[],"is_endless":false,"potions_floor_spawned":[1,5,14,18],"killed_by":"Slavers","ascension_level":15}