{"gold_per_floor":[112,22,22,22,22,22,33,49,49,69,82,92,92,106,106,205,205,219,219,73,87,99,99],"floor_reached":23,"playtime":2249,"items_purged":["Strike_G"],"score":185,"play_id":"9fc17d31-52bf-4e56-8a48-0221244235c3","local_time":"20190803151719","is_ascension_mode":false,"campfire_choices":[{"floor":6,"key":"REST"},{"floor":13,"key":"REST"},{"floor":15,"key":"REST"}],"neow_cost":"NONE","seed_source_timestamp":159091664334400,"circlet_count":0,"master_deck":["Strike_G","Strike_G","Strike_G","Strike_G","Defend_G","Defend_G+1","Defend_G","Defend_G","Defend_G","Survivor","Neutralize","Flying Knee","Quick Slash+1","Expertise+1","Infinite Blades","Poisoned Stab","Deflect","Dagger Spray","A Thousand Cuts","Masterful Stab","Burst+1","All Out Attack","Acrobatics","Deflect","Deflect+1","Dodge and Roll"],"relics":["Ring of the Snake","Letter Opener","Eternal Feather"],"potions_floor_usage":[22,23],"damage_taken":[{"damage":0,"enemies":"2 Louse","floor":1,"turns":6},{"damage":1,"enemies":"Small Slimes","floor":7,"turns":3},{"damage":0,"enemies":"Jaw Worm","floor":8,"turns":5},{"damage":17,"enemies":"Lots of Slimes","floor":10,"turns":5},{"damage":2,"enemies":"Exordium Thugs","floor":11,"turns":3},{"damage":1,"enemies":"Red Slaver","floor":12,"turns":3},{"damage":15,"enemies":"Exordium Wildlife","floor":14,"turns":4},{"damage":10,"enemies":"Slime Boss","floor":16,"turns":9},{"damage":22,"enemies":"Chosen","floor":18,"turns":6},{"damage":22,"enemies":"2 Thieves","floor":21,"turns":4},{"damage":11,"enemies":"Centurion and Healer","floor":22,"turns":6},{"damage":22,"enemies":"3 Cultists","floor":23,"turns":4}],"seed_played":"-7925267398291371461","potions_obtained":[{"floor":10,"key":"Poison Potion"},{"floor":11,"key":"Strength Potion"},{"floor":12,"key":"Fire Potion"}],"is_trial":false,"path_per_floor":["M","$","?","?","$","R","M","M","T","M","M","M","R","M","R","B",null,"M","?","$","M","M","M"],"character_chosen":"THE_SILENT","items_purchased":["Quick Slash","Expertise","Acrobatics","Deflect"],"campfire_rested":3,"item_purchase_floors":[2,2,20,20],"current_hp_per_floor":[77,77,77,62,62,77,76,76,76,59,57,56,77,62,77,67,77,55,55,55,33,22,0],"gold":99,"neow_bonus":"TEN_PERCENT_HP_BONUS","is_prod":false,"is_daily":false,"chose_seed":false,"campfire_upgraded":0,"win_rate":0.0,"timestamp":1564838239,"path_taken":["M","$","?","?","?","R","M","M","T","?","M","M","R","M","R","BOSS","M","?","$","?","M","M"],"build_version":"2019-07-17","purchased_purges":1,"victory":false,"max_hp_per_floor":[77,77,77,77,77,77,77,77,77,77,77,77,77,77,77,77,77,77,77,77,77,77,77],"card_choices":[{"not_picked":["Slice","Underhanded Strike"],"picked":"Flying Knee","floor":1},{"not_picked":["Leg Sweep","Dagger Throw"],"picked":"Infinite Blades","floor":7},{"not_picked":["Prepared","Deadly Poison"],"picked":"Poisoned Stab","floor":8},{"not_picked":["Underhanded Strike","Prepared"],"picked":"Deflect","floor":10},{"not_picked":["Underhanded Strike","Dagger Throw"],"picked":"Dagger Spray","floor":11},{"not_picked":["Sucker Punch","Slice"],"picked":"A Thousand Cuts","floor":12},{"not_picked":["Dagger Throw","Sucker Punch"],"picked":"Masterful Stab","floor":14},{"not_picked":["Doppelganger","Unload"],"picked":"Burst","floor":16},{"not_picked":["Poisoned Stab","Deflect"],"picked":"All Out Attack","floor":18},{"not_picked":["Choke+1","Slice+1"],"picked":"Deflect+1","floor":21},{"not_picked":["Sucker Punch","Underhanded Strike+1"],"picked":"Dodge and Roll","floor":22}],"player_experience":11574,"relics_obtained":[{"floor":9,"key":"Letter Opener"}],"event_choices":[{"damage_healed":0,"gold_gain":0,"player_choice":"Grow","damage_taken":0,"max_hp_gain":0,"max_hp_loss":0,"event_name":"Living Wall","floor":3,"gold_loss":0,"cards_upgraded":["Quick Slash"]},{"damage_healed":0,"gold_gain":0,"player_choice":"Entered Light","damage_taken":15,"max_hp_gain":0,"max_hp_loss":0,"event_name":"Shining Light","floor":4,"gold_loss":0,"cards_upgraded":["Defend_G","Expertise"]},{"damage_healed":0,"gold_gain":0,"player_choice":"Upgraded","damage_taken":0,"max_hp_gain":0,"max_hp_loss":0,"event_name":"Upgrade Shrine","floor":19,"gold_loss":0,"cards_upgraded":["Burst"]}],"is_beta":false,"boss_relics":[{"not_picked":["Snecko Eye","Cursed Key"],"picked":"Eternal Feather"}],"items_purged_floors":[20],"is_endless":false,"potions_floor_spawned":[10,11,12,18],"killed_by":"3 Cultists","ascension_level":0}