{"gold_per_floor":[110,110,110,121,132,132,142,153,153,153,178,191,81,81,81,186,186,201,201,201,218,237,237,237,137,162,188,188,188,188,206,206,308,308,323,340,352,352,352],"floor_reached":39,"playtime":1611,"items_purged":["Strike_B","Defend_B"],"score":603,"play_id":"c2ecb77f-fb51-466e-aa60-0289359c5853","local_time":"20181017164608","is_ascension_mode":true,"campfire_choices":[{"data":"Zap","floor":6,"key":"SMITH"},{"data":"Doom and Gloom","floor":10,"key":"SMITH"},{"data":"Beam Cell","floor":15,"key":"SMITH"},{"data":"Dualcast","floor":23,"key":"SMITH"},{"data":"Stack","floor":28,"key":"SMITH"},{"data":"Auto Shields","floor":30,"key":"SMITH"},{"data":"Steam","floor":32,"key":"SMITH"}],"neow_cost":"NONE","seed_source_timestamp":272528710310061,"circlet_count":0,"master_deck":["Defend_B","Defend_B","Defend_B","Zap+1","Dualcast+1","Beam Cell+1","Doom and Gloom+1","FTL+1","Go for the Eyes+1","FTL","Gash","Chill","FTL","Core Surge+1","Stack","Leap","Melter+1","Compile Driver+1","Stack+1","Compile Driver+1","Necronomicurse","Bite+1","Bite+1","Bite+1","Bite+1","Bite+1","Streamline+1","All For One+1","Hyperbeam+1","Auto Shields+1","Steam+1","All For One+1","Skim","FTL+1","Steam+1"],"relics":["Cracked Core","Letter Opener","Shuriken","Odd Mushroom","Molten Egg 2","Orrery","Necronomicon","CultistMask","Oddly Smooth Stone","Whetstone","Runic Dome","Shovel"],"potions_floor_usage":[27,33,33,33,39],"damage_taken":[{"damage":0,"enemies":"Small Slimes","floor":1,"turns":3},{"damage":1,"enemies":"Cultist","floor":4,"turns":3},{"damage":2,"enemies":"Jaw Worm","floor":5,"turns":3},{"damage":6,"enemies":"Looter","floor":7,"turns":2},{"damage":7,"enemies":"Exordium Wildlife","floor":8,"turns":3},{"damage":12,"enemies":"The Mushroom Lair","floor":11,"turns":3},{"damage":10,"enemies":"Gremlin Gang","floor":12,"turns":3},{"damage":16,"enemies":"Slime Boss","floor":16,"turns":5},{"damage":4,"enemies":"Shell Parasite","floor":18,"turns":3},{"damage":22,"enemies":"2 Thieves","floor":21,"turns":3},{"damage":7,"enemies":"Cultist and Chosen","floor":22,"turns":4},{"damage":8,"enemies":"Slavers","floor":27,"turns":3},{"damage":13,"enemies":"Centurion and Healer","floor":31,"turns":4},{"damage":21,"enemies":"Collector","floor":33,"turns":6},{"damage":8,"enemies":"3 Shapes","floor":35,"turns":3},{"damage":0,"enemies":"Orb Walker","floor":36,"turns":1},{"damage":29,"enemies":"3 Darklings","floor":37,"turns":4},{"damage":12,"enemies":"Mind Bloom Boss Battle","floor":38,"turns":3},{"damage":31,"enemies":"4 Shapes","floor":39,"turns":1}],"seed_played":"6025785838087757080","potions_obtained":[{"floor":1,"key":"SneckoOil"},{"floor":7,"key":"EssenceOfSteel"},{"floor":8,"key":"Explosive Potion"},{"floor":11,"key":"FocusPotion"},{"floor":18,"key":"SkillPotion"},{"floor":27,"key":"LiquidBronze"},{"floor":36,"key":"Regen Potion"},{"floor":37,"key":"Strength Potion"}],"is_trial":false,"path_per_floor":["M","?","?","M","M","R","M","M","T","R","?","M","$","T","R","B",null,"M","?","?","M","M","R","?","$","T","E","R","?","R","M","R","B",null,"M","M","M","?"],"character_chosen":"DEFECT","items_purchased":["FTL"],"campfire_rested":0,"item_purchase_floors":[13],"current_hp_per_floor":[75,75,75,74,72,72,66,59,59,59,47,37,37,37,37,21,67,63,47,47,34,39,39,39,39,39,34,34,34,34,33,33,21,48,55,55,31,22,0],"gold":352,"neow_bonus":"TEN_PERCENT_HP_BONUS","is_prod":false,"is_daily":false,"chose_seed":false,"campfire_upgraded":7,"win_rate":0,"timestamp":1539816368,"path_taken":["M","?","?","M","M","R","M","?","T","R","?","M","?","?","R","BOSS","M","?","?","?","M","R","?","$","T","E","R","?","R","M","R","BOSS","M","M","M","?","M"],"build_version":"2018-10-17","purchased_purges":2,"victory":false,"max_hp_per_floor":[82,82,82,82,82,82,82,82,82,82,82,82,82,82,82,82,82,82,82,57,57,57,57,57,57,57,57,57,57,57,57,57,57,57,57,57,57,57,57],"card_choices":[{"not_picked":["Chill","Rebound"],"picked":"Beam Cell","floor":1},{"not_picked":["Rebound","Sunder"],"picked":"Doom and Gloom","floor":4},{"not_picked":["Self Repair","Ball Lightning"],"picked":"FTL","floor":5},{"not_picked":["Rebound","Static Discharge"],"picked":"Go for the Eyes","floor":7},{"not_picked":["Rebound","Coolheaded"],"picked":"FTL","floor":8},{"not_picked":["Reprogram","Steam Power"],"picked":"Gash","floor":11},{"not_picked":["Steam Power","Consume"],"picked":"Chill","floor":12},{"not_picked":["Rainbow","Biased Cognition"],"picked":"Core Surge+1","floor":16},{"not_picked":["Lockon+1","Compile Driver+1"],"picked":"Stack","floor":17},{"not_picked":["Coolheaded","Beam Cell+1"],"picked":"Leap","floor":17},{"not_picked":["Defragment","Barrage+1"],"picked":"Melter+1","floor":17},{"not_picked":["Blizzard+1","Aggregate"],"picked":"Compile Driver+1","floor":17},{"not_picked":["Streamline+1","Turbo"],"picked":"Stack","floor":17},{"not_picked":["Turbo","Force Field"],"picked":"Compile Driver+1","floor":18},{"not_picked":["Go for the Eyes+1","Rebound+1"],"picked":"Streamline+1","floor":21},{"not_picked":["Streamline+1","Coolheaded+1"],"picked":"All For One+1","floor":22},{"not_picked":["Conserve Battery","Rainbow"],"picked":"Hyperbeam+1","floor":27},{"not_picked":["Leap+1","Go for the Eyes+1"],"picked":"Steam","floor":31},{"not_picked":["Echo Form","Buffer"],"picked":"All For One+1","floor":33},{"not_picked":["Rip and Tear+1","Redo+1","Conserve Battery"],"picked":"SKIP","floor":35},{"not_picked":["Recycle+1","Blizzard+1"],"picked":"Skim","floor":36},{"not_picked":["Redo+1","Glacier+1"],"picked":"FTL+1","floor":37},{"not_picked":["Chill","Turbo+1"],"picked":"Steam+1","floor":38}],"player_experience":126418,"relics_obtained":[{"floor":9,"key":"Shuriken"},{"floor":11,"key":"Odd Mushroom"},{"floor":14,"key":"Molten Egg 2"},{"floor":19,"key":"Necronomicon"},{"floor":26,"key":"Oddly Smooth Stone"},{"floor":27,"key":"Whetstone"},{"floor":38,"key":"Shovel"}],"event_choices":[{"damage_healed":0,"gold_gain":0,"player_choice":"Gave Potion","damage_taken":0,"relics_obtained":["Letter Opener"],"max_hp_gain":0,"max_hp_loss":0,"event_name":"WeMeetAgain","floor":2,"gold_loss":0},{"damage_healed":0,"gold_gain":0,"player_choice":"Ignored","damage_taken":0,"max_hp_gain":0,"max_hp_loss":0,"event_name":"Liars Game","floor":3,"gold_loss":0},{"damage_healed":0,"gold_gain":0,"player_choice":"Fought Mushrooms","damage_taken":0,"max_hp_gain":0,"max_hp_loss":0,"event_name":"Mushrooms","floor":11,"gold_loss":0},{"damage_healed":0,"gold_gain":0,"player_choice":"Obtained Book","damage_taken":16,"max_hp_gain":0,"max_hp_loss":0,"event_name":"Cursed Tome","floor":19,"gold_loss":0},{"damage_healed":0,"gold_gain":0,"player_choice":"Became a vampire","damage_taken":0,"max_hp_gain":0,"max_hp_loss":25,"event_name":"Vampires","floor":20,"gold_loss":0,"cards_obtained":["Bite","Bite","Bite","Bite","Bite"]},{"damage_healed":0,"gold_gain":0,"player_choice":"Trade","damage_taken":0,"relics_obtained":["CultistMask"],"max_hp_gain":0,"max_hp_loss":0,"event_name":"FaceTrader","floor":24,"gold_loss":0},{"damage_healed":0,"gold_gain":0,"player_choice":"Read","damage_taken":0,"max_hp_gain":0,"max_hp_loss":0,"event_name":"The Library","floor":29,"gold_loss":0,"cards_obtained":["Auto Shields"]},{"damage_healed":0,"gold_gain":0,"player_choice":"Fight","damage_taken":0,"max_hp_gain":0,"max_hp_loss":0,"event_name":"MindBloom","floor":38,"gold_loss":0}],"is_beta":true,"boss_relics":[{"not_picked":["Eternal Feather","Runic Pyramid"],"picked":"Orrery"},{"not_picked":["FrozenCore","Black Star"],"picked":"Runic Dome"}],"items_purged_floors":[13,25],"is_endless":false,"potions_floor_spawned":[1,7,8,11,18,27,36,37],"killed_by":"4 Shapes","ascension_level":7}