{"gold_per_floor":[113,113,127,137,154,154,182,194,194,224,224,189,15,32,32,127,127,139,139,155,165,178,178,209,209],"floor_reached":25,"playtime":1148,"items_purged":["Strike_R"],"score":259,"play_id":"35704b15-f9b7-4fca-a897-47050f740495","local_time":"20190520194808","is_ascension_mode":true,"campfire_choices":[{"data":"Immolate","floor":6,"key":"SMITH"},{"data":"True Grit","floor":15,"key":"SMITH"},{"data":"Armaments","floor":23,"key":"SMITH"}],"neow_cost":"NONE","seed_source_timestamp":397159742853799,"circlet_count":0,"master_deck":["Strike_R","Strike_R+1","Strike_R","Defend_R","Defend_R","Defend_R","Defend_R","Bash","Immolate+1","Burning Pact","Heavy Blade","Spot Weakness","Shockwave+1","Pommel Strike","True Grit","Iron Wave","Shrug It Off","Thunderclap","True Grit+1","Dark Embrace","Armaments+1","Decay","Entrench","Double Tap","Pommel Strike+1"],"relics":["Burning Blood","Pen Nib","Orichalcum","Mercury Hourglass","Runic Cube","Regal Pillow"],"potions_floor_usage":[22,24,25],"damage_taken":[{"damage":9,"enemies":"Jaw Worm","floor":1,"turns":3},{"damage":7,"enemies":"Small Slimes","floor":3,"turns":3},{"damage":6,"enemies":"2 Louse","floor":4,"turns":2},{"damage":8,"enemies":"Red Slaver","floor":5,"turns":4},{"damage":13,"enemies":"3 Sentries","floor":7,"turns":4},{"damage":5,"enemies":"Looter","floor":8,"turns":2},{"damage":14,"enemies":"Lagavulin","floor":10,"turns":6},{"damage":8,"enemies":"3 Louse","floor":14,"turns":3},{"damage":14,"enemies":"Hexaghost","floor":16,"turns":9},{"damage":22,"enemies":"Spheric Guardian","floor":18,"turns":4},{"damage":16,"enemies":"2 Thieves","floor":20,"turns":2},{"damage":24,"enemies":"Snake Plant","floor":21,"turns":4},{"damage":24,"enemies":"Cultist and Chosen","floor":22,"turns":9},{"damage":11,"enemies":"Slavers","floor":24,"turns":3},{"damage":34,"enemies":"Centurion and Healer","floor":25,"turns":5}],"seed_played":"2825809115961000985","potions_obtained":[{"floor":1,"key":"Fire Potion"},{"floor":4,"key":"Explosive Potion"},{"floor":10,"key":"Ancient Potion"},{"floor":18,"key":"Regen Potion"}],"is_trial":false,"path_per_floor":["M","?","M","M","M","R","E","M","T","E","?","?","$","M","R","B",null,"M","?","M","M","M","R","E","M"],"character_chosen":"IRONCLAD","items_purchased":["Shrug It Off","Thunderclap"],"campfire_rested":0,"item_purchase_floors":[13,13],"current_hp_per_floor":[77,52,51,51,49,49,42,43,43,35,19,39,39,37,37,29,80,64,64,54,36,33,33,28,0],"gold":209,"neow_bonus":"TRANSFORM_CARD","is_prod":false,"is_daily":false,"chose_seed":false,"campfire_upgraded":3,"win_rate":0,"timestamp":1558399688,"path_taken":["M","?","M","M","M","R","E","M","T","E","?","?","$","M","R","BOSS","M","?","M","M","M","R","E","M"],"build_version":"2019-01-23","purchased_purges":1,"victory":false,"max_hp_per_floor":[80,80,80,80,80,80,80,80,80,80,80,80,80,80,80,80,80,80,80,80,80,80,80,80,80],"card_choices":[{"not_picked":["Dropkick","Cleave"],"picked":"Burning Pact","floor":1},{"not_picked":["Headbutt","Cleave"],"picked":"Heavy Blade","floor":3},{"not_picked":["Body Slam","Iron Wave"],"picked":"Spot Weakness","floor":4},{"not_picked":["Flex","Clash"],"picked":"Shockwave","floor":5},{"not_picked":["Power Through","Searing Blow"],"picked":"Pommel Strike","floor":7},{"not_picked":["Sever Soul","Shockwave"],"picked":"True Grit","floor":8},{"not_picked":["Anger","Body Slam"],"picked":"Iron Wave","floor":10},{"not_picked":["Metallicize","Whirlwind"],"picked":"True Grit","floor":14},{"not_picked":["Berserk","Juggernaut"],"picked":"Dark Embrace","floor":16},{"not_picked":["Power Through","Wild Strike"],"picked":"Armaments","floor":18},{"not_picked":["True Grit","Twin Strike"],"picked":"Entrench","floor":20},{"not_picked":["Perfected Strike","Clash"],"picked":"Double Tap","floor":21},{"not_picked":["Whirlwind+1","Body Slam"],"picked":"Pommel Strike+1","floor":22},{"not_picked":["Anger","Power Through","Shrug It Off"],"picked":"SKIP","floor":24}],"player_experience":117421,"relics_obtained":[{"floor":7,"key":"Orichalcum"},{"floor":10,"key":"Mercury Hourglass"},{"floor":24,"key":"Regal Pillow"}],"event_choices":[{"damage_healed":0,"gold_gain":0,"player_choice":"Success","damage_taken":25,"relics_obtained":["Pen Nib"],"max_hp_gain":0,"max_hp_loss":0,"event_name":"Scrap Ooze","floor":2,"gold_loss":0},{"damage_healed":0,"gold_gain":0,"player_choice":"Entered Light","damage_taken":16,"max_hp_gain":0,"max_hp_loss":0,"event_name":"Shining Light","floor":11,"gold_loss":0,"cards_upgraded":["Shockwave","Strike_R"]},{"damage_healed":20,"gold_gain":0,"player_choice":"Healed","damage_taken":0,"max_hp_gain":0,"max_hp_loss":0,"event_name":"The Cleric","floor":12,"gold_loss":35},{"damage_healed":0,"gold_gain":0,"player_choice":"Cursed","damage_taken":0,"max_hp_gain":0,"max_hp_loss":0,"event_name":"Wheel of Change","floor":19,"gold_loss":0,"cards_obtained":["Decay"]}],"is_beta":false,"boss_relics":[{"not_picked":["Ectoplasm","Philosopher\u0027s Stone"],"picked":"Runic Cube"}],"items_purged_floors":[13],"is_endless":false,"potions_floor_spawned":[1,4,10,16,18,21],"killed_by":"Centurion and Healer","ascension_level":2}