{"gold_per_floor":[114,0,0,11,27,61,61,76,101,101,111,123,123,123,123,225,225,241,253,269,279,179,204,204,224,247,247,247,247,247,262,262,363,363,373,200,200,200,100,130,146,177,177,208,208,222,0,62,62,62],"floor_reached":51,"playtime":2808,"items_purged":["Defend_B","Strike_B","Defend_B"],"score":1168,"play_id":"614111d9-8747-470d-8884-f25336f64cee","local_time":"20181017054040","is_ascension_mode":true,"campfire_choices":[{"floor":7,"key":"REST"},{"data":"Dualcast","floor":10,"key":"SMITH"},{"data":"Streamline","floor":13,"key":"SMITH"},{"data":"Scrape","floor":15,"key":"SMITH"},{"floor":24,"key":"REST"},{"data":"Auto Shields","floor":27,"key":"SMITH"},{"data":"Conserve Battery","floor":29,"key":"SMITH"},{"data":"Go for the Eyes","floor":32,"key":"SMITH"},{"data":"Flash of Steel","floor":45,"key":"SMITH"},{"data":"Force Field","floor":49,"key":"SMITH"}],"neow_cost":"NONE","seed_source_timestamp":231395380241666,"circlet_count":0,"master_deck":["Defend_B","Zap+1","Dualcast+1","Streamline+1","Scrape+1","Ball Lightning+1","FTL","Go for the Eyes+1","Gash","Auto Shields+1","Core Surge","Gash+1","White Noise+1","Conserve Battery+1","Beam Cell+1","Self Repair+1","Seek+1","Machine Learning+1","Gash","Gash","Conserve Battery+1","Flash of Steel+1","White Noise+1","Skim+1","Force Field+1"],"relics":["Black Star","Bronze Scales","Anchor","Orichalcum","Sozu","Juzu Bracelet","Bag of Preparation","PreservedInsect","Astrolabe","DataDisk","Omamori","Potion Belt","Blood Vial","Question Card","Oddly Smooth Stone","Lantern","Red Mask","Happy Flower","Tiny Chest"],"potions_floor_usage":[20,21,50],"damage_taken":[{"damage":1,"enemies":"Small Slimes","floor":1,"turns":4},{"damage":6,"enemies":"Cultist","floor":4,"turns":4},{"damage":4,"enemies":"2 Louse","floor":5,"turns":2},{"damage":32,"enemies":"Gremlin Nob","floor":6,"turns":4},{"damage":0,"enemies":"Exordium Wildlife","floor":8,"turns":3},{"damage":0,"enemies":"Blue Slaver","floor":11,"turns":2},{"damage":0,"enemies":"2 Fungi Beasts","floor":12,"turns":2},{"damage":0,"enemies":"Slime Boss","floor":16,"turns":7},{"damage":6,"enemies":"Spheric Guardian","floor":18,"turns":3},{"damage":0,"enemies":"Chosen","floor":19,"turns":3},{"damage":0,"enemies":"Sentry and Sphere","floor":20,"turns":3},{"damage":14,"enemies":"Snake Plant","floor":21,"turns":3},{"damage":41,"enemies":"Gremlin Leader","floor":23,"turns":6},{"damage":0,"enemies":"Snecko","floor":25,"turns":3},{"damage":7,"enemies":"3 Cultists","floor":31,"turns":4},{"damage":26,"enemies":"Champ","floor":33,"turns":8},{"damage":0,"enemies":"Orb Walker","floor":35,"turns":2},{"damage":0,"enemies":"2 Orb Walkers","floor":40,"turns":3},{"damage":0,"enemies":"3 Darklings","floor":41,"turns":4},{"damage":0,"enemies":"Giant Head","floor":42,"turns":5},{"damage":30,"enemies":"2 Orb Walkers","floor":44,"turns":4},{"damage":1,"enemies":"Reptomancer","floor":46,"turns":4},{"damage":0,"enemies":"Giant Head","floor":48,"turns":4},{"damage":58,"enemies":"Donu and Deca","floor":50,"turns":7}],"seed_played":"-5350524679807692433","potions_obtained":[{"floor":1,"key":"Fire Potion"},{"floor":4,"key":"SkillPotion"},{"floor":5,"key":"PowerPotion"}],"is_trial":false,"path_per_floor":["M","$","?","M","M","E","R","M","T","R","M","M","R","?","R","B",null,"M","M","M","M","$","E","R","M","T","R","?","R","?","M","R","B",null,"M","$","?","?","$","E","M","E","T","E","R","M","?","E","R","B"],"character_chosen":"DEFECT","items_purchased":["Scrape","Gash","Flash of Steel"],"campfire_rested":2,"item_purchase_floors":[2,36,39],"current_hp_per_floor":[67,67,67,61,57,25,47,47,47,47,47,47,47,47,47,47,68,62,62,62,48,48,7,29,29,29,29,54,54,54,57,57,41,67,75,75,75,75,75,75,75,75,75,55,55,66,66,75,75,27],"gold":62,"neow_bonus":"BOSS_RELIC","is_prod":false,"is_daily":false,"chose_seed":false,"campfire_upgraded":8,"win_rate":0,"timestamp":1539776440,"path_taken":["M","$","?","M","M","E","R","M","T","R","M","M","R","?","R","BOSS","M","M","M","M","$","E","R","M","T","R","?","R","?","M","R","BOSS","M","$","?","?","$","E","M","E","T","E","R","M","?","E","R","BOSS"],"build_version":"2018-10-15v2","purchased_purges":3,"victory":true,"max_hp_per_floor":[75,75,75,75,75,75,75,75,75,75,75,75,75,75,75,75,75,75,75,75,75,75,75,75,75,75,75,75,75,75,75,75,75,75,75,75,75,75,75,75,75,75,75,75,75,75,75,75,75,75],"card_choices":[{"not_picked":["Rip and Tear","Steam"],"picked":"Streamline","floor":1},{"not_picked":["Hello World","Hologram"],"picked":"Ball Lightning","floor":4},{"not_picked":["Rip and Tear","Cold Snap"],"picked":"FTL","floor":5},{"not_picked":["Heatsinks","Redo"],"picked":"Go for the Eyes","floor":6},{"not_picked":["White Noise","Thunder Strike"],"picked":"Gash","floor":8},{"not_picked":["Sweeping Beam","Barrage","Rebound"],"picked":"SKIP","floor":11},{"not_picked":["Barrage","Chaos"],"picked":"Auto Shields","floor":12},{"not_picked":["Fission","Seek"],"picked":"Core Surge","floor":16},{"not_picked":["Compile Driver","Tempest","Redo"],"picked":"SKIP","floor":18},{"not_picked":["Auto Shields","Streamline"],"picked":"Gash+1","floor":19},{"not_picked":["Ball Lightning+1","Barrage+1"],"picked":"White Noise+1","floor":20},{"not_picked":["Steam","Steam Power"],"picked":"Conserve Battery","floor":21},{"not_picked":["Leap","Sweeping Beam"],"picked":"Beam Cell+1","floor":23},{"not_picked":["Barrage","Steam"],"picked":"Self Repair+1","floor":25},{"not_picked":["Barrage+1","Undo","Multi-Cast"],"picked":"SKIP","floor":31},{"not_picked":["Coolheaded+1","Lockon"],"picked":"Gash","floor":35},{"not_picked":["Redo","Static Discharge","Capacitor"],"picked":"SKIP","floor":40},{"not_picked":["Streamline+1","Go for the Eyes+1"],"picked":"White Noise+1","floor":41},{"not_picked":["Aggregate+1","Darkness","Compile Driver+1"],"picked":"SKIP","floor":42},{"not_picked":["Loop+1","BootSequence","Leap+1"],"picked":"Skim+1","floor":44},{"not_picked":["Self Repair+1","Stack","Recycle+1"],"picked":"Force Field","floor":46},{"not_picked":["Self Repair","Go for the Eyes","Sweeping Beam","Amplify"],"picked":"SKIP","floor":48}],"player_experience":115206,"relics_obtained":[{"floor":6,"key":"Bronze Scales"},{"floor":6,"key":"Anchor"},{"floor":9,"key":"Orichalcum"},{"floor":23,"key":"Juzu Bracelet"},{"floor":23,"key":"Bag of Preparation"},{"floor":26,"key":"PreservedInsect"},{"floor":40,"key":"DataDisk"},{"floor":40,"key":"Omamori"},{"floor":42,"key":"Potion Belt"},{"floor":42,"key":"Blood Vial"},{"floor":43,"key":"Question Card"},{"floor":44,"key":"Oddly Smooth Stone"},{"floor":44,"key":"Lantern"},{"floor":48,"key":"Happy Flower"},{"floor":48,"key":"Tiny Chest"}],"event_choices":[{"event_name":"Accursed Blacksmith","player_choice":"Forge","floor":3,"damage_taken":0},{"event_name":"Living Wall","player_choice":"Forget","floor":14,"damage_taken":0},{"event_name":"The Library","player_choice":"Heal","floor":28,"damage_taken":0},{"event_name":"Upgrade Shrine","player_choice":"Upgraded","floor":30,"damage_taken":0},{"event_name":"Falling","player_choice":"Removed Power","floor":37,"damage_taken":0},{"event_name":"Duplicator","player_choice":"One dupe","floor":38,"damage_taken":0},{"event_name":"Tomb of Lord Red Mask","player_choice":"Paid","floor":47,"damage_taken":0}],"is_beta":true,"boss_relics":[{"not_picked":["Ectoplasm","Nuclear Battery"],"picked":"Sozu"},{"not_picked":["Inserter","Eternal Feather"],"picked":"Astrolabe"}],"items_purged_floors":[2,22,36],"is_endless":false,"potions_floor_spawned":[1,4,5,16,18,19,23,25,31,40,44,48],"ascension_level":6}