{"gold_per_floor":[118,132,98,98,114,114,134,134,134,146,62,62,77,55,55,155,155,166,192,192,202,221,221,221,221,275,275,287,319,45,62,62,62],"floor_reached":33,"playtime":3451,"items_purged":[],"score":257,"play_id":"a483aca1-45fa-4346-9373-e80c5723d5fa","local_time":"20190804141321","is_ascension_mode":false,"campfire_choices":[{"data":"Static Discharge","floor":6,"key":"SMITH"},{"floor":12,"key":"REST"},{"floor":15,"key":"REST"},{"floor":23,"key":"REST"},{"floor":27,"key":"REST"},{"floor":32,"key":"REST"}],"neow_cost":"NONE","seed_source_timestamp":691807123341900,"circlet_count":0,"master_deck":["Defend_B","Defend_B","Defend_B","Defend_B","Zap","Dualcast","Impatience","Skim","Glacier","Static Discharge+1","Biased Cognition","Panacea","Defragment","Ball Lightning","Melter","Loop","Hologram","Darkness","Ball Lightning","Amplify","Chill+1","Static Discharge+1","Steam Power+1","BootSequence","Conserve Battery","Loop","Gash+1","Hologram","Defragment","Gash","Barrage+1"],"relics":["Cracked Core","Darkstone Periapt","Astrolabe","Juzu Bracelet","MutagenicStrength","Potion Belt","Mummified Hand","PreservedInsect"],"potions_floor_usage":[16],"damage_taken":[{"damage":1,"enemies":"Jaw Worm","floor":1,"turns":3},{"damage":1,"enemies":"Cultist","floor":2,"turns":3},{"damage":7,"enemies":"Small Slimes","floor":5,"turns":3},{"damage":12,"enemies":"Exordium Thugs","floor":7,"turns":4},{"damage":16,"enemies":"Red Slaver","floor":10,"turns":3},{"damage":21,"enemies":"Lots of Slimes","floor":13,"turns":4},{"damage":42,"enemies":"Hexaghost","floor":16,"turns":4},{"damage":1,"enemies":"3 Byrds","floor":18,"turns":5},{"damage":15,"enemies":"Shell Parasite","floor":21,"turns":4},{"damage":37,"enemies":"Shelled Parasite and Fungi","floor":22,"turns":4},{"damage":1,"enemies":"Chosen and Byrds","floor":28,"turns":6},{"damage":35,"enemies":"Gremlin Leader","floor":29,"turns":5},{"damage":6,"enemies":"Centurion and Healer","floor":31,"turns":5},{"damage":73,"enemies":"Collector","floor":33,"turns":7}],"seed_played":"8172491375690990058","potions_obtained":[{"floor":2,"key":"PowerPotion"},{"floor":5,"key":"EssenceOfSteel"},{"floor":10,"key":"Ancient Potion"},{"floor":16,"key":"Fruit Juice"},{"floor":22,"key":"Energy Potion"},{"floor":29,"key":"FocusPotion"},{"floor":31,"key":"FearPotion"}],"is_trial":false,"path_per_floor":["M","M","$","?","M","R","M","?","T","M","$","R","M","$","R","B",null,"M","T","?","M","M","R","?","?","T","R","M","E","$","M","R","B"],"character_chosen":"DEFECT","items_purchased":["Static Discharge","Loop","Hologram","Ball Lightning","Defragment","Gash","PreservedInsect"],"campfire_rested":5,"item_purchase_floors":[3,11,11,14,30,30,30],"current_hp_per_floor":[74,73,73,73,66,66,54,54,54,38,38,60,39,39,61,24,80,79,79,79,64,27,51,51,51,51,75,74,39,39,33,57,0],"gold":62,"neow_bonus":"RANDOM_COLORLESS","is_prod":false,"is_daily":false,"chose_seed":false,"campfire_upgraded":1,"win_rate":0.0,"timestamp":1564942401,"path_taken":["M","M","$","?","?","R","M","?","T","M","?","R","M","$","R","BOSS","M","?","?","M","M","R","?","?","T","R","M","E","$","M","R","BOSS"],"build_version":"2019-07-17","purchased_purges":0,"victory":false,"max_hp_per_floor":[75,75,75,75,75,75,75,75,75,75,75,75,75,75,75,80,80,80,80,80,80,80,80,80,80,80,80,80,80,80,80,80,80],"card_choices":[{"not_picked":["Stack","Steam"],"picked":"Skim","floor":1},{"not_picked":["Rebound","Cold Snap"],"picked":"Glacier","floor":2},{"not_picked":["Consume","Static Discharge"],"picked":"Defragment","floor":5},{"not_picked":["Barrage","Steam Power"],"picked":"Ball Lightning","floor":7},{"not_picked":["Coolheaded","Chill"],"picked":"Melter","floor":10},{"not_picked":["Rip and Tear","Rebound"],"picked":"Darkness","floor":13},{"not_picked":["Reboot","Machine Learning"],"picked":"Amplify","floor":16},{"not_picked":["Steam Power","Tempest"],"picked":"BootSequence","floor":18},{"not_picked":["Self Repair+1","Melter+1"],"picked":"Conserve Battery","floor":21},{"not_picked":["Rebound+1","Sweeping Beam"],"picked":"Loop","floor":22},{"not_picked":["Rebound","Fusion"],"picked":"Gash+1","floor":28},{"not_picked":["Compile Driver","Leap"],"picked":"Hologram","floor":29},{"not_picked":["Beam Cell","Hologram"],"picked":"Barrage+1","floor":31}],"player_experience":17888,"relics_obtained":[{"floor":9,"key":"Darkstone Periapt"},{"floor":19,"key":"Juzu Bracelet"},{"floor":26,"key":"Potion Belt"},{"floor":29,"key":"Mummified Hand"}],"event_choices":[{"damage_healed":0,"gold_gain":0,"player_choice":"2 cards matched","damage_taken":0,"max_hp_gain":0,"max_hp_loss":0,"event_name":"Match and Keep!","floor":4,"gold_loss":0,"cards_obtained":["Biased Cognition","Panacea"]},{"damage_healed":0,"gold_gain":0,"player_choice":"Ignored","damage_taken":0,"max_hp_gain":0,"max_hp_loss":0,"event_name":"NoteForYourself","floor":8,"gold_loss":0},{"damage_healed":0,"gold_gain":0,"player_choice":"Bought 0 Potions","damage_taken":0,"max_hp_gain":0,"max_hp_loss":0,"event_name":"The Woman in Blue","floor":20,"gold_loss":0},{"damage_healed":0,"gold_gain":0,"player_choice":"Inject Mutagens","damage_taken":0,"relics_obtained":["MutagenicStrength"],"max_hp_gain":0,"max_hp_loss":0,"event_name":"Drug Dealer","floor":24,"gold_loss":0},{"cards_removed":["Strike_B"],"damage_healed":0,"gold_gain":0,"player_choice":"Purged","damage_taken":0,"max_hp_gain":0,"max_hp_loss":0,"event_name":"Purifier","floor":25,"gold_loss":0}],"is_beta":false,"boss_relics":[{"not_picked":["Busted Crown","Cursed Key"],"picked":"Astrolabe"}],"items_purged_floors":[],"is_endless":false,"potions_floor_spawned":[2,5,10,16,22,29,31],"killed_by":"Collector","ascension_level":0}