{"gold_per_floor":[109,120,131,150,325,325,354,373,396,407,407,434,448,473,473,575,575,515,515,515],"floor_reached":20,"playtime":1376,"items_purged":[],"score":243,"play_id":"daa19deb-0619-4069-b06b-bc847ca29313","local_time":"20190602162916","is_ascension_mode":true,"campfire_choices":[{"data":"Armaments","floor":6,"key":"SMITH"},{"data":"Rage","floor":11,"key":"SMITH"},{"floor":15,"key":"REST"}],"neow_cost":"NONE","seed_source_timestamp":43369400839052,"circlet_count":0,"master_deck":["Strike_R","Strike_R","Strike_R","Strike_R","Strike_R","Defend_R","Defend_R","Defend_R","Defend_R","Bash","Bloodletting","Battle Trance","Armaments+1","Shrug It Off","Doubt","Juggernaut","Rage+1","Disarm","Sentinel","Clothesline","Seeing Red","Barricade","Flex+1"],"relics":["Burning Blood","Boot","Centennial Puzzle","Orichalcum","Potion Belt","Runic Pyramid"],"potions_floor_usage":[12,12,12],"damage_taken":[{"damage":6,"enemies":"Cultist","floor":1,"turns":4},{"damage":16,"enemies":"Small Slimes","floor":2,"turns":4},{"damage":0,"enemies":"2 Louse","floor":3,"turns":3},{"damage":14,"enemies":"Looter","floor":4,"turns":4},{"damage":30,"enemies":"3 Sentries","floor":7,"turns":14},{"damage":3,"enemies":"Exordium Wildlife","floor":8,"turns":5},{"damage":13,"enemies":"Exordium Thugs","floor":10,"turns":5},{"damage":12,"enemies":"Gremlin Nob","floor":12,"turns":4},{"damage":27,"enemies":"Lots of Slimes","floor":13,"turns":5},{"damage":19,"enemies":"Lagavulin","floor":14,"turns":7},{"damage":19,"enemies":"The Guardian","floor":16,"turns":15},{"damage":29,"enemies":"2 Thieves","floor":18,"turns":4},{"damage":31,"enemies":"3 Byrds","floor":20,"turns":3}],"seed_played":"-2344732652870527056","potions_obtained":[{"floor":1,"key":"EssenceOfSteel"},{"floor":3,"key":"AttackPotion"},{"floor":7,"key":"Strength Potion"},{"floor":13,"key":"SneckoOil"}],"is_trial":false,"path_per_floor":["M","M","M","M","?","R","E","M","T","M","R","E","M","E","R","B",null,"M","?","M"],"character_chosen":"IRONCLAD","items_purchased":[],"campfire_rested":1,"item_purchase_floors":[],"current_hp_per_floor":[88,78,84,76,76,76,52,55,55,48,48,42,21,8,34,21,71,48,31,0],"gold":515,"neow_bonus":"TEN_PERCENT_HP_BONUS","is_prod":false,"is_daily":false,"chose_seed":false,"campfire_upgraded":2,"win_rate":0,"timestamp":1559510956,"path_taken":["M","M","?","M","?","R","E","M","T","M","R","E","M","E","R","BOSS","M","?","M"],"build_version":"2019-01-23","purchased_purges":0,"victory":false,"max_hp_per_floor":[88,88,88,88,88,88,88,88,88,88,88,88,88,88,88,88,88,88,93,93],"card_choices":[{"not_picked":["Rampage","Reckless Charge"],"picked":"Bloodletting","floor":1},{"not_picked":["Perfected Strike","Warcry"],"picked":"Battle Trance","floor":2},{"not_picked":["Perfected Strike","Heavy Blade"],"picked":"Armaments","floor":3},{"not_picked":["Perfected Strike","Disarm"],"picked":"Shrug It Off","floor":4},{"not_picked":["Anger","Havoc"],"picked":"Juggernaut","floor":7},{"not_picked":["Cleave","Twin Strike"],"picked":"Rage","floor":8},{"not_picked":["Cleave","Flex"],"picked":"Disarm","floor":10},{"not_picked":["Flex","Battle Trance"],"picked":"Sentinel","floor":12},{"not_picked":["Armaments","Clash"],"picked":"Clothesline","floor":13},{"not_picked":["Blood for Blood","Anger"],"picked":"Seeing Red","floor":14},{"not_picked":["Immolate","Demon Form"],"picked":"Barricade","floor":16},{"not_picked":["Iron Wave","Twin Strike"],"picked":"Flex+1","floor":18}],"player_experience":257392,"relics_obtained":[{"floor":7,"key":"Boot"},{"floor":9,"key":"Centennial Puzzle"},{"floor":12,"key":"Orichalcum"},{"floor":14,"key":"Potion Belt"}],"event_choices":[{"damage_healed":0,"gold_gain":175,"player_choice":"AGREE","damage_taken":0,"max_hp_gain":0,"max_hp_loss":0,"event_name":"Liars Game","floor":5,"gold_loss":0,"cards_obtained":["Doubt"]},{"damage_healed":0,"gold_gain":0,"player_choice":"Shed Blood","damage_taken":22,"max_hp_gain":5,"max_hp_loss":0,"event_name":"Forgotten Altar","floor":19,"gold_loss":0}],"is_beta":false,"boss_relics":[{"not_picked":["White Beast Statue","Orrery"],"picked":"Runic Pyramid"}],"items_purged_floors":[],"is_endless":false,"potions_floor_spawned":[1,3,7,13],"killed_by":"3 Byrds","ascension_level":5}