{"gold_per_floor":[111,111,111,36,36,36,51,84,162,197,197,30,51,92,92,216,216,234,234,253,128,139,174,174,200,200,200,230,230,230,264,264,363,363,379,397,397,13,13,13,28,61,61,76,105,105,119,45,45,45],"floor_reached":51,"playtime":2971,"items_purged":["Strike_B","Defend_B","Defend_B","Shame"],"score":861,"play_id":"2c8b8db0-6301-4de5-a440-285ef5e2ff18","local_time":"20180902223152","is_ascension_mode":true,"campfire_choices":[{"floor":6,"key":"REST"},{"data":"Doom and Gloom","floor":11,"key":"SMITH"},{"data":"Consume","floor":15,"key":"SMITH"},{"data":"Leap","floor":24,"key":"SMITH"},{"data":"Self Repair","floor":27,"key":"SMITH"},{"data":"Multi-Cast","floor":29,"key":"SMITH"},{"data":"Zap","floor":32,"key":"SMITH"},{"data":"Leap","floor":40,"key":"SMITH"},{"data":"Hologram","floor":46,"key":"SMITH"},{"data":"Lockon","floor":49,"key":"SMITH"}],"neow_cost":"NONE","seed_source_timestamp":1576836748452201,"circlet_count":0,"master_deck":["Strike_B+1","Strike_B+1","Defend_B","Zap+1","Dualcast+1","Doom and Gloom+1","Hologram+1","Leap+1","Parasite","Multi-Cast+1","Consume+1","Genetic Algorithm","Conserve Battery+1","Lockon+1","Stack+1","Self Repair+1","Loop+1","Leap+1","Skim","Discovery","Conserve Battery+1","Shame","Conserve Battery+1"],"relics":["Cursed Key","Bloody Idol","Unceasing Top","Tiny Chest","Happy Flower","Pear","Runic Pyramid","War Paint","Bronze Scales","Mercury Hourglass","Anchor","Meat on the Bone","Velvet Choker","Chemical X","Strawberry","Matryoshka","Vajra"],"potions_floor_usage":[16,28,31,33,50,50,50],"damage_taken":[{"damage":6,"enemies":"Jaw Worm","floor":1,"turns":3},{"damage":0,"enemies":"Small Slimes","floor":7,"turns":2},{"damage":14,"enemies":"Gremlin Nob","floor":8,"turns":3},{"damage":6,"enemies":"Lagavulin","floor":10,"turns":6},{"damage":0,"enemies":"2 Louse","floor":13,"turns":2},{"damage":6,"enemies":"3 Sentries","floor":14,"turns":3},{"damage":8,"enemies":"Hexaghost","floor":16,"turns":6},{"damage":0,"enemies":"Chosen","floor":18,"turns":3},{"damage":8,"enemies":"2 Thieves","floor":20,"turns":4},{"damage":0,"enemies":"Snecko","floor":22,"turns":4},{"damage":7,"enemies":"Book of Stabbing","floor":23,"turns":4},{"damage":15,"enemies":"Gremlin Leader","floor":25,"turns":6},{"damage":10,"enemies":"Slavers","floor":28,"turns":4},{"damage":0,"enemies":"Gremlin Leader","floor":31,"turns":6},{"damage":29,"enemies":"Collector","floor":33,"turns":6},{"damage":0,"enemies":"Orb Walker","floor":35,"turns":2},{"damage":0,"enemies":"3 Darklings","floor":36,"turns":3},{"damage":0,"enemies":"Maw","floor":41,"turns":4},{"damage":23,"enemies":"2 Orb Walkers","floor":42,"turns":5},{"damage":11,"enemies":"Jaw Worm Horde","floor":44,"turns":4},{"damage":41,"enemies":"Giant Head","floor":45,"turns":7},{"damage":0,"enemies":"Sphere and 2 Shapes","floor":47,"turns":4},{"damage":13,"enemies":"Awakened One","floor":50,"turns":8}],"seed_played":"-6904857018007349813","potions_obtained":[{"floor":10,"key":"Energy Potion"},{"floor":13,"key":"Energy Potion"},{"floor":14,"key":"FocusPotion"},{"floor":16,"key":"Weak Potion"},{"floor":23,"key":"FocusPotion"},{"floor":31,"key":"LiquidBronze"},{"floor":36,"key":"PowerPotion"},{"floor":45,"key":"Dexterity Potion"}],"is_trial":false,"path_per_floor":["M","?","?","$","?","R","M","E","T","E","R","$","M","E","R","B",null,"M","?","M","$","M","E","R","E","T","R","E","R","?","E","R","B",null,"M","M","?","$","?","R","M","E","T","M","E","R","M","$","R","B"],"character_chosen":"DEFECT","items_purchased":["Consume","Skim","Chemical X","FocusPotion"],"campfire_rested":1,"item_purchase_floors":[12,38,38,48],"current_hp_per_floor":[69,62,44,44,29,51,51,37,37,31,31,31,31,35,35,27,85,85,85,85,85,85,83,83,73,73,73,78,78,78,85,85,71,85,85,85,85,85,75,75,85,84,84,88,62,62,77,77,77,74],"gold":45,"neow_bonus":"BOSS_RELIC","is_prod":false,"is_daily":false,"chose_seed":false,"campfire_upgraded":9,"win_rate":0,"timestamp":1535949112,"path_taken":["M","?","?","$","?","R","?","E","T","E","R","$","?","E","R","BOSS","M","?","M","$","M","E","R","E","T","R","E","R","?","E","R","BOSS","M","M","?","$","?","R","M","E","T","?","E","R","?","?","R","BOSS"],"build_version":"2018-08-30","purchased_purges":4,"victory":true,"max_hp_per_floor":[75,75,75,75,75,75,75,75,75,75,75,75,75,85,85,85,85,85,85,85,85,85,85,85,85,85,85,85,85,85,85,85,85,85,85,85,85,85,85,85,85,92,92,92,92,92,92,92,92,92],"card_choices":[{"not_picked":["Stack","Consume"],"picked":"Doom and Gloom","floor":1},{"not_picked":["Beam Cell","Redo"],"picked":"Hologram","floor":7},{"not_picked":["Hello World","Hologram"],"picked":"Leap","floor":8},{"not_picked":["Rebound","Sweeping Beam"],"picked":"Multi-Cast","floor":10},{"not_picked":["Glacier","Rebound"],"picked":"Genetic Algorithm","floor":13},{"not_picked":["Reboot","Coolheaded"],"picked":"Conserve Battery","floor":14},{"not_picked":["Turbo","Cold Snap"],"picked":"Lockon","floor":18},{"not_picked":["Barrage","Static Discharge"],"picked":"Stack+1","floor":20},{"not_picked":["Go for the Eyes","Redo+1","Coolheaded+1"],"picked":"SKIP","floor":22},{"not_picked":["Creative AI","Loop","Double Energy"],"picked":"SKIP","floor":23},{"not_picked":["Chaos+1","Sweeping Beam+1"],"picked":"Self Repair","floor":25},{"not_picked":["Beam Cell","Compile Driver+1","Coolheaded+1"],"picked":"SKIP","floor":28},{"not_picked":["Rebound","Heatsinks+1","Coolheaded+1"],"picked":"SKIP","floor":31},{"not_picked":["Coolheaded+1","Darkness"],"picked":"Loop+1","floor":35},{"not_picked":["Go for the Eyes","Ball Lightning"],"picked":"Leap","floor":36},{"not_picked":["Chrysalis","Sadistic Nature"],"picked":"Discovery","floor":39},{"not_picked":["Beam Cell+1","Blizzard+1","Darkness+1"],"picked":"SKIP","floor":41},{"not_picked":["Cold Snap+1","Compile Driver+1"],"picked":"Conserve Battery+1","floor":42},{"not_picked":["FTL+1","Barrage","Lockon+1"],"picked":"SKIP","floor":44},{"not_picked":["Defragment","Streamline","Chaos+1"],"picked":"SKIP","floor":45},{"not_picked":["Compile Driver+1","Blizzard"],"picked":"Conserve Battery+1","floor":47}],"player_experience":70028,"relics_obtained":[{"floor":8,"key":"Unceasing Top"},{"floor":9,"key":"Tiny Chest"},{"floor":10,"key":"Happy Flower"},{"floor":14,"key":"Pear"},{"floor":23,"key":"War Paint"},{"floor":25,"key":"Bronze Scales"},{"floor":26,"key":"Mercury Hourglass"},{"floor":28,"key":"Anchor"},{"floor":31,"key":"Meat on the Bone"},{"floor":42,"key":"Strawberry"},{"floor":43,"key":"Matryoshka"},{"floor":45,"key":"Vajra"}],"event_choices":[{"event_name":"Golden Wing","player_choice":"Card Removal","floor":2,"damage_taken":0},{"event_name":"Golden Idol","player_choice":"Take Damage","floor":3,"damage_taken":0},{"event_name":"Shining Light","player_choice":"Entered Light","floor":5,"damage_taken":0},{"event_name":"Forgotten Altar","player_choice":"Gave Idol","floor":19,"damage_taken":0},{"event_name":"Vampires","player_choice":"Ignored","floor":30,"damage_taken":0},{"event_name":"Purifier","player_choice":"One Purge","floor":37,"damage_taken":0},{"event_name":"SensoryStone","player_choice":"Memory 3","floor":39,"damage_taken":0}],"is_beta":true,"boss_relics":[{"not_picked":["Calling Bell","Snecko Eye"],"picked":"Runic Pyramid"},{"not_picked":["Lizard Tail","White Beast Statue"],"picked":"Velvet Choker"}],"items_purged_floors":[4,12,21,38],"is_endless":false,"potions_floor_spawned":[10,13,14,16,22,23,31,36,45],"ascension_level":1}