{"gold_per_floor":[117,130,130,150,225,225,22,60,150,175,187,224,236,271,283,416,428,459,495,44,44],"floor_reached":21,"playtime":1266,"items_purged":["Strike_R"],"score":217,"play_id":"7a690bd3-fcdc-41e2-a98e-9fbd62d722cc","local_time":"20190525221803","is_ascension_mode":true,"campfire_choices":[{"data":"Hemokinesis","floor":6,"key":"SMITH"},{"floor":11,"key":"REST"},{"data":"Bloodletting","floor":13,"key":"SMITH"},{"floor":15,"key":"REST"}],"neow_cost":"NONE","seed_source_timestamp":103934845950070,"circlet_count":0,"master_deck":["Strike_R","Strike_R","Strike_R","Defend_R","Defend_R","Defend_R","Defend_R","Bash","Hemokinesis+1","Shrug It Off","Injury","Headbutt","Spot Weakness","Rupture","Inflame","Bloodletting+1","Armaments","Flame Barrier","Feed","Seeing Red","Dual Wield+1","Flame Barrier","Heavy Blade"],"relics":["Burning Blood","Golden Idol","MawBank","Kunai","Runic Cube","Singing Bowl"],"potions_floor_usage":[8,8,14,16,18,21,21],"damage_taken":[{"damage":6,"enemies":"Cultist","floor":1,"turns":4},{"damage":10,"enemies":"Jaw Worm","floor":2,"turns":2},{"damage":3,"enemies":"Small Slimes","floor":4,"turns":2},{"damage":41,"enemies":"3 Sentries","floor":8,"turns":7},{"damage":18,"enemies":"Blue Slaver","floor":10,"turns":3},{"damage":9,"enemies":"Large Slime","floor":12,"turns":4},{"damage":19,"enemies":"Lots of Slimes","floor":14,"turns":3},{"damage":49,"enemies":"Hexaghost","floor":16,"turns":10},{"damage":73,"enemies":"3 Byrds","floor":18,"turns":7},{"damage":13,"enemies":"Shell Parasite","floor":19,"turns":4},{"damage":32,"enemies":"Sentry and Sphere","floor":21,"turns":5}],"seed_played":"-1556833057001355642","potions_obtained":[{"floor":1,"key":"Swift Potion"},{"floor":8,"key":"AttackPotion"},{"floor":14,"key":"Energy Potion"},{"floor":16,"key":"Regen Potion"},{"floor":19,"key":"Explosive Potion"}],"is_trial":false,"path_per_floor":["M","M","?","M","?","R","$","E","T","M","R","M","R","M","R","B",null,"M","M","$","M"],"character_chosen":"IRONCLAD","items_purchased":["Spot Weakness","Rupture","AttackPotion","Singing Bowl","Flame Barrier","Heavy Blade","Block Potion"],"campfire_rested":2,"item_purchase_floors":[7,7,7,20,20,20,20],"current_hp_per_floor":[80,76,76,79,68,68,68,33,33,21,45,42,42,29,53,10,80,29,25,25,0],"gold":44,"neow_bonus":"TRANSFORM_CARD","is_prod":false,"is_daily":false,"chose_seed":false,"campfire_upgraded":2,"win_rate":0,"timestamp":1558840683,"path_taken":["M","M","?","M","?","R","$","E","T","M","R","M","R","M","R","BOSS","M","M","$","M"],"build_version":"2019-01-23","purchased_purges":1,"victory":false,"max_hp_per_floor":[80,80,80,80,80,80,80,80,80,80,80,80,80,80,80,80,80,83,86,86,89],"card_choices":[{"not_picked":["Rampage","Heavy Blade"],"picked":"Shrug It Off","floor":1},{"not_picked":["Second Wind","Evolve","Havoc"],"picked":"SKIP","floor":2},{"not_picked":["Body Slam","Flex"],"picked":"Headbutt","floor":4},{"not_picked":["Body Slam","Second Wind"],"picked":"Inflame","floor":8},{"not_picked":["Anger","Body Slam"],"picked":"Bloodletting","floor":10},{"not_picked":["Iron Wave","Pommel Strike"],"picked":"Armaments","floor":12},{"not_picked":["Clothesline","Armaments"],"picked":"Flame Barrier","floor":14},{"not_picked":["Berserk","Dark Embrace"],"picked":"Feed","floor":16},{"not_picked":["Intimidate","Evolve"],"picked":"Seeing Red","floor":18},{"not_picked":["Burning Pact","Pommel Strike"],"picked":"Dual Wield+1","floor":19}],"player_experience":196995,"relics_obtained":[{"floor":8,"key":"MawBank"},{"floor":9,"key":"Kunai"}],"event_choices":[{"damage_healed":0,"gold_gain":0,"player_choice":"Take Wound","damage_taken":0,"relics_obtained":["Golden Idol"],"max_hp_gain":0,"max_hp_loss":0,"event_name":"Golden Idol","floor":3,"gold_loss":0,"cards_obtained":["Injury"]},{"damage_healed":0,"gold_gain":75,"player_choice":"Gather Gold","damage_taken":11,"max_hp_gain":0,"max_hp_loss":0,"event_name":"World of Goop","floor":5,"gold_loss":0}],"is_beta":false,"boss_relics":[{"not_picked":["Ectoplasm","Calling Bell"],"picked":"Runic Cube"}],"items_purged_floors":[20],"is_endless":false,"potions_floor_spawned":[1,8,14,16,19],"killed_by":"Sentry and Sphere","ascension_level":4}