{"gold_per_floor":[114,124,139,150,160,194,207,223,249,60,75,175,194,211,211,307,307,262,262,262,262,7,7,7,7,7,7,7,7,7,7,7,7],"floor_reached":33,"playtime":4753,"items_purged":[],"score":279,"play_id":"5ae4a798-94f8-4b6a-85db-90ebbc12208c","local_time":"20190716212747","is_ascension_mode":false,"campfire_choices":[{"floor":15,"key":"REST"},{"floor":24,"key":"REST"},{"floor":32,"key":"REST"}],"neow_cost":"NONE","seed_source_timestamp":0,"circlet_count":0,"master_deck":["Strike_G","Strike_G","Strike_G","Strike_G","Strike_G","Defend_G","Defend_G","Defend_G","Defend_G","Defend_G","Survivor","Neutralize","Poisoned Stab","Footwork","Expertise","Calculated Gamble","Poisoned Stab","Caltrops","Blur","Adrenaline","Transmutation","Blur","Heel Hook","Backstab","Burst","Noxious Fumes+1","Tactician+1","Glass Knife","Endless Agony","Deadly Poison+1","Skewer+1","Necronomicurse","Escape Plan+1"],"special_seed":0,"relics":["Ring of the Snake","NeowsBlessing","Centennial Puzzle","Bronze Scales","Ectoplasm","Sling","Dream Catcher","Bottled Tornado","Necronomicon","Frozen Egg 2"],"potions_floor_usage":[14,16,16,20,27,27,33,33],"damage_taken":[{"damage":0.0,"enemies":"Cultist","floor":1.0,"turns":1.0},{"damage":0.0,"enemies":"Jaw Worm","floor":2.0,"turns":1.0},{"damage":0.0,"enemies":"Small Slimes","floor":3.0,"turns":1.0},{"damage":0.0,"enemies":"Blue Slaver","floor":4.0,"turns":5.0},{"damage":5.0,"enemies":"Looter","floor":5.0,"turns":4.0},{"damage":11.0,"enemies":"Lagavulin","floor":6.0,"turns":8.0},{"damage":9.0,"enemies":"Large Slime","floor":7.0,"turns":7.0},{"damage":8.0,"enemies":"2 Fungi Beasts","floor":8.0,"turns":3.0},{"damage":8.0,"enemies":"Lots of Slimes","floor":11.0,"turns":4.0},{"damage":0,"enemies":"Large Slime","floor":13,"turns":5},{"damage":0,"enemies":"Exordium Wildlife","floor":14,"turns":6},{"damage":3,"enemies":"Hexaghost","floor":16,"turns":9},{"damage":14,"enemies":"2 Thieves","floor":18,"turns":3},{"damage":0,"enemies":"Shell Parasite","floor":20,"turns":1},{"damage":10,"enemies":"Chosen and Byrds","floor":21,"turns":5},{"damage":18,"enemies":"Gremlin Leader","floor":23,"turns":6},{"damage":0,"enemies":"Snecko","floor":25,"turns":3},{"damage":12,"enemies":"Sentry and Sphere","floor":27,"turns":5},{"damage":12,"enemies":"Centurion and Healer","floor":29,"turns":5},{"damage":0,"enemies":"Chosen and Byrds","floor":30,"turns":5},{"damage":36,"enemies":"Champ","floor":33,"turns":7}],"seed_played":"-2583046611342642243","potions_obtained":[{"floor":2.0,"key":"GhostInAJar"},{"floor":4.0,"key":"LiquidBronze"},{"floor":6.0,"key":"Strength Potion"},{"floor":7.0,"key":"PowerPotion"},{"floor":11,"key":"Fire Potion"},{"floor":13,"key":"Block Potion"},{"floor":16,"key":"SmokeBomb"},{"floor":23,"key":"Dexterity Potion"},{"floor":25,"key":"Explosive Potion"},{"floor":30,"key":"Weak Potion"}],"is_trial":false,"path_per_floor":["M","M","M","M","M","E","M","M","T","$","M","?","M","M","R","B",null,"M","?","M","M","$","E","R","M","T","M","?","M","M","?","R","B"],"character_chosen":"THE_SILENT","items_purchased":["Transmutation","Sling","Poison Potion"],"campfire_rested":3,"item_purchase_floors":[10,22,22],"current_hp_per_floor":[70,70,70,70,65,54,45,37,37,37,29,29,29,29,50,47,70,56,56,56,46,46,28,49,49,49,37,21,9,9,9,30,0],"gold":7,"neow_bonus":"THREE_ENEMY_KILL","is_prod":false,"is_daily":false,"chose_seed":false,"campfire_upgraded":0,"win_rate":0.0,"timestamp":1563326867,"path_taken":["M","M","M","?","M","E","M","M","T","$","?","?","M","?","R","BOSS","M","?","M","?","$","E","R","M","T","M","?","M","M","?","R","BOSS"],"build_version":"2019-07-05","purchased_purges":0,"victory":false,"max_hp_per_floor":[70,70,70,70,70,70,70,70,70,70,70,70,70,70,70,70,70,70,70,70,70,70,70,70,70,70,70,70,70,70,70,70,70],"card_choices":[{"not_picked":["Backflip","Blade Dance"],"picked":"Poisoned Stab","floor":1.0},{"not_picked":["Blade Dance","Underhanded Strike"],"picked":"Footwork","floor":2.0},{"not_picked":["Flying Knee","Flechettes"],"picked":"Expertise","floor":3.0},{"not_picked":["PiercingWail","Flying Knee"],"picked":"Calculated Gamble","floor":4.0},{"not_picked":["Wraith Form v2","Tactician"],"picked":"Poisoned Stab","floor":5.0},{"not_picked":["Sucker Punch","Phantasmal Killer"],"picked":"Caltrops","floor":6.0},{"not_picked":["Backflip","Blade Dance"],"picked":"Blur","floor":7.0},{"not_picked":["Slice","Expertise"],"picked":"Adrenaline","floor":8.0},{"not_picked":["Quick Slash","Caltrops"],"picked":"Blur","floor":11},{"not_picked":["Quick Slash","Backflip"],"picked":"Heel Hook","floor":13},{"not_picked":["Blade Dance","Skewer"],"picked":"Backstab","floor":14},{"not_picked":["Wraith Form v2","Unload"],"picked":"Burst","floor":16},{"not_picked":["Quick Slash","Infinite Blades"],"picked":"Noxious Fumes+1","floor":18},{"not_picked":["Underhanded Strike","All Out Attack"],"picked":"Tactician+1","floor":21},{"not_picked":["All Out Attack","Calculated Gamble"],"picked":"Glass Knife","floor":23},{"not_picked":["Prepared","Underhanded Strike"],"picked":"Endless Agony","floor":24},{"not_picked":["Quick Slash","Backstab"],"picked":"Deadly Poison+1","floor":25},{"not_picked":["Deadly Poison","Calculated Gamble"],"picked":"Skewer+1","floor":27},{"not_picked":["Flying Knee","Quick Slash","Blur"],"picked":"SKIP","floor":29},{"not_picked":["Bullet Time","Dagger Throw"],"picked":"Escape Plan+1","floor":30}],"player_experience":58934,"relics_obtained":[{"floor":6.0,"key":"Centennial Puzzle"},{"floor":9.0,"key":"Bronze Scales"},{"floor":23,"key":"Dream Catcher"},{"floor":26,"key":"Bottled Tornado"},{"floor":28,"key":"Necronomicon"}],"event_choices":[{"damage_healed":0,"gold_gain":100,"player_choice":"Pray","damage_taken":0,"max_hp_gain":0,"max_hp_loss":0,"event_name":"Golden Shrine","floor":12,"gold_loss":0},{"damage_healed":0,"gold_gain":100,"player_choice":"Pray","damage_taken":0,"max_hp_gain":0,"max_hp_loss":0,"event_name":"Golden Shrine","floor":19,"gold_loss":0},{"damage_healed":0,"gold_gain":0,"player_choice":"Obtained Book","damage_taken":16,"max_hp_gain":0,"max_hp_loss":0,"event_name":"Cursed Tome","floor":28,"gold_loss":0},{"damage_healed":0,"gold_gain":0,"player_choice":"Opened","damage_taken":0,"relics_obtained":["Frozen Egg 2"],"max_hp_gain":0,"max_hp_loss":0,"event_name":"The Mausoleum","floor":31,"gold_loss":0}],"is_beta":false,"boss_relics":[{"not_picked":["Calling Bell","Eternal Feather"],"picked":"Ectoplasm"}],"items_purged_floors":[],"is_endless":false,"potions_floor_spawned":[2,4,6,7,11,13,16,20,23,25,30],"killed_by":"Champ","ascension_level":0}