{"gold_per_floor":[112,77,77,89,108,108,128,143,143,143,154,189,189,205,205,205],"floor_reached":16,"playtime":533,"items_purged":[],"score":208,"play_id":"dee6caa5-78d4-4589-b627-d642ee9cf901","local_time":"20190803180551","is_ascension_mode":true,"campfire_choices":[{"data":"Consume","floor":6,"key":"SMITH"},{"floor":10,"key":"REST"},{"floor":15,"key":"REST"}],"neow_cost":"NONE","seed_source_timestamp":1028308009897400,"circlet_count":0,"master_deck":["AscendersBane","Zap","Dualcast","White Noise","Steam","Storm","Hyperbeam","Consume+1","Coolheaded","Fusion","White Noise","Auto Shields","Cold Snap","Leap","Seek","Go for the Eyes"],"relics":["Pandora\u0027s Box","Turnip","Dodecahedron"],"potions_floor_usage":[12,16],"damage_taken":[{"damage":9,"enemies":"2 Louse","floor":1,"turns":2},{"damage":10,"enemies":"Small Slimes","floor":4,"turns":3},{"damage":15,"enemies":"Jaw Worm","floor":5,"turns":4},{"damage":0,"enemies":"3 Louse","floor":7,"turns":1},{"damage":11,"enemies":"Exordium Wildlife","floor":8,"turns":4},{"damage":4,"enemies":"Gremlin Gang","floor":11,"turns":3},{"damage":22,"enemies":"3 Sentries","floor":12,"turns":5},{"damage":0,"enemies":"Red Slaver","floor":14,"turns":3},{"damage":66,"enemies":"Slime Boss","floor":16,"turns":16}],"seed_played":"-7562476553393431424","potions_obtained":[{"floor":4,"key":"Weak Potion"},{"floor":5,"key":"SmokeBomb"},{"floor":11,"key":"Regen Potion"},{"floor":12,"key":"LiquidBronze"}],"is_trial":false,"path_per_floor":["M","?","$","M","M","R","M","M","T","R","M","E","?","M","R","B"],"character_chosen":"DEFECT","items_purchased":[],"campfire_rested":2,"item_purchase_floors":[],"current_hp_per_floor":[55,71,71,61,46,46,46,35,35,56,52,44,44,44,65,0],"gold":205,"neow_bonus":"BOSS_RELIC","is_prod":false,"is_daily":false,"chose_seed":false,"campfire_upgraded":1,"win_rate":0,"timestamp":1564848351,"path_taken":["M","?","$","M","M","R","M","M","T","R","M","E","?","M","R","BOSS"],"build_version":"2019-07-17","purchased_purges":0,"victory":false,"max_hp_per_floor":[71,71,71,71,71,71,71,71,71,71,71,71,71,71,71,71],"card_choices":[{"not_picked":["Sweeping Beam","Skim","Turbo"],"picked":"SKIP","floor":1},{"not_picked":["Go for the Eyes","Streamline"],"picked":"Auto Shields","floor":4},{"not_picked":["Compile Driver","Tempest","Streamline"],"picked":"SKIP","floor":5},{"not_picked":["Gash","Stack"],"picked":"Cold Snap","floor":7},{"not_picked":["Streamline","Reinforced Body"],"picked":"Leap","floor":8},{"not_picked":["Steam","Barrage","Compile Driver"],"picked":"SKIP","floor":11},{"not_picked":["Coolheaded","Sweeping Beam"],"picked":"Seek","floor":12},{"not_picked":["Ball Lightning","Reprogram"],"picked":"Go for the Eyes","floor":14}],"player_experience":401761,"relics_obtained":[{"floor":9,"key":"Turnip"},{"floor":12,"key":"Dodecahedron"}],"event_choices":[{"damage_healed":17,"gold_gain":0,"player_choice":"Healed","damage_taken":0,"max_hp_gain":0,"max_hp_loss":0,"event_name":"The Cleric","floor":2,"gold_loss":35},{"damage_healed":0,"gold_gain":0,"player_choice":"Searched \u00270\u0027 times","damage_taken":0,"max_hp_gain":0,"max_hp_loss":0,"event_name":"Dead Adventurer","floor":13,"gold_loss":0}],"is_beta":false,"boss_relics":[],"items_purged_floors":[],"is_endless":false,"potions_floor_spawned":[4,5,11,12],"killed_by":"Slime Boss","ascension_level":20}