{"gold_per_floor":[114,134,148,165,11,40,40,40,40,65,65,65,140,158,158,158],"floor_reached":16,"playtime":612,"items_purged":["Strike_R"],"score":215,"play_id":"51753a4c-ce62-446d-a245-eea2db252888","local_time":"20190722194704","is_ascension_mode":true,"campfire_choices":[{"data":"Immolate","floor":7,"key":"SMITH"},{"data":"Searing Blow+1","floor":12,"key":"SMITH"},{"floor":15,"key":"REST"}],"neow_cost":"TEN_PERCENT_HP_LOSS","seed_source_timestamp":616882811705,"circlet_count":0,"master_deck":["AscendersBane","Strike_R","Strike_R","Strike_R","Defend_R","Defend_R","Defend_R","Defend_R","Bash","Immolate+1","Searing Blow+2","Feel No Pain","Twin Strike","Power Through","Battle Trance","Combust","Thunderclap","Shockwave"],"relics":["Burning Blood","Ornamental Fan","Mango","StoneCalendar"],"potions_floor_usage":[6,16],"damage_taken":[{"damage":1,"enemies":"Cultist","floor":1,"turns":3},{"damage":4,"enemies":"Jaw Worm","floor":2,"turns":3},{"damage":0,"enemies":"Small Slimes","floor":3,"turns":2},{"damage":0,"enemies":"Exordium Wildlife","floor":4,"turns":2},{"damage":27,"enemies":"Lagavulin","floor":6,"turns":5},{"damage":21,"enemies":"3 Sentries","floor":10,"turns":5},{"damage":0,"enemies":"2 Fungi Beasts","floor":14,"turns":2},{"damage":74,"enemies":"The Guardian","floor":16,"turns":11}],"seed_played":"5059103458346481449","potions_obtained":[{"floor":2,"key":"AttackPotion"},{"floor":6,"key":"Swift Potion"}],"is_trial":false,"path_per_floor":["M","M","M","M","$","E","R","?","T","E","?","R","?","M","R","B"],"character_chosen":"IRONCLAD","items_purchased":["Battle Trance"],"campfire_rested":1,"item_purchase_floors":[5],"current_hp_per_floor":[68,68,68,68,68,47,47,40,54,39,39,39,28,34,58,0],"gold":158,"neow_bonus":"THREE_RARE_CARDS","is_prod":false,"is_daily":false,"chose_seed":false,"campfire_upgraded":2,"win_rate":0,"timestamp":1563842824,"path_taken":["M","M","M","M","$","E","R","?","T","E","?","R","?","M","R","BOSS"],"build_version":"2019-07-17","purchased_purges":1,"victory":false,"max_hp_per_floor":[68,68,68,68,68,68,68,68,82,82,82,82,82,82,82,82],"card_choices":[{"not_picked":["Juggernaut","Limit Break"],"picked":"Immolate","floor":0},{"not_picked":["Perfected Strike","Iron Wave"],"picked":"Searing Blow","floor":1},{"not_picked":["Flex","Clothesline"],"picked":"Feel No Pain","floor":2},{"not_picked":["Sentinel","Anger"],"picked":"Twin Strike","floor":3},{"not_picked":["Armaments","Wild Strike"],"picked":"Power Through","floor":4},{"not_picked":["Perfected Strike","Rage"],"picked":"Combust","floor":6},{"not_picked":["Carnage","Heavy Blade"],"picked":"Thunderclap","floor":10},{"not_picked":["Havoc","Uppercut"],"picked":"Shockwave","floor":14}],"player_experience":525986,"relics_obtained":[{"floor":6,"key":"Ornamental Fan"},{"floor":9,"key":"Mango"},{"floor":10,"key":"StoneCalendar"}],"event_choices":[{"cards_removed":["Strike_R"],"damage_healed":0,"gold_gain":0,"player_choice":"Card Removal","damage_taken":7,"max_hp_gain":0,"max_hp_loss":0,"event_name":"Golden Wing","floor":8,"gold_loss":0},{"damage_healed":0,"gold_gain":0,"player_choice":"Grow","damage_taken":0,"max_hp_gain":0,"max_hp_loss":0,"event_name":"Living Wall","floor":11,"gold_loss":0,"cards_upgraded":["Searing Blow"]},{"damage_healed":0,"gold_gain":75,"player_choice":"Gather Gold","damage_taken":11,"max_hp_gain":0,"max_hp_loss":0,"event_name":"World of Goop","floor":13,"gold_loss":0}],"is_beta":false,"boss_relics":[],"items_purged_floors":[5],"is_endless":false,"potions_floor_spawned":[2,6],"killed_by":"The Guardian","ascension_level":19}