{"gold_per_floor":[112,132,132,64,64,64,90,90,90,90,115,130,149,165,165,265,265,284,304,317,327,4,37,49,49,49,59,158,169,169],"floor_reached":30,"playtime":1275,"items_purged":[],"score":424,"play_id":"76b441d9-015b-4cda-8b6c-9cc143c17d15","local_time":"20190601190412","is_ascension_mode":true,"campfire_choices":[{"data":"Metallicize","floor":6,"key":"SMITH"},{"data":"Cleave","floor":8,"key":"SMITH"},{"data":"Anger","floor":15,"key":"SMITH"},{"floor":25,"key":"REST"}],"neow_cost":"NONE","seed_source_timestamp":697106445257850,"circlet_count":0,"master_deck":["Strike_R","Strike_R","Strike_R","Strike_R","Defend_R","Defend_R","Defend_R","Defend_R","Bash","Havoc","Power Through","Metallicize+1","Cleave+1","Thunderclap","Anger+1","Headbutt","Flame Barrier","Demon Form","Pommel Strike","True Grit","Entrench","Corruption","Heavy Blade","Inflame","Intimidate+1","Burning Pact"],"relics":["Burning Blood","NeowsBlessing","Bag of Marbles","Darkstone Periapt","GremlinMask","Mercury Hourglass","Sozu","Pantograph","Ancient Tea Set","Singing Bowl"],"potions_floor_usage":[16,16],"damage_taken":[{"damage":0,"enemies":"Small Slimes","floor":1,"turns":1},{"damage":0,"enemies":"2 Louse","floor":2,"turns":1},{"damage":0,"enemies":"3 Sentries","floor":7,"turns":2},{"damage":50,"enemies":"Gremlin Nob","floor":11,"turns":6},{"damage":2,"enemies":"Cultist","floor":12,"turns":3},{"damage":2,"enemies":"Lots of Slimes","floor":13,"turns":2},{"damage":5,"enemies":"3 Louse","floor":14,"turns":3},{"damage":0,"enemies":"Slime Boss","floor":16,"turns":3},{"damage":2,"enemies":"3 Byrds","floor":18,"turns":4},{"damage":7,"enemies":"Chosen","floor":19,"turns":4},{"damage":16,"enemies":"Snake Plant","floor":20,"turns":4},{"damage":9,"enemies":"Snecko","floor":21,"turns":4},{"damage":35,"enemies":"Slavers","floor":23,"turns":6},{"damage":26,"enemies":"Centurion and Healer","floor":24,"turns":7},{"damage":23,"enemies":"Snake Plant","floor":27,"turns":5},{"damage":16,"enemies":"Snecko","floor":29,"turns":6},{"damage":39,"enemies":"Cultist and Chosen","floor":30,"turns":6}],"seed_played":"-1509660738712195662","potions_obtained":[{"floor":11,"key":"Strength Potion"},{"floor":12,"key":"SteroidPotion"},{"floor":13,"key":"EssenceOfSteel"}],"is_trial":false,"path_per_floor":["M","M","?","$","?","R","E","R","T","?","E","M","M","M","R","B",null,"M","M","M","M","$","E","M","R","T","M","?","M","M"],"character_chosen":"IRONCLAD","items_purchased":["Metallicize","Heavy Blade","Pantograph","Inflame"],"campfire_rested":1,"item_purchase_floors":[4,22,22,22],"current_hp_per_floor":[80,80,73,73,78,78,84,84,84,84,40,44,48,49,49,55,78,82,81,71,68,68,39,19,44,44,29,29,21,0],"gold":169,"neow_bonus":"THREE_ENEMY_KILL","is_prod":false,"is_daily":false,"chose_seed":false,"campfire_upgraded":3,"win_rate":0,"timestamp":1559433852,"path_taken":["M","M","?","$","?","R","E","R","T","?","E","?","M","M","R","BOSS","M","M","?","M","$","E","?","R","T","M","?","M","M"],"build_version":"2019-01-23","purchased_purges":0,"victory":false,"max_hp_per_floor":[80,80,80,80,85,85,85,85,85,85,85,85,85,85,85,85,85,85,85,85,85,85,85,85,85,85,87,87,89,89],"card_choices":[{"not_picked":["Wild Strike","Body Slam"],"picked":"Havoc","floor":1},{"not_picked":["Body Slam","Wild Strike"],"picked":"Power Through","floor":2},{"not_picked":["Body Slam","Havoc"],"picked":"Cleave","floor":7},{"not_picked":["Berserk","Evolve"],"picked":"Thunderclap","floor":11},{"not_picked":["Havoc","Wild Strike"],"picked":"Anger","floor":12},{"not_picked":["Feel No Pain","Pommel Strike"],"picked":"Headbutt","floor":13},{"not_picked":["Clothesline","Evolve"],"picked":"Flame Barrier","floor":14},{"not_picked":["Bludgeon","Limit Break"],"picked":"Demon Form","floor":16},{"not_picked":["Hemokinesis+1","Sword Boomerang"],"picked":"Pommel Strike","floor":18},{"not_picked":["Perfected Strike","Anger"],"picked":"True Grit","floor":19},{"not_picked":["Whirlwind","Pommel Strike+1"],"picked":"Entrench","floor":20},{"not_picked":["Clash","Headbutt"],"picked":"Corruption","floor":21},{"not_picked":["Havoc","Searing Blow"],"picked":"Intimidate+1","floor":23},{"not_picked":["Clash","Pummel+1"],"picked":"Burning Pact","floor":24},{"not_picked":["Whirlwind","True Grit","Twin Strike+1"],"picked":"Singing Bowl","floor":27},{"not_picked":["Thunderclap+1","Headbutt","Anger"],"picked":"Singing Bowl","floor":29}],"player_experience":249195,"relics_obtained":[{"floor":7,"key":"Bag of Marbles"},{"floor":9,"key":"Darkstone Periapt"},{"floor":11,"key":"Mercury Hourglass"},{"floor":23,"key":"Ancient Tea Set"},{"floor":26,"key":"Singing Bowl"}],"event_choices":[{"cards_removed":["Strike_R"],"damage_healed":0,"gold_gain":0,"player_choice":"Card Removal","damage_taken":7,"max_hp_gain":0,"max_hp_loss":0,"event_name":"Golden Wing","floor":3,"gold_loss":0},{"damage_healed":0,"gold_gain":0,"player_choice":"Donut","damage_taken":0,"max_hp_gain":5,"max_hp_loss":0,"event_name":"Big Fish","floor":5,"gold_loss":0},{"damage_healed":0,"gold_gain":0,"player_choice":"Trade","damage_taken":0,"relics_obtained":["GremlinMask"],"max_hp_gain":0,"max_hp_loss":0,"event_name":"FaceTrader","floor":10,"gold_loss":0},{"damage_healed":0,"gold_gain":99,"player_choice":"Stole From Cult","damage_taken":0,"max_hp_gain":0,"max_hp_loss":0,"event_name":"Nest","floor":28,"gold_loss":0}],"is_beta":false,"boss_relics":[{"not_picked":["Fusion Hammer","Orrery"],"picked":"Sozu"}],"items_purged_floors":[],"is_endless":false,"potions_floor_spawned":[11,12,13,20,23,27,29],"killed_by":"Cultist and Chosen","ascension_level":5}