{"gold_per_floor":[117,117,128,143,74,74,104,120,120,147,162,177,252,271,271,370,370,390,390,390,390,403,403,423,423,423,423,423,423,452,463,463,560,560,576,247,267,22,22,22,49,49,49,66,166,182,182,192,192,192],"floor_reached":50,"playtime":5580,"items_purged":["Normality","Normality"],"score":678,"play_id":"14a40a3f-2fc3-4485-b7bf-f6d30beb3779","local_time":"20190803023018","is_ascension_mode":true,"campfire_choices":[{"data":"Flechettes","floor":6.0,"key":"SMITH"},{"floor":15.0,"key":"REST"},{"data":"1","floor":23.0,"key":"LIFT"},{"data":"2","floor":25.0,"key":"LIFT"},{"data":"3","floor":27.0,"key":"LIFT"},{"data":"A Thousand Cuts","floor":29.0,"key":"SMITH"},{"floor":32.0,"key":"REST"},{"data":"Cloak And Dagger","floor":40.0,"key":"SMITH"},{"data":"Panache","floor":42.0,"key":"SMITH"},{"data":"Doppelganger","floor":47.0,"key":"SMITH"},{"floor":49.0,"key":"REST"}],"neow_cost":"NONE","seed_source_timestamp":0,"circlet_count":0,"master_deck":["Defend_G","Defend_G","Defend_G","Defend_G","Survivor","Neutralize","Dagger Throw","Backflip","Flechettes+1","Outmaneuver","Caltrops","Well Laid Plans","A Thousand Cuts+1","Expertise","PiercingWail","Expertise","PiercingWail","After Image","Decay","Terror+1","Bite","Bite","Bite","Bite","Bite","Backflip","Cloak And Dagger+1","Sucker Punch","Corpse Explosion","Adrenaline","Quick Slash+1","Predator","Panache+1","Doppelganger+1","Backflip+1","Riddle With Holes","Backflip+1"],"special_seed":0,"relics":["Ring of the Snake","Dream Catcher","Girya","Calling Bell","Letter Opener","Shovel","Nloth\u0027s Gift","Regal Pillow","Potion Belt","Red Mask","HoveringKite","Vajra","Pen Nib","Gremlin Horn","Bird Faced Urn"],"potions_floor_usage":[50,50,50,50,50],"damage_taken":[{"damage":0.0,"enemies":"2 Louse","floor":1.0,"turns":3.0},{"damage":0.0,"enemies":"Cultist","floor":3.0,"turns":3.0},{"damage":0.0,"enemies":"Small Slimes","floor":4.0,"turns":3.0},{"damage":26.0,"enemies":"Lagavulin","floor":7.0,"turns":7.0},{"damage":0.0,"enemies":"3 Louse","floor":8.0,"turns":4.0},{"damage":10.0,"enemies":"Gremlin Nob","floor":10.0,"turns":4.0},{"damage":5.0,"enemies":"Red Slaver","floor":11.0,"turns":4.0},{"damage":9.0,"enemies":"Large Slime","floor":12.0,"turns":7.0},{"damage":7.0,"enemies":"3 Louse","floor":14.0,"turns":4.0},{"damage":8.0,"enemies":"Hexaghost","floor":16.0,"turns":11.0},{"damage":28.0,"enemies":"Spheric Guardian","floor":18.0,"turns":7.0},{"damage":10.0,"enemies":"Chosen","floor":22.0,"turns":7.0},{"damage":16.0,"enemies":"Shelled Parasite and Fungi","floor":24.0,"turns":8.0},{"damage":26.0,"enemies":"Masked Bandits","floor":30.0,"turns":5.0},{"damage":26.0,"enemies":"Sentry and Sphere","floor":31.0,"turns":5.0},{"damage":51.0,"enemies":"Automaton","floor":33.0,"turns":12.0},{"damage":19.0,"enemies":"Orb Walker","floor":35.0,"turns":5.0},{"damage":38.0,"enemies":"3 Darklings","floor":37.0,"turns":5.0},{"damage":17.0,"enemies":"Reptomancer","floor":41.0,"turns":5.0},{"damage":2.0,"enemies":"Jaw Worm Horde","floor":44.0,"turns":2.0},{"damage":17.0,"enemies":"Mind Bloom Boss Battle","floor":45.0,"turns":7.0},{"damage":2.0,"enemies":"4 Shapes","floor":46.0,"turns":3.0},{"damage":14.0,"enemies":"Sphere and 2 Shapes","floor":48.0,"turns":5.0},{"damage":108,"enemies":"Awakened One","floor":50,"turns":8}],"seed_played":"5420914900714616915","potions_obtained":[{"floor":8.0,"key":"Weak Potion"},{"floor":10.0,"key":"Explosive Potion"},{"floor":11.0,"key":"EntropicBrew"},{"floor":12.0,"key":"Weak Potion"},{"floor":14.0,"key":"Dexterity Potion"},{"floor":16.0,"key":"Block Potion"},{"floor":22.0,"key":"SpeedPotion"},{"floor":24.0,"key":"Poison Potion"},{"floor":33.0,"key":"Fire Potion"},{"floor":41.0,"key":"FearPotion"},{"floor":45.0,"key":"Strength Potion"},{"floor":48.0,"key":"Poison Potion"}],"is_trial":false,"path_per_floor":["M","?","M","M","$","R","E","M","T","E","M","M","?","M","R","B",null,"M","?","?","?","M","R","M","R","T","R","?","R","?","M","R","B",null,"M","$","M","$","?","R","E","R","T","M","?","M","R","M","R","B"],"character_chosen":"THE_SILENT","items_purchased":["Well Laid Plans","Predator","Panache","Vajra"],"campfire_rested":3,"item_purchase_floors":[5,36,36,38],"current_hp_per_floor":[70,70,70,70,70,70,44,44,44,34,29,20,13,6,27,19,88,60,60,43,43,45,45,43,43,43,43,43,43,25,7,49,12,93,81,81,49,49,49,49,46,46,46,50,43,51,51,53,93,0],"gold":192,"neow_bonus":"THREE_CARDS","is_prod":false,"is_daily":false,"chose_seed":false,"campfire_upgraded":5,"win_rate":0,"timestamp":1564821018,"path_taken":["M","?","?","M","?","R","E","M","T","E","M","M","?","?","R","BOSS","M","?","?","?","M","R","?","R","T","R","?","R","?","M","R","BOSS","M","$","M","$","?","R","E","R","T","M","?","M","R","M","R","BOSS"],"build_version":"2019-07-18","purchased_purges":2,"victory":false,"max_hp_per_floor":[70,70,70,70,70,70,70,70,70,70,70,70,70,70,70,70,88,88,88,93,93,93,93,93,93,93,93,93,93,93,93,93,93,93,93,93,93,93,93,93,93,93,93,93,93,93,93,93,93,93],"card_choices":[{"not_picked":["Underhanded Strike","Deadly Poison"],"picked":"Dagger Throw","floor":0.0},{"not_picked":["Quick Slash","Dagger Throw"],"picked":"Backflip","floor":1.0},{"not_picked":["Slice","Distraction"],"picked":"Outmaneuver","floor":3.0},{"not_picked":["Sucker Punch","Blade Dance"],"picked":"Caltrops","floor":4.0},{"not_picked":["Flechettes","Infinite Blades"],"picked":"A Thousand Cuts","floor":7.0},{"not_picked":["Dagger Throw","Quick Slash","Dodge and Roll"],"picked":"SKIP","floor":8.0},{"not_picked":["Glass Knife","Bane"],"picked":"Expertise","floor":10.0},{"not_picked":["Deadly Poison","Flying Knee"],"picked":"PiercingWail","floor":11.0},{"not_picked":["Dagger Throw","Deadly Poison"],"picked":"Expertise","floor":12.0},{"not_picked":["Sucker Punch","Corpse Explosion"],"picked":"PiercingWail","floor":14.0},{"not_picked":["Doppelganger","Storm of Steel"],"picked":"After Image","floor":16.0},{"not_picked":["Eviscerate","Prepared"],"picked":"Terror+1","floor":18.0},{"not_picked":["Blade Dance+1","Quick Slash"],"picked":"Backflip","floor":22.0},{"not_picked":["Accuracy","Underhanded Strike+1"],"picked":"Cloak And Dagger","floor":24.0},{"not_picked":["Deadly Poison","Prepared"],"picked":"Sucker Punch","floor":31.0},{"not_picked":["Backstab+1","Cloak And Dagger"],"picked":"Corpse Explosion","floor":32.0},{"not_picked":["Wraith Form v2","Corpse Explosion"],"picked":"Adrenaline","floor":33.0},{"not_picked":["Dodge and Roll+1","Sucker Punch"],"picked":"Quick Slash+1","floor":35.0},{"not_picked":["Deadly Poison","Deflect","Dagger Throw+1"],"picked":"SKIP","floor":37.0},{"not_picked":["Tactician","Eviscerate+1"],"picked":"Doppelganger","floor":41.0},{"not_picked":["Calculated Gamble+1","Prepared"],"picked":"Backflip+1","floor":44.0},{"not_picked":["Dodge and Roll","Deflect"],"picked":"Riddle With Holes","floor":45.0},{"not_picked":["Bane+1","Poisoned Stab"],"picked":"Backflip+1","floor":46.0},{"not_picked":["Acrobatics","Deflect+1","Outmaneuver"],"picked":"SKIP","floor":48.0}],"player_experience":65267,"relics_obtained":[{"floor":7.0,"key":"Dream Catcher"},{"floor":9.0,"key":"Darkstone Periapt"},{"floor":10.0,"key":"Girya"},{"floor":17.0,"key":"Blood Vial"},{"floor":17.0,"key":"Letter Opener"},{"floor":17.0,"key":"Shovel"},{"floor":26.0,"key":"Regal Pillow"},{"floor":30.0,"key":"Red Mask"},{"floor":41.0,"key":"Pen Nib"},{"floor":43.0,"key":"Gremlin Horn"},{"floor":45.0,"key":"Bird Faced Urn"}],"event_choices":[{"damage_healed":0.0,"max_hp_gain":0.0,"max_hp_loss":0.0,"gold_gain":0.0,"cards_transformed":["Strike_G"],"event_name":"Transmorgrifier","player_choice":"Transformed","floor":2.0,"gold_loss":0.0,"damage_taken":0.0,"cards_obtained":["Flechettes"]},{"damage_healed":0.0,"max_hp_gain":0.0,"max_hp_loss":0.0,"gold_gain":75.0,"event_name":"FaceTrader","player_choice":"Touch","floor":13.0,"gold_loss":0.0,"damage_taken":7.0},{"damage_healed":0.0,"max_hp_gain":0.0,"max_hp_loss":0.0,"gold_gain":0.0,"event_name":"Vampires","player_choice":"Became a vampire (Vial)","floor":19.0,"relics_lost":["Blood Vial"],"gold_loss":0.0,"damage_taken":0.0,"cards_obtained":["Bite","Bite","Bite","Bite","Bite"]},{"damage_healed":0.0,"max_hp_gain":5.0,"max_hp_loss":0.0,"gold_gain":0.0,"event_name":"Forgotten Altar","player_choice":"Shed Blood","floor":20.0,"gold_loss":0.0,"damage_taken":22.0},{"damage_healed":0.0,"max_hp_gain":0.0,"max_hp_loss":0.0,"gold_gain":0.0,"event_name":"N\u0027loth","player_choice":"Traded Relic","floor":21.0,"relics_lost":["Darkstone Periapt"],"gold_loss":0.0,"damage_taken":0.0,"relics_obtained":["Nloth\u0027s Gift"]},{"damage_healed":0.0,"max_hp_gain":0.0,"max_hp_loss":0.0,"gold_gain":0.0,"event_name":"The Mausoleum","player_choice":"Opened","floor":28.0,"gold_loss":0.0,"damage_taken":0.0,"relics_obtained":["Potion Belt"]},{"damage_healed":0.0,"max_hp_gain":0.0,"max_hp_loss":0.0,"gold_gain":0.0,"event_name":"Masked Bandits","player_choice":"Fought Bandits","floor":30.0,"gold_loss":0.0,"damage_taken":0.0},{"cards_removed":["Defend_G"],"damage_healed":0.0,"max_hp_gain":0.0,"max_hp_loss":0.0,"gold_gain":0.0,"event_name":"Falling","player_choice":"Removed Skill","floor":39.0,"gold_loss":0.0,"damage_taken":0.0},{"damage_healed":0.0,"max_hp_gain":0.0,"max_hp_loss":0.0,"gold_gain":0.0,"event_name":"MindBloom","player_choice":"Fight","floor":45.0,"gold_loss":0.0,"damage_taken":0.0}],"is_beta":true,"boss_relics":[{"not_picked":["Snecko Eye","Lizard Tail"],"picked":"Calling Bell"},{"not_picked":["WristBlade","Busted Crown"],"picked":"HoveringKite"}],"items_purged_floors":[36,38],"is_endless":false,"potions_floor_spawned":[8,10,11,12,14,16,22,24,33,41,45,48],"killed_by":"Awakened One","ascension_level":4}