{"gold_per_floor":[365,382,396,22,40,40,74,74,124,158,178,240,260,290,290,387,387,404,329,329,329,343,374,374,401,401,401,419,130,130,156,156,260,260,275,291,291,291,339,339,351,351,405,436,89,124,74,90,90,90,90,90,40,75,75],"floor_reached":56,"playtime":3112,"items_purged":["Strike_R","Strike_R","Strike_R","Strike_R"],"score":2030,"play_id":"eaddece3-2ec8-4d75-84f0-579e8aaf0f30","local_time":"20190625204820","is_ascension_mode":true,"campfire_choices":[{"data":"Apotheosis","floor":6,"key":"SMITH"},{"floor":8,"key":"REST"},{"data":"Searing Blow","floor":15,"key":"SMITH"},{"data":"Searing Blow+2","floor":24,"key":"SMITH"},{"data":"Bludgeon","floor":27,"key":"SMITH"},{"data":"Searing Blow+3","floor":32,"key":"SMITH"},{"data":"Searing Blow+4","floor":40,"key":"SMITH"},{"data":"Searing Blow+5","floor":42,"key":"SMITH"},{"floor":49,"key":"RECALL"},{"data":"Searing Blow+6","floor":52,"key":"SMITH"}],"neow_cost":"PERCENT_DAMAGE","seed_source_timestamp":520765271233918,"circlet_count":0,"master_deck":["AscendersBane","Defend_R","Defend_R","Defend_R","Defend_R","Bash","Pommel Strike+1","Bludgeon+1","Headbutt","Apotheosis+1","Shrug It Off","Ghostly Armor","Battle Trance+1","Searing Blow+8","Shockwave+1","Power Through+1","Disarm+1","Iron Wave","Impervious+1","Necronomicurse","True Grit+1","Armaments+1","Demon Form","Armaments+1"],"relics":["Burning Blood","PreservedInsect","Toxic Egg 2","Pen Nib","Lantern","Tiny Chest","Odd Mushroom","Snecko Eye","Necronomicon","Potion Belt","Smiling Mask","Lee\u0027s Waffle","Gambling Chip","Omamori","Busted Crown","Ice Cream","Bronze Scales","Meat on the Bone","Bottled Flame","Ancient Tea Set","Whetstone"],"potions_floor_usage":[11,33,33,33,33,33,33,44,55],"damage_taken":[{"damage":1,"enemies":"Cultist","floor":1,"turns":3},{"damage":2,"enemies":"2 Louse","floor":2,"turns":3},{"damage":0,"enemies":"Small Slimes","floor":3,"turns":4},{"damage":13,"enemies":"Blue Slaver","floor":5,"turns":3},{"damage":16,"enemies":"Gremlin Nob","floor":7,"turns":3},{"damage":10,"enemies":"3 Sentries","floor":10,"turns":6},{"damage":0,"enemies":"Looter","floor":11,"turns":2},{"damage":0,"enemies":"Lagavulin","floor":12,"turns":3},{"damage":1,"enemies":"3 Louse","floor":13,"turns":3},{"damage":20,"enemies":"The Mushroom Lair","floor":14,"turns":5},{"damage":44,"enemies":"The Guardian","floor":16,"turns":8},{"damage":16,"enemies":"Spheric Guardian","floor":18,"turns":4},{"damage":1,"enemies":"Shell Parasite","floor":22,"turns":3},{"damage":2,"enemies":"Book of Stabbing","floor":23,"turns":3},{"damage":0,"enemies":"Gremlin Leader","floor":25,"turns":3},{"damage":0,"enemies":"Snecko","floor":28,"turns":2},{"damage":0,"enemies":"Book of Stabbing","floor":31,"turns":1},{"damage":60,"enemies":"Collector","floor":33,"turns":7},{"damage":0,"enemies":"3 Darklings","floor":35,"turns":4},{"damage":0,"enemies":"3 Shapes","floor":36,"turns":5},{"damage":2,"enemies":"2 Orb Walkers","floor":39,"turns":4},{"damage":0,"enemies":"Writhing Mass","floor":41,"turns":2},{"damage":1,"enemies":"Reptomancer","floor":44,"turns":3},{"damage":0,"enemies":"Giant Head","floor":46,"turns":4},{"damage":0,"enemies":"Sphere and 2 Shapes","floor":48,"turns":5},{"damage":32,"enemies":"Awakened One","floor":50,"turns":7},{"damage":13,"enemies":"Shield and Spear","floor":54,"turns":3},{"damage":30,"enemies":"The Heart","floor":55,"turns":4}],"seed_played":"-8963392091218457952","potions_obtained":[{"floor":2,"key":"Fruit Juice"},{"floor":10,"key":"EntropicBrew"},{"floor":11,"key":"Regen Potion"},{"floor":25,"key":"BloodPotion"},{"floor":28,"key":"Dexterity Potion"},{"floor":36,"key":"SpeedPotion"},{"floor":39,"key":"Fire Potion"}],"is_trial":false,"path_per_floor":["M","M","M","$","M","R","E","R","T","E","M","E","M","?","R","B",null,"M","?","?","?","M","E","R","E","T","R","M","$","?","E","R","B",null,"M","M","?","?","?","R","M","R","T","E","$","E","$","M","R","B",null,"R","$","E","B",null],"character_chosen":"IRONCLAD","items_purchased":["PreservedInsect","Apotheosis","Shrug It Off","PowerPotion","Lee\u0027s Waffle","Energy Potion","Bottled Flame"],"campfire_rested":1,"item_purchase_floors":[4,4,4,29,29,45,45],"current_hp_per_floor":[56,60,66,66,59,59,49,73,73,69,80,85,85,71,71,33,72,62,62,46,46,51,55,55,61,61,61,67,92,92,92,92,43,80,86,92,87,87,87,87,87,87,87,87,87,87,87,87,87,61,81,81,81,74,50],"gold":75,"neow_bonus":"TWO_FIFTY_GOLD","is_prod":false,"is_daily":false,"chose_seed":false,"campfire_upgraded":8,"win_rate":0,"timestamp":1561513700,"path_taken":["M","M","M","$","M","R","E","R","T","E","M","E","?","?","R","BOSS","M","?","?","?","M","E","R","E","T","R","?","$","?","E","R","BOSS","M","M","?","?","?","R","?","R","T","E","$","E","?","M","R","BOSS","R","$","E","BOSS"],"build_version":"2019-01-23","purchased_purges":4,"victory":true,"max_hp_per_floor":[80,80,80,80,80,80,80,80,80,80,85,85,85,85,85,85,85,85,85,85,85,85,85,85,85,85,85,85,92,92,92,92,92,92,92,92,87,87,87,87,87,87,87,87,87,87,87,87,87,87,87,87,87,87,87],"card_choices":[{"not_picked":["Flex","Sever Soul"],"picked":"Pommel Strike","floor":1},{"not_picked":["Havoc","Thunderclap"],"picked":"Bludgeon","floor":2},{"not_picked":["Havoc","Pommel Strike"],"picked":"Headbutt","floor":3},{"not_picked":["Wild Strike","Hemokinesis"],"picked":"Ghostly Armor","floor":5},{"not_picked":["Clash","Inflame"],"picked":"Battle Trance","floor":7},{"not_picked":["Disarm+1","Shrug It Off+1"],"picked":"Searing Blow","floor":10},{"not_picked":["Armaments+1","True Grit+1"],"picked":"Shockwave+1","floor":11},{"not_picked":["Thunderclap","Reckless Charge"],"picked":"Power Through+1","floor":12},{"not_picked":["Flex+1","Intimidate+1"],"picked":"Disarm+1","floor":13},{"not_picked":["Hemokinesis","Pommel Strike"],"picked":"Iron Wave","floor":14},{"not_picked":["Limit Break+1","Reaper"],"picked":"Impervious+1","floor":16},{"not_picked":["Wild Strike+1","Clothesline","Iron Wave+1"],"picked":"SKIP","floor":18},{"not_picked":["Warcry+1","Infernal Blade+1","Flex+1"],"picked":"SKIP","floor":22},{"not_picked":["Clothesline","Heavy Blade"],"picked":"True Grit+1","floor":23},{"not_picked":["Clothesline","Twin Strike"],"picked":"Armaments+1","floor":25},{"not_picked":["Headbutt+1","Clash","Metallicize"],"picked":"SKIP","floor":28},{"not_picked":["Blood for Blood","Burning Pact+1","Iron Wave"],"picked":"SKIP","floor":31},{"not_picked":["Feed","Berserk"],"picked":"Demon Form","floor":33},{"not_picked":["Headbutt"],"picked":"SKIP","floor":35},{"not_picked":["Dual Wield+1"],"picked":"SKIP","floor":36},{"not_picked":[],"picked":"Armaments+1","floor":39},{"not_picked":["Pommel Strike"],"picked":"SKIP","floor":41},{"not_picked":["Flex+1"],"picked":"SKIP","floor":44},{"not_picked":["Carnage"],"picked":"SKIP","floor":46},{"not_picked":["Iron Wave"],"picked":"SKIP","floor":48},{"not_picked":["Rage+1"],"picked":"SKIP","floor":54}],"player_experience":403352,"relics_obtained":[{"floor":7,"key":"Toxic Egg 2"},{"floor":9,"key":"Pen Nib"},{"floor":10,"key":"Lantern"},{"floor":12,"key":"Tiny Chest"},{"floor":14,"key":"Odd Mushroom"},{"floor":20,"key":"Necronomicon"},{"floor":23,"key":"Potion Belt"},{"floor":25,"key":"Smiling Mask"},{"floor":31,"key":"Omamori"},{"floor":39,"key":"Ice Cream"},{"floor":43,"key":"Bronze Scales"},{"floor":44,"key":"Meat on the Bone"},{"floor":46,"key":"Ancient Tea Set"},{"floor":54,"key":"Whetstone"}],"event_choices":[{"damage_healed":0,"gold_gain":0,"player_choice":"Fought Mushrooms","damage_taken":0,"max_hp_gain":0,"max_hp_loss":0,"event_name":"Mushrooms","floor":14,"gold_loss":0},{"cards_removed":["Strike_R"],"damage_healed":0,"gold_gain":0,"player_choice":"Gave Gold","damage_taken":0,"max_hp_gain":0,"max_hp_loss":0,"event_name":"Beggar","floor":19,"gold_loss":75},{"damage_healed":0,"gold_gain":0,"player_choice":"Obtained Book","damage_taken":16,"max_hp_gain":0,"max_hp_loss":0,"event_name":"Cursed Tome","floor":20,"gold_loss":0},{"damage_healed":0,"gold_gain":0,"player_choice":"Forge","damage_taken":0,"max_hp_gain":0,"max_hp_loss":0,"event_name":"Accursed Blacksmith","floor":21,"gold_loss":0,"cards_upgraded":["Searing Blow"]},{"damage_healed":0,"gold_gain":0,"player_choice":"Opened","damage_taken":0,"relics_obtained":["Gambling Chip"],"max_hp_gain":0,"max_hp_loss":0,"event_name":"The Mausoleum","floor":30,"gold_loss":0},{"damage_healed":0,"gold_gain":0,"player_choice":"Max HP","damage_taken":0,"max_hp_gain":0,"max_hp_loss":5,"event_name":"Winding Halls","floor":37,"gold_loss":0},{"damage_healed":0,"gold_gain":0,"player_choice":"Ignored","damage_taken":0,"max_hp_gain":0,"max_hp_loss":0,"event_name":"Tomb of Lord Red Mask","floor":38,"gold_loss":0},{"damage_healed":0,"gold_gain":0,"player_choice":"Fight","damage_taken":0,"max_hp_gain":0,"max_hp_loss":0,"event_name":"Mysterious Sphere","floor":39,"gold_loss":0}],"is_beta":false,"boss_relics":[{"not_picked":["Velvet Choker","Philosopher\u0027s Stone"],"picked":"Snecko Eye"},{"not_picked":["Black Blood","Astrolabe"],"picked":"Busted Crown"}],"items_purged_floors":[29,45,47,53],"is_endless":false,"potions_floor_spawned":[2,10,11,16,25,28,36,39,48,54],"ascension_level":12}