{"gold_per_floor":[367,380,4,4,79,79,110,110,110,120,132,149,9,19,19,96,96,115,126,145,162,179,179,198,49,49,49],"floor_reached":27,"playtime":1679,"items_purged":["Strike_R"],"score":405,"play_id":"5bcefdaa-040e-4212-8544-af5c73919776","local_time":"20190704142405","is_ascension_mode":true,"campfire_choices":[{"data":"Bash","floor":6,"key":"SMITH"},{"floor":15,"key":"REST"},{"data":"Searing Blow","floor":23,"key":"SMITH"}],"neow_cost":"TEN_PERCENT_HP_LOSS","seed_source_timestamp":519504532269943,"circlet_count":0,"master_deck":["AscendersBane","Strike_R","Strike_R","Strike_R","Strike_R","Defend_R","Defend_R","Defend_R","Defend_R","Bash+1","Shrug It Off","True Grit","Corruption","Searing Blow+1","Heavy Blade","Sword Boomerang","Shrug It Off","Shockwave","Intimidate","Reaper","Doubt","Doubt","Parasite","Whirlwind","Feel No Pain","Impervious"],"relics":["Burning Blood","Vajra","Oddly Smooth Stone","Du-Vu Doll","Calling Bell","Happy Flower","Meat on the Bone","Turnip","Incense Burner"],"potions_floor_usage":[7,7,14,14,16,22,27],"damage_taken":[{"damage":7,"enemies":"Small Slimes","floor":1,"turns":3},{"damage":16,"enemies":"Jaw Worm","floor":2,"turns":5},{"damage":41,"enemies":"3 Sentries","floor":7,"turns":10},{"damage":0,"enemies":"Cultist","floor":10,"turns":4},{"damage":19,"enemies":"Exordium Thugs","floor":11,"turns":6},{"damage":0,"enemies":"Red Slaver","floor":12,"turns":3},{"damage":11,"enemies":"Gremlin Gang","floor":14,"turns":4},{"damage":16,"enemies":"Slime Boss","floor":16,"turns":10},{"damage":37,"enemies":"Spheric Guardian","floor":18,"turns":6},{"damage":0,"enemies":"Chosen","floor":19,"turns":4},{"damage":35,"enemies":"Sentry and Sphere","floor":20,"turns":6},{"damage":16,"enemies":"Centurion and Healer","floor":21,"turns":7},{"damage":22,"enemies":"3 Cultists","floor":22,"turns":6},{"damage":60,"enemies":"Chosen and Byrds","floor":24,"turns":9},{"damage":22,"enemies":"Book of Stabbing","floor":27,"turns":4}],"seed_played":"8752659381012825663","potions_obtained":[{"floor":2,"key":"LiquidBronze"},{"floor":10,"key":"Poison Potion"},{"floor":12,"key":"Fire Potion"},{"floor":14,"key":"SkillPotion"},{"floor":18,"key":"LiquidBronze"},{"floor":19,"key":"Swift Potion"}],"is_trial":false,"path_per_floor":["M","M","$","?","?","R","E","?","T","M","M","M","$","M","R","B",null,"M","M","M","M","M","R","M","$","T","E"],"character_chosen":"IRONCLAD","items_purchased":["Corruption","Vajra","AttackPotion","Shockwave","Explosive Potion","Impervious"],"campfire_rested":1,"item_purchase_floors":[3,3,3,13,13,25],"current_hp_per_floor":[67,57,57,62,51,51,16,16,16,22,9,15,15,10,31,21,60,46,52,35,43,49,49,22,22,22,0],"gold":49,"neow_bonus":"TWO_FIFTY_GOLD","is_prod":false,"is_daily":false,"chose_seed":false,"campfire_upgraded":2,"win_rate":0,"timestamp":1562268245,"path_taken":["M","M","$","?","?","R","E","?","T","M","M","?","?","M","R","BOSS","M","M","M","M","M","R","M","$","T","E"],"build_version":"2019-07-01","purchased_purges":1,"victory":false,"max_hp_per_floor":[68,68,68,73,73,73,73,73,73,73,73,73,73,73,73,73,73,73,73,73,73,73,73,73,73,73,73],"card_choices":[{"not_picked":["Headbutt","Havoc"],"picked":"Shrug It Off","floor":1},{"not_picked":["Rupture","Intimidate"],"picked":"True Grit","floor":2},{"not_picked":["Rupture","Seeing Red"],"picked":"Searing Blow","floor":7},{"not_picked":["Clash","Pummel"],"picked":"Heavy Blade","floor":10},{"not_picked":["Headbutt","Body Slam"],"picked":"Sword Boomerang","floor":11},{"not_picked":["Pommel Strike","Sword Boomerang"],"picked":"Shrug It Off","floor":12},{"not_picked":["Heavy Blade","Metallicize"],"picked":"Intimidate","floor":14},{"not_picked":["Bludgeon","Juggernaut"],"picked":"Reaper","floor":16},{"not_picked":["Havoc","Second Wind"],"picked":"Whirlwind","floor":18},{"not_picked":["Twin Strike","Rampage"],"picked":"Feel No Pain","floor":19},{"not_picked":["Flex+1","Intimidate+1","Rage"],"picked":"SKIP","floor":20},{"not_picked":["Flex","Clothesline","Entrench"],"picked":"SKIP","floor":21},{"not_picked":["Heavy Blade","Reckless Charge","Warcry+1"],"picked":"SKIP","floor":22},{"not_picked":["Perfected Strike","Twin Strike+1","Intimidate"],"picked":"SKIP","floor":24}],"player_experience":444795,"relics_obtained":[{"floor":7,"key":"Oddly Smooth Stone"},{"floor":9,"key":"Du-Vu Doll"},{"floor":17,"key":"Happy Flower"},{"floor":17,"key":"Meat on the Bone"},{"floor":17,"key":"Turnip"},{"floor":26,"key":"Incense Burner"}],"event_choices":[{"damage_healed":0,"gold_gain":0,"player_choice":"Donut","damage_taken":0,"max_hp_gain":5,"max_hp_loss":0,"event_name":"Big Fish","floor":4,"gold_loss":0},{"damage_healed":0,"gold_gain":75,"player_choice":"Gather Gold","damage_taken":11,"max_hp_gain":0,"max_hp_loss":0,"event_name":"World of Goop","floor":5,"gold_loss":0},{"damage_healed":0,"gold_gain":0,"player_choice":"Ignored","damage_taken":0,"max_hp_gain":0,"max_hp_loss":0,"event_name":"Shining Light","floor":8,"gold_loss":0}],"is_beta":false,"boss_relics":[{"not_picked":["Cursed Key","Runic Dome"],"picked":"Calling Bell"}],"items_purged_floors":[3],"is_endless":false,"potions_floor_spawned":[2,10,12,14,18,19],"killed_by":"Book of Stabbing","ascension_level":17}