{"gold_per_floor":[109,1,1,20,39,39,58,84,111,111,146,146,160,189,189,286,286,302,318,333,120,133,133,167,35,114,145,178,198,198,208,208,305,305,305],"floor_reached":35,"playtime":3247,"items_purged":["Stack"],"score":724,"play_id":"2ef33db8-fdd5-4099-8dd4-7c062425c24c","local_time":"20190728051803","is_ascension_mode":true,"campfire_choices":[{"data":"Defragment","floor":6,"key":"SMITH"},{"data":"Capacitor","floor":10,"key":"SMITH"},{"data":"Amplify","floor":12,"key":"SMITH"},{"data":"Loop","floor":15,"key":"SMITH"},{"data":"Seek","floor":23,"key":"SMITH"},{"data":"Zap","floor":30,"key":"SMITH"},{"data":"Blizzard","floor":32,"key":"SMITH"}],"neow_cost":"TEN_PERCENT_HP_LOSS","seed_source_timestamp":1495820479296100,"circlet_count":0,"master_deck":["AscendersBane","Zap+1","Dualcast","Self Repair","Defragment+1","Genetic Algorithm","Capacitor+1","Cold Snap","Conserve Battery","Amplify+1","Loop+1","Melter","Seek+1","Blizzard+1","Lockon","Rip and Tear","Steam Power","Turbo","Redo","White Noise","Chill","Force Field","Echo Form","Chill","Cold Snap"],"relics":["Cracked Core","DataDisk","Oddly Smooth Stone","Centennial Puzzle","Nunchaku","Pandora\u0027s Box","Gambling Chip","The Courier","Red Mask","Regal Pillow","Nuclear Battery"],"potions_floor_usage":[20,22,24,28],"damage_taken":[{"damage":0,"enemies":"Cultist","floor":1,"turns":3},{"damage":7,"enemies":"Jaw Worm","floor":4,"turns":5},{"damage":4,"enemies":"Small Slimes","floor":5,"turns":4},{"damage":2,"enemies":"Looter","floor":7,"turns":4},{"damage":5,"enemies":"Lagavulin","floor":8,"turns":8},{"damage":10,"enemies":"3 Sentries","floor":11,"turns":12},{"damage":2,"enemies":"3 Louse","floor":13,"turns":4},{"damage":42,"enemies":"Gremlin Nob","floor":14,"turns":5},{"damage":0,"enemies":"The Guardian","floor":16,"turns":9},{"damage":0,"enemies":"Spheric Guardian","floor":18,"turns":2},{"damage":6,"enemies":"3 Byrds","floor":19,"turns":7},{"damage":14,"enemies":"Centurion and Healer","floor":20,"turns":9},{"damage":0,"enemies":"3 Cultists","floor":22,"turns":4},{"damage":14,"enemies":"Book of Stabbing","floor":24,"turns":5},{"damage":18,"enemies":"Masked Bandits","floor":27,"turns":7},{"damage":6,"enemies":"Slavers","floor":28,"turns":7},{"damage":19,"enemies":"Snake Plant","floor":29,"turns":4},{"damage":10,"enemies":"Cultist and Chosen","floor":31,"turns":8},{"damage":5,"enemies":"Automaton","floor":33,"turns":10},{"damage":64,"enemies":"3 Darklings","floor":35,"turns":4}],"seed_played":"5557353799004947812","potions_obtained":[{"floor":3,"key":"Swift Potion"},{"floor":3,"key":"FearPotion"},{"floor":4,"key":"Ancient Potion"},{"floor":20,"key":"SkillPotion"},{"floor":22,"key":"Block Potion"},{"floor":24,"key":"SkillPotion"}],"is_trial":false,"path_per_floor":["M","$","?","M","M","R","M","E","T","R","E","R","M","E","R","B",null,"M","M","M","$","M","R","E","$","T","?","E","M","R","M","R","B",null,"M"],"character_chosen":"DEFECT","items_purchased":["Defragment","Genetic Algorithm","Echo Form","Chill","Cold Snap"],"campfire_rested":0,"item_purchase_floors":[2,2,21,25,25],"current_hp_per_floor":[68,68,68,68,68,68,68,68,68,68,65,65,68,33,33,40,61,61,62,62,62,62,62,55,55,55,44,52,47,47,51,51,53,64,0],"gold":305,"neow_bonus":"REMOVE_TWO","is_prod":false,"is_daily":false,"chose_seed":false,"campfire_upgraded":7,"win_rate":0,"timestamp":1564312683,"path_taken":["M","$","?","M","M","R","?","E","T","R","E","R","M","E","R","BOSS","M","M","M","$","?","R","E","$","T","?","E","M","R","M","R","BOSS","M"],"build_version":"2019-07-18","purchased_purges":1,"victory":false,"max_hp_per_floor":[68,68,68,68,68,68,68,68,68,68,68,68,68,68,68,68,68,68,68,68,68,68,68,68,68,68,68,68,68,68,68,68,68,68,68],"card_choices":[{"not_picked":["Rebound","Coolheaded"],"picked":"Self Repair","floor":1},{"not_picked":["Ball Lightning","Coolheaded"],"picked":"Capacitor","floor":4},{"not_picked":["Beam Cell","Gash"],"picked":"Stack","floor":5},{"not_picked":["Static Discharge","Leap"],"picked":"Cold Snap","floor":7},{"not_picked":["Reinforced Body","Steam"],"picked":"Conserve Battery","floor":8},{"not_picked":["Go for the Eyes","Fusion"],"picked":"Amplify","floor":11},{"not_picked":["Coolheaded","Redo"],"picked":"Loop","floor":13},{"not_picked":["Compile Driver","Streamline"],"picked":"Melter","floor":14},{"not_picked":["Reboot","Amplify"],"picked":"Seek","floor":16},{"not_picked":["Auto Shields","Melter"],"picked":"White Noise","floor":18},{"not_picked":["Ball Lightning","Redo"],"picked":"Chill","floor":19},{"not_picked":["Steam+1","Self Repair"],"picked":"Force Field","floor":20},{"not_picked":["Rip and Tear","Conserve Battery","Hologram"],"picked":"SKIP","floor":22},{"not_picked":["Redo","Beam Cell","Steam"],"picked":"SKIP","floor":24},{"not_picked":["Scrape","Cold Snap+1","Echo Form"],"picked":"SKIP","floor":28},{"not_picked":["Ball Lightning","Barrage","Compile Driver"],"picked":"SKIP","floor":29},{"not_picked":["Genetic Algorithm","Tempest","Steam"],"picked":"SKIP","floor":31}],"player_experience":411846,"relics_obtained":[{"floor":8,"key":"DataDisk"},{"floor":9,"key":"Oddly Smooth Stone"},{"floor":11,"key":"Centennial Puzzle"},{"floor":14,"key":"Nunchaku"},{"floor":24,"key":"Gambling Chip"},{"floor":26,"key":"The Courier"},{"floor":27,"key":"Red Mask"},{"floor":28,"key":"Regal Pillow"}],"event_choices":[{"damage_healed":0,"gold_gain":0,"player_choice":"Got Potions","damage_taken":0,"max_hp_gain":0,"max_hp_loss":0,"event_name":"Lab","floor":3,"gold_loss":0},{"damage_healed":0,"gold_gain":0,"player_choice":"Fought Bandits","damage_taken":0,"max_hp_gain":0,"max_hp_loss":0,"event_name":"Masked Bandits","floor":27,"gold_loss":0}],"is_beta":true,"boss_relics":[{"not_picked":["Coffee Dripper","Ectoplasm"],"picked":"Pandora\u0027s Box"},{"not_picked":["Eternal Feather","Astrolabe"],"picked":"Nuclear Battery"}],"items_purged_floors":[21],"is_endless":false,"potions_floor_spawned":[4,7,8,16,20,22,24,27],"killed_by":"3 Darklings","ascension_level":11}