{"gold_per_floor":[118,118,138,191,191,191,215,255,281,281,281,317,317,335,335,456,456,477,116,116,5,130,130,164,176,264,315,327,373,410,441,453,465],"floor_reached":33,"playtime":1820,"items_purged":["Bash+1"],"score":396,"play_id":"3024d958-ee07-48d6-a235-1d2db0744c07","local_time":"20190526012729","is_ascension_mode":true,"campfire_choices":[{"data":"Heavy Blade","floor":6,"key":"SMITH"},{"data":"Uppercut","floor":10,"key":"SMITH"},{"data":"Pommel Strike","floor":13,"key":"SMITH"},{"data":"Anger","floor":15,"key":"SMITH"},{"data":"Demon Form","floor":23,"key":"SMITH"},{"data":"Shrug It Off","floor":25,"key":"SMITH"},{"data":"Inflame","floor":28,"key":"SMITH"},{"data":"Power Through","floor":32,"key":"SMITH"}],"neow_cost":"NONE","seed_source_timestamp":114738668896732,"circlet_count":0,"master_deck":["Strike_R+1","Defend_R+1","Defend_R+1","Defend_R+1","Defend_R+1","Uppercut+1","Heavy Blade+1","Injury","Cleave","Pommel Strike+1","Anger+1","Reaper","Headbutt","Demon Form+1","Spot Weakness","Inflame","True Grit","Inflame+1","Shrug It Off+1","Power Through+1","True Grit","Feel No Pain"],"relics":["Burning Blood","Whetstone","Golden Idol","Anchor","Potion Belt","Bag of Preparation","Empty Cage","Membership Card","Bottled Lightning","Dead Branch","Meat on the Bone","MawBank","Pear","Bronze Scales","Ornamental Fan"],"potions_floor_usage":[8,16,16,22,22,24,24,24,27,29,29,31],"damage_taken":[{"damage":12,"enemies":"Jaw Worm","floor":1,"turns":3},{"damage":0,"enemies":"Small Slimes","floor":3,"turns":3},{"damage":6,"enemies":"2 Louse","floor":7,"turns":2},{"damage":37,"enemies":"3 Sentries","floor":8,"turns":6},{"damage":10,"enemies":"Gremlin Nob","floor":12,"turns":3},{"damage":13,"enemies":"Exordium Wildlife","floor":14,"turns":4},{"damage":33,"enemies":"Slime Boss","floor":16,"turns":5},{"damage":32,"enemies":"Chosen","floor":18,"turns":5},{"damage":39,"enemies":"Colosseum Slavers","floor":22,"turns":5},{"damage":30,"enemies":"Colosseum Nobs","floor":22,"turns":5},{"damage":27,"enemies":"Book of Stabbing","floor":24,"turns":5},{"damage":37,"enemies":"Slavers","floor":27,"turns":9},{"damage":24,"enemies":"Book of Stabbing","floor":29,"turns":5},{"damage":11,"enemies":"Spheric Guardian","floor":30,"turns":4},{"damage":30,"enemies":"Shelled Parasite and Fungi","floor":31,"turns":4},{"damage":104,"enemies":"Collector","floor":33,"turns":7}],"seed_played":"7508708040793176499","potions_obtained":[{"floor":1,"key":"SteroidPotion"},{"floor":3,"key":"EntropicBrew"},{"floor":7,"key":"SkillPotion"},{"floor":14,"key":"SpeedPotion"},{"floor":22,"key":"EssenceOfSteel"},{"floor":24,"key":"Weak Potion"},{"floor":27,"key":"SkillPotion"},{"floor":30,"key":"Regen Potion"}],"is_trial":false,"path_per_floor":["M","?","M","T","?","R","M","E","T","R","?","E","R","M","R","B",null,"M","$","?","$","?","R","E","R","T","E","R","E","M","M","R","B"],"character_chosen":"IRONCLAD","items_purchased":["Membership Card","Bottled Lightning","Inflame","True Grit","Inflame","Regen Potion"],"campfire_rested":0,"item_purchase_floors":[19,19,19,19,21,21],"current_hp_per_floor":[74,79,85,85,85,85,85,54,54,54,54,50,50,46,46,19,85,61,61,61,61,39,39,43,43,53,48,48,49,56,58,58,0],"gold":465,"neow_bonus":"REMOVE_CARD","is_prod":false,"is_daily":false,"chose_seed":false,"campfire_upgraded":8,"win_rate":0,"timestamp":1558852049,"path_taken":["M","?","M","?","?","R","M","E","T","R","?","E","R","M","R","BOSS","M","$","?","$","?","R","E","R","T","E","R","E","M","M","R","BOSS"],"build_version":"2019-01-23","purchased_purges":1,"victory":false,"max_hp_per_floor":[80,85,85,85,85,85,85,85,85,85,85,85,85,85,85,85,85,85,85,85,85,85,85,85,85,95,95,95,95,95,95,95,95],"card_choices":[{"not_picked":["Thunderclap","Clothesline"],"picked":"Uppercut","floor":1},{"not_picked":["Anger","Thunderclap"],"picked":"Heavy Blade","floor":3},{"not_picked":["Dual Wield","Searing Blow"],"picked":"Cleave","floor":7},{"not_picked":["Headbutt","Pummel"],"picked":"Pommel Strike","floor":8},{"not_picked":["Heavy Blade","Sword Boomerang"],"picked":"Reaper","floor":12},{"not_picked":["True Grit","Anger"],"picked":"Headbutt","floor":14},{"not_picked":["Bludgeon","Exhume"],"picked":"Demon Form","floor":16},{"not_picked":["Clothesline","Perfected Strike"],"picked":"Spot Weakness","floor":18},{"not_picked":["Brutality","Headbutt+1"],"picked":"Shrug It Off","floor":24},{"not_picked":["Havoc","Body Slam","Warcry"],"picked":"SKIP","floor":27},{"not_picked":["Wild Strike","Clothesline"],"picked":"Power Through","floor":29},{"not_picked":["Warcry","Pommel Strike+1"],"picked":"True Grit","floor":30},{"not_picked":["Inflame+1","Dual Wield"],"picked":"Feel No Pain","floor":31}],"player_experience":202023,"relics_obtained":[{"floor":4,"key":"Whetstone"},{"floor":8,"key":"Anchor"},{"floor":9,"key":"Potion Belt"},{"floor":12,"key":"Bag of Preparation"},{"floor":22,"key":"Dead Branch"},{"floor":22,"key":"Meat on the Bone"},{"floor":24,"key":"MawBank"},{"floor":26,"key":"Pear"},{"floor":27,"key":"Bronze Scales"},{"floor":29,"key":"Ornamental Fan"}],"event_choices":[{"damage_healed":0,"gold_gain":0,"player_choice":"Donut","damage_taken":0,"max_hp_gain":5,"max_hp_loss":0,"event_name":"Big Fish","floor":2,"gold_loss":0},{"damage_healed":0,"gold_gain":0,"player_choice":"Take Wound","damage_taken":0,"relics_obtained":["Golden Idol"],"max_hp_gain":0,"max_hp_loss":0,"event_name":"Golden Idol","floor":5,"gold_loss":0,"cards_obtained":["Injury"]},{"damage_healed":0,"gold_gain":0,"cards_transformed":["Strike_R"],"player_choice":"Change","damage_taken":0,"max_hp_gain":0,"max_hp_loss":0,"event_name":"Living Wall","floor":11,"gold_loss":0,"cards_obtained":["Anger"]},{"damage_healed":0,"gold_gain":0,"player_choice":"Simplicity","damage_taken":0,"max_hp_gain":0,"max_hp_loss":0,"event_name":"Back to Basics","floor":20,"gold_loss":0,"cards_upgraded":["Defend_R","Defend_R","Defend_R","Defend_R"]},{"damage_healed":0,"gold_gain":0,"player_choice":"Fight","damage_taken":0,"max_hp_gain":0,"max_hp_loss":0,"event_name":"Colosseum","floor":22,"gold_loss":0},{"damage_healed":0,"gold_gain":0,"player_choice":"Fought Nobs","damage_taken":0,"max_hp_gain":0,"max_hp_loss":0,"event_name":"Colosseum","floor":22,"gold_loss":0}],"is_beta":false,"boss_relics":[{"not_picked":["Calling Bell","Runic Dome"],"picked":"Empty Cage"}],"items_purged_floors":[21],"is_endless":false,"potions_floor_spawned":[1,3,7,14,22,24,27,30],"killed_by":"Collector","ascension_level":4}