{"gold_per_floor":[212,227,227,32,43,43,76,76,76,111,126,144,162,192,192,269,269,279,279,279,279,24,24,24],"floor_reached":24,"playtime":1094,"items_purged":["Strike_R"],"score":407,"play_id":"d77b3053-e299-4e15-8adb-95a6a15c9a8b","local_time":"20190713212004","is_ascension_mode":true,"campfire_choices":[{"data":"Bloodletting","floor":6,"key":"SMITH"},{"data":"Iron Wave","floor":8,"key":"SMITH"},{"data":"Disarm","floor":15,"key":"SMITH"},{"data":"Demon Form","floor":23,"key":"SMITH"}],"neow_cost":"NONE","seed_source_timestamp":270335279725478,"circlet_count":0,"master_deck":["AscendersBane","Strike_R+1","Strike_R","Strike_R","Defend_R","Defend_R","Defend_R","Defend_R","Bash","Iron Wave+1","Heavy Blade+1","Bloodletting+1","Twin Strike","Disarm+1","Metallicize","Exhume","Shockwave","Clothesline","Rupture","Shrug It Off","Demon Form+1","Dual Wield","Sword Boomerang","Second Wind","Rage","Power Through","Battle Trance","Dark Shackles"],"relics":["Burning Blood","PreservedInsect","Meat on the Bone","Whetstone","Pear","Orrery","Incense Burner"],"potions_floor_usage":[10,24,24],"damage_taken":[{"damage":11,"enemies":"Jaw Worm","floor":1,"turns":4},{"damage":7,"enemies":"Small Slimes","floor":2,"turns":4},{"damage":0,"enemies":"2 Louse","floor":5,"turns":2},{"damage":27,"enemies":"Gremlin Nob","floor":7,"turns":4},{"damage":26,"enemies":"3 Sentries","floor":10,"turns":7},{"damage":11,"enemies":"Looter","floor":11,"turns":3},{"damage":9,"enemies":"2 Fungi Beasts","floor":12,"turns":4},{"damage":0,"enemies":"Exordium Wildlife","floor":13,"turns":3},{"damage":17,"enemies":"Lagavulin","floor":14,"turns":7},{"damage":19,"enemies":"The Guardian","floor":16,"turns":12},{"damage":33,"enemies":"Shell Parasite","floor":18,"turns":9},{"damage":51,"enemies":"Slavers","floor":24,"turns":4}],"seed_played":"2476743547645315654","potions_obtained":[{"floor":7,"key":"AttackPotion"},{"floor":10,"key":"Block Potion"},{"floor":12,"key":"Strength Potion"},{"floor":13,"key":"AttackPotion"},{"floor":14,"key":"BloodPotion"}],"is_trial":false,"path_per_floor":["M","M","?","$","M","R","E","R","T","E","M","M","M","E","R","B",null,"M","?","?","T","$","R","E"],"character_chosen":"IRONCLAD","items_purchased":["PreservedInsect","Twin Strike","Battle Trance","Dark Shackles"],"campfire_rested":0,"item_purchase_floors":[4,4,22,22],"current_hp_per_floor":[63,62,62,62,68,68,47,47,47,39,46,55,61,60,60,59,79,52,27,27,27,27,27,0],"gold":24,"neow_bonus":"HUNDRED_GOLD","is_prod":false,"is_daily":false,"chose_seed":false,"campfire_upgraded":4,"win_rate":0,"timestamp":1563070804,"path_taken":["M","M","?","$","M","R","E","R","T","E","M","M","M","E","R","BOSS","M","?","?","?","$","R","E"],"build_version":"2019-07-05","purchased_purges":1,"victory":false,"max_hp_per_floor":[75,75,75,75,75,75,75,75,75,75,75,75,75,85,85,85,85,85,90,90,90,90,90,90],"card_choices":[{"not_picked":["Armaments","Havoc"],"picked":"Iron Wave","floor":1},{"not_picked":["Body Slam","Reckless Charge"],"picked":"Heavy Blade","floor":2},{"not_picked":["True Grit","Wild Strike"],"picked":"Disarm","floor":5},{"not_picked":["Pummel","Uppercut"],"picked":"Metallicize","floor":7},{"not_picked":["Bloodletting","Anger"],"picked":"Exhume","floor":10},{"not_picked":["Bloodletting","Evolve"],"picked":"Shockwave","floor":11},{"not_picked":["Anger","Havoc"],"picked":"Clothesline","floor":12},{"not_picked":["Flex","Pommel Strike"],"picked":"Rupture","floor":13},{"not_picked":["Cleave","Pommel Strike"],"picked":"Shrug It Off","floor":14},{"not_picked":["Feed","Brutality"],"picked":"Demon Form","floor":16},{"not_picked":["Body Slam","Flex"],"picked":"Dual Wield","floor":17},{"not_picked":["Clash","Pommel Strike"],"picked":"Sword Boomerang","floor":17},{"not_picked":["Armaments","Havoc"],"picked":"Second Wind","floor":17},{"not_picked":["Warcry","Sentinel"],"picked":"Rage","floor":17},{"not_picked":["True Grit","Bloodletting"],"picked":"Power Through","floor":18}],"player_experience":484921,"relics_obtained":[{"floor":7,"key":"Meat on the Bone"},{"floor":10,"key":"Whetstone"},{"floor":14,"key":"Pear"},{"floor":21,"key":"Incense Burner"}],"event_choices":[{"damage_healed":0,"gold_gain":0,"cards_transformed":["Strike_R"],"player_choice":"Change","damage_taken":0,"max_hp_gain":0,"max_hp_loss":0,"event_name":"Living Wall","floor":3,"gold_loss":0,"cards_obtained":["Bloodletting"]},{"damage_healed":0,"gold_gain":0,"player_choice":"Shed Blood","damage_taken":30,"max_hp_gain":5,"max_hp_loss":0,"event_name":"Forgotten Altar","floor":19,"gold_loss":0},{"damage_healed":0,"gold_gain":0,"player_choice":"Ignored","damage_taken":0,"max_hp_gain":0,"max_hp_loss":0,"event_name":"Ghosts","floor":20,"gold_loss":0}],"is_beta":false,"boss_relics":[{"not_picked":["White Beast Statue","Astrolabe"],"picked":"Orrery"}],"items_purged_floors":[22],"is_endless":false,"potions_floor_spawned":[7,10,12,13,14,18],"killed_by":"Slavers","ascension_level":18}