{"gold_per_floor":[109,121,121,396,416,451,451,477,501,501,144,158,183,194,194,194],"floor_reached":16,"playtime":772,"items_purged":["Shame"],"score":228,"play_id":"1e9b5b48-e979-4b06-9a89-e278c3d3e1d1","local_time":"20190716232626","is_ascension_mode":true,"campfire_choices":[{"data":"Immolate","floor":7,"key":"SMITH"},{"data":"True Grit","floor":10,"key":"SMITH"},{"data":"Uppercut","floor":15,"key":"SMITH"}],"neow_cost":"CURSE","seed_source_timestamp":537443143320125,"circlet_count":0,"master_deck":["AscendersBane","Strike_R","Strike_R","Strike_R","Strike_R","Defend_R+1","Defend_R","Defend_R","Defend_R","Bash","Immolate+1","Hemokinesis","Shrug It Off+1","Uppercut+1","Regret","True Grit+1","Combust","Shrug It Off","Havoc","Offering"],"relics":["Burning Blood","Centennial Puzzle","War Paint","Boot","Lee\u0027s Waffle","Question Card"],"potions_floor_usage":[6,16,16],"damage_taken":[{"damage":10,"enemies":"2 Louse","floor":1,"turns":3},{"damage":1,"enemies":"Small Slimes","floor":2,"turns":4},{"damage":1,"enemies":"Cultist","floor":5,"turns":3},{"damage":34,"enemies":"Lagavulin","floor":6,"turns":6},{"damage":31,"enemies":"Gremlin Nob","floor":8,"turns":4},{"damage":6,"enemies":"2 Fungi Beasts","floor":12,"turns":4},{"damage":46,"enemies":"Lagavulin","floor":13,"turns":7},{"damage":9,"enemies":"Blue Slaver","floor":14,"turns":2},{"damage":53,"enemies":"The Guardian","floor":16,"turns":11}],"seed_played":"6002181735879699771","potions_obtained":[{"floor":1,"key":"Explosive Potion"},{"floor":5,"key":"Block Potion"},{"floor":6,"key":"Swift Potion"},{"floor":13,"key":"Weak Potion"}],"is_trial":false,"path_per_floor":["M","M","?","?","M","E","R","E","T","R","$","M","E","M","R","B"],"character_chosen":"IRONCLAD","items_purchased":["Lee\u0027s Waffle","Shrug It Off"],"campfire_rested":0,"item_purchase_floors":[11,11],"current_hp_per_floor":[64,69,69,69,74,46,46,21,21,21,82,82,42,39,39,0],"gold":194,"neow_bonus":"THREE_RARE_CARDS","is_prod":false,"is_daily":false,"chose_seed":false,"campfire_upgraded":3,"win_rate":0,"timestamp":1563337586,"path_taken":["M","M","?","?","M","E","R","E","T","R","$","?","E","M","R","BOSS"],"build_version":"2019-07-05","purchased_purges":1,"victory":false,"max_hp_per_floor":[75,75,75,75,75,75,75,75,75,75,82,82,82,82,82,82],"card_choices":[{"not_picked":["Barricade","Offering"],"picked":"Immolate","floor":0},{"not_picked":["Searing Blow","Warcry"],"picked":"Hemokinesis","floor":1},{"not_picked":["Sword Boomerang","Bloodletting"],"picked":"Shrug It Off","floor":2},{"not_picked":["Headbutt","Wild Strike"],"picked":"True Grit","floor":5},{"not_picked":["Body Slam","Whirlwind"],"picked":"Combust","floor":6},{"not_picked":["Perfected Strike","Twin Strike","Anger"],"picked":"SKIP","floor":8},{"not_picked":["Twin Strike","Flex"],"picked":"Havoc","floor":12},{"not_picked":["Shrug It Off","Carnage"],"picked":"Offering","floor":13},{"not_picked":["Thunderclap","Entrench","Warcry","Iron Wave"],"picked":"SKIP","floor":14}],"player_experience":496949,"relics_obtained":[{"floor":6,"key":"Centennial Puzzle"},{"floor":8,"key":"War Paint"},{"floor":9,"key":"Boot"},{"floor":13,"key":"Question Card"}],"event_choices":[{"damage_healed":0,"gold_gain":0,"cards_transformed":["Strike_R"],"player_choice":"Change","damage_taken":0,"max_hp_gain":0,"max_hp_loss":0,"event_name":"Living Wall","floor":3,"gold_loss":0,"cards_obtained":["Uppercut"]},{"damage_healed":0,"gold_gain":275,"player_choice":"Desecrate","damage_taken":0,"max_hp_gain":0,"max_hp_loss":0,"event_name":"Golden Shrine","floor":4,"gold_loss":0,"cards_obtained":["Regret"]}],"is_beta":false,"boss_relics":[],"items_purged_floors":[11],"is_endless":false,"potions_floor_spawned":[1,5,6,13],"killed_by":"The Guardian","ascension_level":18}