{"gold_per_floor":[364,441,13,29,29,29,55,73,150,162,182,213,213,228,228,331,331,350,265,82,99,117,117,150,165,214,224,224,324,324,324,324,324],"floor_reached":33,"playtime":2048,"items_purged":["Shame","Strike_R"],"score":471,"play_id":"c1e1db79-f4bc-4d91-8519-334a4b55d099","local_time":"20190624195140","is_ascension_mode":true,"campfire_choices":[{"data":"Searing Blow","floor":6,"key":"SMITH"},{"data":"Searing Blow+1","floor":13,"key":"SMITH"},{"data":"Searing Blow+2","floor":15,"key":"SMITH"},{"data":"Searing Blow+3","floor":23,"key":"SMITH"},{"data":"Searing Blow+4","floor":28,"key":"SMITH"},{"data":"Searing Blow+5","floor":30,"key":"SMITH"},{"data":"Searing Blow+6","floor":32,"key":"SMITH"}],"neow_cost":"CURSE","seed_source_timestamp":432044025279632,"circlet_count":0,"master_deck":["AscendersBane","Strike_R","Strike_R+1","Strike_R","Strike_R","Defend_R","Defend_R","Defend_R","Defend_R","Bash","Carnage","Searing Blow+7","Armaments","Iron Wave","Reaper+1","Ghostly Armor","Offering","Corruption","Pommel Strike","True Grit","True Grit","Armaments","Entrench+1","Body Slam"],"relics":["Burning Blood","Toolbox","Pen Nib","NlothsMask","PreservedInsect","Mercury Hourglass","Runic Pyramid","Smiling Mask","Regal Pillow","Whetstone"],"potions_floor_usage":[10,12,12,16,21,21,31,33],"damage_taken":[{"damage":3,"enemies":"Cultist","floor":1,"turns":3},{"damage":0,"enemies":"2 Louse","floor":4,"turns":3},{"damage":30,"enemies":"Gremlin Nob","floor":7,"turns":4},{"damage":0,"enemies":"Small Slimes","floor":8,"turns":2},{"damage":28,"enemies":"Gremlin Gang","floor":10,"turns":3},{"damage":4,"enemies":"2 Fungi Beasts","floor":11,"turns":3},{"damage":23,"enemies":"3 Sentries","floor":12,"turns":6},{"damage":8,"enemies":"Exordium Wildlife","floor":14,"turns":4},{"damage":21,"enemies":"Hexaghost","floor":16,"turns":9},{"damage":10,"enemies":"Shell Parasite","floor":18,"turns":2},{"damage":22,"enemies":"3 Byrds","floor":21,"turns":4},{"damage":6,"enemies":"Centurion and Healer","floor":22,"turns":6},{"damage":34,"enemies":"Slavers","floor":24,"turns":5},{"damage":0,"enemies":"3 Cultists","floor":25,"turns":5},{"damage":0,"enemies":"Snake Plant","floor":27,"turns":2},{"damage":0,"enemies":"Shelled Parasite and Fungi","floor":31,"turns":3},{"damage":95,"enemies":"Collector","floor":33,"turns":7}],"seed_played":"1245544322990632523","potions_obtained":[{"floor":4,"key":"Strength Potion"},{"floor":8,"key":"Block Potion"},{"floor":11,"key":"Block Potion"},{"floor":12,"key":"Swift Potion"},{"floor":14,"key":"EssenceOfSteel"},{"floor":18,"key":"Poison Potion"},{"floor":24,"key":"SmokeBomb"},{"floor":25,"key":"Energy Potion"}],"is_trial":false,"path_per_floor":["M","?","$","M","?","R","E","M","T","M","M","E","R","M","R","B",null,"M","?","$","M","M","R","E","M","T","M","R","?","R","M","R","B"],"character_chosen":"IRONCLAD","items_purchased":["Toolbox","Pen Nib","Corruption","Pommel Strike","True Grit"],"campfire_rested":0,"item_purchase_floors":[3,3,20,20,20],"current_hp_per_floor":[75,75,75,80,80,80,56,62,62,40,42,43,43,49,49,44,71,67,67,67,57,67,67,54,65,65,71,71,71,71,77,77,0],"gold":324,"neow_bonus":"TWO_FIFTY_GOLD","is_prod":false,"is_daily":false,"chose_seed":false,"campfire_upgraded":7,"win_rate":0,"timestamp":1561423900,"path_taken":["M","?","$","M","?","R","E","M","T","M","?","E","R","M","R","BOSS","M","?","$","M","M","R","E","M","T","M","R","?","R","?","R","BOSS"],"build_version":"2019-01-23","purchased_purges":2,"victory":false,"max_hp_per_floor":[80,80,80,80,80,80,80,80,80,80,80,80,80,80,80,80,80,80,80,80,80,80,80,80,80,80,80,80,80,80,80,80,80],"card_choices":[{"not_picked":["Rupture","Havoc"],"picked":"Carnage","floor":1},{"not_picked":["Rage","Body Slam"],"picked":"Searing Blow","floor":4},{"not_picked":["Heavy Blade","Fire Breathing","Infernal Blade"],"picked":"SKIP","floor":7},{"not_picked":["Dual Wield","Havoc"],"picked":"Armaments","floor":8},{"not_picked":["Clash","Carnage"],"picked":"Iron Wave","floor":10},{"not_picked":["Seeing Red","Flex"],"picked":"Reaper","floor":11},{"not_picked":["Warcry","Sever Soul","Flex"],"picked":"SKIP","floor":12},{"not_picked":["Heavy Blade","Flex"],"picked":"Ghostly Armor","floor":14},{"not_picked":["Demon Form","Berserk"],"picked":"Offering","floor":16},{"not_picked":["Entrench","Reckless Charge","Cleave+1"],"picked":"SKIP","floor":18},{"not_picked":["Havoc","Clash+1"],"picked":"True Grit","floor":21},{"not_picked":["Clash","Searing Blow+1"],"picked":"Armaments","floor":22},{"not_picked":["Reckless Charge","Power Through+1"],"picked":"Entrench+1","floor":24},{"not_picked":["Rampage","Iron Wave","Flex"],"picked":"SKIP","floor":25},{"not_picked":["Seeing Red+1","Infernal Blade"],"picked":"Body Slam","floor":27}],"player_experience":389279,"relics_obtained":[{"floor":7,"key":"PreservedInsect"},{"floor":12,"key":"Mercury Hourglass"},{"floor":24,"key":"Regal Pillow"},{"floor":26,"key":"Whetstone"}],"event_choices":[{"damage_healed":0,"gold_gain":77,"player_choice":"Gained Gold","damage_taken":0,"max_hp_gain":0,"max_hp_loss":0,"event_name":"Golden Wing","floor":2,"gold_loss":0},{"damage_healed":0,"gold_gain":0,"player_choice":"Trade","damage_taken":0,"relics_obtained":["NlothsMask"],"max_hp_gain":0,"max_hp_loss":0,"event_name":"FaceTrader","floor":5,"gold_loss":0},{"damage_healed":0,"gold_gain":0,"player_choice":"Obtained Relic","damage_taken":0,"relics_obtained":["Smiling Mask"],"max_hp_gain":0,"max_hp_loss":0,"event_name":"Addict","floor":19,"gold_loss":85},{"damage_healed":0,"gold_gain":100,"player_choice":"Pray","damage_taken":0,"max_hp_gain":0,"max_hp_loss":0,"event_name":"Golden Shrine","floor":29,"gold_loss":0}],"is_beta":false,"boss_relics":[{"not_picked":["White Beast Statue","Black Blood"],"picked":"Runic Pyramid"}],"items_purged_floors":[3,20],"is_endless":false,"potions_floor_spawned":[4,8,11,12,14,18,24,25,27],"killed_by":"Collector","ascension_level":11}