{"gold_per_floor":[113,131,81,98,116,146,209,240,289,357,386,397,397,13,13,13],"floor_reached":16,"playtime":945,"items_purged":["Strike_R"],"score":174,"play_id":"6f3157eb-2ce5-42fc-901f-a89ef62941d7","local_time":"20190525210401","is_ascension_mode":true,"campfire_choices":[{"data":"Corruption","floor":13,"key":"SMITH"},{"data":"Flame Barrier","floor":15,"key":"SMITH"}],"neow_cost":"NONE","seed_source_timestamp":99815160589298,"circlet_count":0,"master_deck":["Strike_R","Strike_R","Strike_R","Defend_R","Defend_R","Defend_R","Defend_R","Bash","Offering","Flame Barrier+1","Uppercut","Flex","Corruption+1","Dark Embrace","Sentinel","Warcry","Sword Boomerang"],"relics":["Burning Blood","Potion Belt","Self Forming Clay","Pen Nib","Bag of Marbles","Dodecahedron","Sling"],"potions_floor_usage":[6,11,11,16,16,16],"damage_taken":[{"damage":15,"enemies":"Jaw Worm","floor":1,"turns":3},{"damage":0,"enemies":"2 Louse","floor":2,"turns":3},{"damage":12,"enemies":"Small Slimes","floor":4,"turns":4},{"damage":10,"enemies":"Blue Slaver","floor":5,"turns":4},{"damage":9,"enemies":"Gremlin Nob","floor":6,"turns":3},{"damage":26,"enemies":"Lagavulin Event","floor":7,"turns":6},{"damage":9,"enemies":"Lagavulin","floor":8,"turns":7},{"damage":6,"enemies":"Gremlin Nob","floor":11,"turns":3},{"damage":19,"enemies":"Large Slime","floor":12,"turns":3},{"damage":32,"enemies":"The Guardian","floor":16,"turns":8}],"seed_played":"6821616854225138360","potions_obtained":[{"floor":1,"key":"Fire Potion"},{"floor":2,"key":"Strength Potion"},{"floor":5,"key":"SpeedPotion"},{"floor":7,"key":"Strength Potion"},{"floor":11,"key":"SpeedPotion"}],"is_trial":false,"path_per_floor":["M","M","?","M","M","E","?","E","T","?","E","M","R","$","R","B"],"character_chosen":"IRONCLAD","items_purchased":["Sling","AttackPotion","Dexterity Potion"],"campfire_rested":0,"item_purchase_floors":[14,14,14],"current_hp_per_floor":[71,77,77,71,67,64,44,41,41,41,41,28,28,28,28,0],"gold":13,"neow_bonus":"ONE_RANDOM_RARE_CARD","is_prod":false,"is_daily":false,"chose_seed":false,"campfire_upgraded":2,"win_rate":0,"timestamp":1558836241,"path_taken":["M","M","?","M","M","E","?","E","T","?","E","M","R","?","R","BOSS"],"build_version":"2019-01-23","purchased_purges":1,"victory":false,"max_hp_per_floor":[80,80,80,80,80,80,80,80,80,80,80,80,80,80,80,80],"card_choices":[{"not_picked":["Combust","Sever Soul","Reckless Charge"],"picked":"SKIP","floor":1},{"not_picked":["Warcry","Heavy Blade"],"picked":"Flame Barrier","floor":2},{"not_picked":["Havoc","Ghostly Armor"],"picked":"Uppercut","floor":4},{"not_picked":["Perfected Strike","Clothesline"],"picked":"Flex","floor":5},{"not_picked":["Clothesline","Flame Barrier"],"picked":"Corruption","floor":6},{"not_picked":["Dropkick","Clothesline"],"picked":"Dark Embrace","floor":7},{"not_picked":["Iron Wave","Wild Strike"],"picked":"Sentinel","floor":8},{"not_picked":["Body Slam","Twin Strike"],"picked":"Warcry","floor":11},{"not_picked":["Thunderclap","Sentinel"],"picked":"Sword Boomerang","floor":12}],"player_experience":192906,"relics_obtained":[{"floor":6,"key":"Potion Belt"},{"floor":8,"key":"Pen Nib"},{"floor":9,"key":"Bag of Marbles"},{"floor":11,"key":"Dodecahedron"}],"event_choices":[{"cards_removed":["Strike_R"],"damage_healed":0,"gold_gain":0,"player_choice":"Card Removal","damage_taken":0,"max_hp_gain":0,"max_hp_loss":0,"event_name":"The Cleric","floor":3,"gold_loss":50},{"damage_healed":0,"gold_gain":0,"player_choice":"Searched \u00272\u0027 times","damage_taken":0,"relics_obtained":["Self Forming Clay"],"max_hp_gain":0,"max_hp_loss":0,"event_name":"Dead Adventurer","floor":7,"gold_loss":0},{"damage_healed":0,"gold_gain":68,"player_choice":"Gained Gold","damage_taken":0,"max_hp_gain":0,"max_hp_loss":0,"event_name":"Golden Wing","floor":10,"gold_loss":0}],"is_beta":false,"boss_relics":[],"items_purged_floors":[14],"is_endless":false,"potions_floor_spawned":[1,2,5,7,11],"killed_by":"The Guardian","ascension_level":4}