{"gold_per_floor":[365,330,330,330,83,114,114,145,194,232,253,253,296,296,296,395,395,410,137,137,187,187,187,200,215,215,215],"floor_reached":27,"playtime":1571,"items_purged":["Defend_B"],"score":458,"play_id":"6ff7ed73-f987-4a73-98bf-e18107eae634","local_time":"20190802103920","is_ascension_mode":true,"campfire_choices":[{"floor":7.0,"key":"REST"},{"floor":12.0,"key":"REST"},{"data":"Zap","floor":15.0,"key":"SMITH"},{"floor":23.0,"key":"REST"}],"neow_cost":"PERCENT_DAMAGE","seed_source_timestamp":913735484624300,"circlet_count":0,"master_deck":["AscendersBane","Strike_B","Strike_B","Strike_B","Defend_B","Defend_B","Defend_B","Zap+1","Dualcast","Stack","Go for the Eyes","Coolheaded","White Noise","Gash","Creative AI","Buffer+1","Conserve Battery","White Noise+1","Leap+1"],"special_seed":0,"relics":["Cracked Core","Golden Idol","Oddly Smooth Stone","Happy Flower","Pen Nib","PreservedInsect","Mango","Regal Pillow","Inserter","Toxic Egg 2","Dream Catcher"],"potions_floor_usage":[],"damage_taken":[{"damage":5.0,"enemies":"Small Slimes","floor":1.0,"turns":4.0},{"damage":32.0,"enemies":"3 Sentries","floor":6.0,"turns":10.0},{"damage":22.0,"enemies":"Gremlin Nob","floor":8.0,"turns":4.0},{"damage":8.0,"enemies":"3 Sentries","floor":10.0,"turns":8.0},{"damage":0.0,"enemies":"2 Louse","floor":11.0,"turns":2.0},{"damage":10.0,"enemies":"Lagavulin","floor":13.0,"turns":7.0},{"damage":32.0,"enemies":"Hexaghost","floor":16.0,"turns":9.0},{"damage":54.0,"enemies":"Chosen","floor":18.0,"turns":8.0},{"damage":19.0,"enemies":"Shell Parasite","floor":24.0,"turns":8.0},{"damage":26,"enemies":"Centurion and Healer","floor":25,"turns":7},{"damage":22,"enemies":"Snake Plant","floor":27,"turns":7}],"seed_played":"4014624996791276736","potions_obtained":[{"floor":6.0,"key":"SteroidPotion"},{"floor":11.0,"key":"Fire Potion"},{"floor":13.0,"key":"EssenceOfSteel"},{"floor":18.0,"key":"Regen Potion"}],"is_trial":false,"path_per_floor":["M","?","?","?","$","E","R","E","T","E","M","R","E","?","R","B",null,"M","$","?","?","?","R","M","M","T","M"],"character_chosen":"DEFECT","items_purchased":["Oddly Smooth Stone","Toxic Egg 2"],"campfire_rested":3,"item_purchase_floors":[5,19],"current_hp_per_floor":[41,58,51,51,51,19,38,16,16,22,22,45,35,61,61,29,66,12,12,12,12,12,50,46,20,20,0],"gold":215,"neow_bonus":"TWO_FIFTY_GOLD","is_prod":false,"is_daily":false,"chose_seed":false,"campfire_upgraded":1,"win_rate":0,"timestamp":1564735160,"path_taken":["M","?","?","?","$","E","R","E","T","E","M","R","E","?","R","BOSS","M","$","?","?","?","R","M","M","T","?"],"build_version":"2019-07-17","purchased_purges":1,"victory":false,"max_hp_per_floor":[71,71,71,64,64,64,64,64,64,78,78,78,78,78,78,78,78,78,78,78,78,78,78,78,78,78,78],"card_choices":[{"not_picked":["Chaos","Double Energy"],"picked":"Stack","floor":1.0},{"not_picked":["Darkness","Melter"],"picked":"Go for the Eyes","floor":6.0},{"not_picked":["Sweeping Beam","Fusion"],"picked":"Coolheaded","floor":8.0},{"not_picked":["Go for the Eyes","Ball Lightning"],"picked":"White Noise","floor":10.0},{"not_picked":["Stack","Coolheaded"],"picked":"Gash","floor":11.0},{"not_picked":["Blizzard","Reprogram"],"picked":"Creative AI","floor":13.0},{"not_picked":["Multi-Cast","Meteor Strike"],"picked":"Buffer","floor":16.0},{"not_picked":["Blizzard","Streamline"],"picked":"Conserve Battery","floor":18.0},{"not_picked":["Double Energy+1","Streamline"],"picked":"White Noise+1","floor":24.0},{"not_picked":["Stack+1","BootSequence+1"],"picked":"Leap+1","floor":25}],"player_experience":391504,"relics_obtained":[{"floor":6.0,"key":"Happy Flower"},{"floor":8.0,"key":"Pen Nib"},{"floor":9.0,"key":"PreservedInsect"},{"floor":10.0,"key":"Mango"},{"floor":13.0,"key":"Regal Pillow"},{"floor":26,"key":"Dream Catcher"}],"event_choices":[{"damage_healed":17.0,"max_hp_gain":0.0,"max_hp_loss":0.0,"gold_gain":0.0,"event_name":"The Cleric","player_choice":"Healed","floor":2.0,"gold_loss":35.0,"damage_taken":0.0},{"cards_removed":["Strike_B"],"damage_healed":0.0,"max_hp_gain":0.0,"max_hp_loss":0.0,"gold_gain":0.0,"event_name":"Golden Wing","player_choice":"Card Removal","floor":3.0,"gold_loss":0.0,"damage_taken":7.0},{"damage_healed":0.0,"max_hp_gain":0.0,"max_hp_loss":7.0,"gold_gain":0.0,"event_name":"Golden Idol","player_choice":"Lose Max HP","floor":4.0,"gold_loss":0.0,"damage_taken":0.0,"relics_obtained":["Golden Idol"]},{"damage_healed":26.0,"max_hp_gain":0.0,"max_hp_loss":0.0,"gold_gain":0.0,"event_name":"Big Fish","player_choice":"Banana","floor":14.0,"gold_loss":0.0,"damage_taken":0.0},{"damage_healed":0.0,"max_hp_gain":0.0,"max_hp_loss":0.0,"gold_gain":0.0,"event_name":"Ghosts","player_choice":"Ignored","floor":20.0,"gold_loss":0.0,"damage_taken":0.0},{"damage_healed":0.0,"max_hp_gain":0.0,"max_hp_loss":0.0,"gold_gain":50.0,"event_name":"Nest","player_choice":"Stole From Cult","floor":21.0,"gold_loss":0.0,"damage_taken":0.0},{"damage_healed":0.0,"max_hp_gain":0.0,"max_hp_loss":0.0,"gold_gain":0.0,"event_name":"Upgrade Shrine","player_choice":"Upgraded","floor":22.0,"gold_loss":0.0,"damage_taken":0.0,"cards_upgraded":["Buffer"]}],"is_beta":false,"boss_relics":[{"not_picked":["Astrolabe","White Beast Statue"],"picked":"Inserter"}],"items_purged_floors":[5],"is_endless":false,"potions_floor_spawned":[6,11,13,18],"killed_by":"Snake Plant","ascension_level":19}