{"gold_per_floor":[116,39,54,66,16,26,26,39,39,39,65,65,78,78,78,182,182,199,212,86,100,112,112,112,112,139,91,91,104,104,29,29,129,129,149,1148,1148,1148,1162,1190,1190,969,969,988,1001,1001,1001,1001],"floor_reached":48,"playtime":2199,"items_purged":["Backstab","Normality"],"score":575,"play_id":"9866c0d4-3a9b-466d-a5b2-3fb3e1fd84b6","local_time":"20190308182111","is_ascension_mode":false,"campfire_choices":[{"data":"Noxious Fumes","floor":12,"key":"SMITH"},{"data":"Catalyst","floor":15,"key":"SMITH"},{"data":"Neutralize","floor":23,"key":"SMITH"},{"data":"Backflip","floor":25,"key":"SMITH"},{"data":"Flying Knee","floor":28,"key":"SMITH"},{"data":"Crippling Poison","floor":30,"key":"SMITH"},{"floor":32,"key":"REST"},{"floor":41,"key":"REST"}],"neow_cost":"NONE","seed_source_timestamp":401409223768554,"circlet_count":0,"master_deck":["Survivor","Neutralize+1","PiercingWail","Expertise","Footwork","Backstab","Footwork","Terror","Dash","Noxious Fumes+1","Catalyst+1","Deadly Poison","Poisoned Stab","All Out Attack","All Out Attack","Dash","Glass Knife","Bane+1","Poisoned Stab+1","Backflip+1","Catalyst","Flying Knee+1","Crippling Poison+1","Corpse Explosion","Normality","Metamorphosis","Sucker Punch+1","Acrobatics"],"relics":["Pandora\u0027s Box"],"potions_floor_usage":[21,22,33,33,33,33,33,33,40,40,44,45],"damage_taken":[{"damage":7,"enemies":"Small Slimes","floor":1,"turns":2},{"damage":0,"enemies":"Cultist","floor":3,"turns":3},{"damage":8,"enemies":"Jaw Worm","floor":4,"turns":3},{"damage":10,"enemies":"Large Slime","floor":6,"turns":4},{"damage":0,"enemies":"Looter","floor":8,"turns":1},{"damage":12,"enemies":"The Mushroom Lair","floor":11,"turns":3},{"damage":0,"enemies":"Exordium Wildlife","floor":13,"turns":3},{"damage":0,"enemies":"Slime Boss","floor":16,"turns":8},{"damage":7,"enemies":"Spheric Guardian","floor":18,"turns":5},{"damage":0,"enemies":"Chosen","floor":19,"turns":4},{"damage":11,"enemies":"Snecko","floor":21,"turns":5},{"damage":6,"enemies":"Centurion and Healer","floor":22,"turns":6},{"damage":9,"enemies":"Snake Plant","floor":29,"turns":4},{"damage":16,"enemies":"Collector","floor":33,"turns":7},{"damage":11,"enemies":"3 Shapes","floor":35,"turns":4},{"damage":7,"enemies":"3 Darklings","floor":39,"turns":3},{"damage":64,"enemies":"Nemesis","floor":40,"turns":7},{"damage":3,"enemies":"Jaw Worm Horde","floor":44,"turns":2},{"damage":24,"enemies":"Sphere and 2 Shapes","floor":45,"turns":5},{"damage":0,"enemies":"Writhing Mass","floor":48,"turns":1}],"seed_played":"-6036374770927524094","potions_obtained":[{"floor":1,"key":"EssenceOfSteel"},{"floor":4,"key":"EntropicBrew"},{"floor":6,"key":"Block Potion"},{"floor":22,"key":"Ancient Potion"},{"floor":29,"key":"Dexterity Potion"},{"floor":33,"key":"SpeedPotion"},{"floor":39,"key":"GamblersBrew"},{"floor":44,"key":"FearPotion"},{"floor":45,"key":"SpeedPotion"}],"is_trial":false,"path_per_floor":["M","$","M","M","?","M","?","M","T","?","?","R","M","?","R","B",null,"M","M","$","M","M","R","?","R","T","$","R","M","R","?","R","B",null,"M","?","?","?","M","E","R","$","T","M","M","T","T","M"],"character_chosen":"THE_SILENT","items_purchased":["Noxious Fumes","Backflip","Flying Knee","GhostInAJar","Acrobatics"],"campfire_rested":2,"item_purchase_floors":[2,20,27,42,42],"current_hp_per_floor":[63,63,63,55,55,45,80,80,80,85,73,73,73,73,73,73,85,78,78,78,67,61,61,61,61,61,61,61,52,52,52,77,61,85,74,74,74,74,67,3,28,28,28,25,1,1,1,1],"gold":1001,"neow_bonus":"BOSS_RELIC","is_prod":false,"is_daily":false,"chose_seed":false,"campfire_upgraded":6,"win_rate":0,"timestamp":1552069271,"path_taken":["M","$","M","M","?","M","?","?","T","?","?","R","M","?","R","BOSS","M","M","$","M","M","R","?","R","T","$","R","M","R","?","R","BOSS","M","?","?","?","M","E","R","$","T","?","M","?","?","M"],"build_version":"2019-01-23","purchased_purges":2,"victory":false,"max_hp_per_floor":[70,70,70,70,70,70,80,80,80,85,85,85,85,85,85,85,85,85,85,85,85,85,85,85,85,85,85,85,85,85,85,85,85,85,85,85,85,85,85,85,85,85,85,85,85,85,85,85],"card_choices":[{"not_picked":["Masterful Stab","Outmaneuver"],"picked":"Dash","floor":1},{"not_picked":["Backflip","Tactician"],"picked":"Catalyst","floor":3},{"not_picked":["Catalyst","PiercingWail"],"picked":"Deadly Poison","floor":4},{"not_picked":["Heel Hook","Blade Dance"],"picked":"Poisoned Stab","floor":6},{"not_picked":["PiercingWail","Slice"],"picked":"All Out Attack","floor":8},{"not_picked":["Masterful Stab","Slice"],"picked":"All Out Attack","floor":11},{"not_picked":["Deadly Poison","Prepared"],"picked":"Dash","floor":13},{"not_picked":["Die Die Die","Wraith Form v2"],"picked":"Glass Knife","floor":16},{"not_picked":["Deflect","Well Laid Plans+1"],"picked":"Bane+1","floor":18},{"not_picked":["Outmaneuver","Prepared+1"],"picked":"Poisoned Stab+1","floor":19},{"not_picked":["Dodge and Roll","Slice"],"picked":"Catalyst","floor":22},{"not_picked":["Underhanded Strike+1","Setup"],"picked":"Crippling Poison","floor":29},{"not_picked":["Phantasmal Killer","Doppelganger"],"picked":"Corpse Explosion","floor":33},{"not_picked":["Finesse","Forethought"],"picked":"Metamorphosis","floor":37},{"not_picked":["Flying Knee","Dodge and Roll"],"picked":"Sucker Punch+1","floor":40},{"not_picked":["Outmaneuver","Cloak And Dagger","Dagger Throw"],"picked":"SKIP","floor":44}],"player_experience":348533,"relics_obtained":[],"event_choices":[{"cards_removed":["Storm of Steel"],"damage_healed":0,"gold_gain":0,"player_choice":"Card Removal","damage_taken":0,"max_hp_gain":0,"max_hp_loss":0,"event_name":"The Cleric","floor":5,"gold_loss":50},{"cards_removed":["Unload"],"damage_healed":25,"gold_gain":0,"player_choice":"Offered Rare","damage_taken":0,"max_hp_gain":10,"max_hp_loss":0,"event_name":"Bonfire Elementals","floor":7,"gold_loss":0},{"damage_healed":0,"gold_gain":0,"player_choice":"Donut","damage_taken":0,"max_hp_gain":5,"max_hp_loss":0,"event_name":"Big Fish","floor":10,"gold_loss":0},{"damage_healed":0,"gold_gain":0,"player_choice":"Fought Mushrooms","damage_taken":0,"max_hp_gain":0,"max_hp_loss":0,"event_name":"Mushrooms","floor":11,"gold_loss":0},{"damage_healed":0,"gold_gain":0,"player_choice":"Fled","damage_taken":0,"max_hp_gain":0,"max_hp_loss":0,"event_name":"Scrap Ooze","floor":14,"gold_loss":0},{"damage_healed":0,"gold_gain":0,"player_choice":"Ignored","damage_taken":0,"max_hp_gain":0,"max_hp_loss":0,"event_name":"The Mausoleum","floor":24,"gold_loss":0},{"cards_removed":["Choke"],"damage_healed":0,"gold_gain":0,"player_choice":"Gave Gold","damage_taken":0,"max_hp_gain":0,"max_hp_loss":0,"event_name":"Beggar","floor":31,"gold_loss":75},{"damage_healed":0,"gold_gain":999,"player_choice":"Gold","damage_taken":0,"max_hp_gain":0,"max_hp_loss":0,"event_name":"MindBloom","floor":36,"gold_loss":0,"cards_obtained":["Normality","Normality"]},{"damage_healed":0,"gold_gain":0,"player_choice":"Memory 1","damage_taken":0,"max_hp_gain":0,"max_hp_loss":0,"event_name":"SensoryStone","floor":37,"gold_loss":0},{"damage_healed":0,"gold_gain":0,"player_choice":"Ignored","damage_taken":0,"max_hp_gain":0,"max_hp_loss":0,"event_name":"Mysterious Sphere","floor":38,"gold_loss":0}],"is_beta":false,"boss_relics":[{"not_picked":["WristBlade","Black Star","Busted Crown"]},{"not_picked":["Empty Cage","Eternal Feather","Sozu"]}],"items_purged_floors":[20,42],"is_endless":false,"potions_floor_spawned":[1,4,6,8,18,22,29,33,39,44,45],"killed_by":"Writhing Mass","ascension_level":0}