{"gold_per_floor":[116,132,132,148,162,189,189,208,232,2,2,14,81,109,121,231,243,267,279,143,143,58,58,93,113,113,113,130,159,172,172,172,276,276,287,65,75,93,105,138,138,189,216,249,249,263,13,44,44,44],"floor_reached":51,"playtime":2156,"items_purged":["Strike_R","Writhe","Strike_R"],"score":848,"play_id":"639b1a29-455e-4daf-81e8-e0d7b8cf63ee","local_time":"20190417182105","is_ascension_mode":true,"campfire_choices":[{"data":"Uppercut","floor":7,"key":"SMITH"},{"floor":15,"key":"REST"},{"data":"Demon Form","floor":23,"key":"SMITH"},{"data":"Limit Break","floor":27,"key":"SMITH"},{"floor":32,"key":"REST"},{"data":"Rage","floor":41,"key":"SMITH"},{"floor":45,"key":"REST"},{"floor":49,"key":"REST"}],"neow_cost":"NONE","seed_source_timestamp":524909702424100,"circlet_count":0,"master_deck":["Strike_R+1","Strike_R+1","Strike_R","Defend_R","Defend_R","Defend_R","Defend_R","Bash","Demon Form","Shrug It Off","Twin Strike","Limit Break+1","Uppercut+1","Rage+1","Evolve","Demon Form+1","Impervious","Reaper","Headbutt+1","Wild Strike","Warcry+1","Cleave","Shrug It Off+1","Perfected Strike","Feed","Necronomicurse","Dark Embrace","Pommel Strike+1","Armaments+1","Heavy Blade+1","Offering","Power Through+1"],"relics":["Burning Blood","Whetstone","Anchor","Membership Card","MawBank","Tiny Chest","Runic Dome","Red Skull","Juzu Bracelet","Bag of Marbles","Art of War","Vajra","Strawberry","Necronomicon","Mark of Pain","Bottled Tornado","Matryoshka","Turnip","Potion Belt","Happy Flower","Shuriken","Mercury Hourglass"],"potions_floor_usage":[4,6,6,6,13,14,16,24,24,29,29,30,33,40,42,46,48,48],"damage_taken":[{"damage":2,"enemies":"Small Slimes","floor":1,"turns":4},{"damage":10,"enemies":"Cultist","floor":2,"turns":4},{"damage":11,"enemies":"Jaw Worm","floor":4,"turns":2},{"damage":2,"enemies":"2 Fungi Beasts","floor":5,"turns":3},{"damage":27,"enemies":"Gremlin Nob","floor":6,"turns":4},{"damage":12,"enemies":"Exordium Thugs","floor":8,"turns":5},{"damage":10,"enemies":"Lagavulin","floor":13,"turns":4},{"damage":13,"enemies":"Large Slime","floor":14,"turns":5},{"damage":26,"enemies":"Slime Boss","floor":16,"turns":7},{"damage":18,"enemies":"3 Byrds","floor":18,"turns":6},{"damage":28,"enemies":"Slavers","floor":24,"turns":7},{"damage":10,"enemies":"Shell Parasite","floor":25,"turns":5},{"damage":47,"enemies":"Cultist and Chosen","floor":28,"turns":5},{"damage":0,"enemies":"Gremlin Leader","floor":29,"turns":3},{"damage":5,"enemies":"Centurion and Healer","floor":30,"turns":4},{"damage":52,"enemies":"Collector","floor":33,"turns":8},{"damage":34,"enemies":"3 Darklings","floor":35,"turns":6},{"damage":1,"enemies":"Orb Walker","floor":37,"turns":2},{"damage":18,"enemies":"Maw","floor":38,"turns":5},{"damage":25,"enemies":"Sphere and 2 Shapes","floor":39,"turns":4},{"damage":5,"enemies":"Giant Head","floor":40,"turns":6},{"damage":33,"enemies":"2 Orb Walkers","floor":42,"turns":4},{"damage":56,"enemies":"Reptomancer","floor":44,"turns":5},{"damage":9,"enemies":"Spire Growth","floor":46,"turns":4},{"damage":40,"enemies":"Nemesis","floor":48,"turns":5},{"damage":48,"enemies":"Donu and Deca","floor":50,"turns":5}],"seed_played":"1609402652273595600","potions_obtained":[{"floor":2,"key":"EntropicBrew"},{"floor":6,"key":"Poison Potion"},{"floor":8,"key":"Swift Potion"},{"floor":13,"key":"FairyPotion"},{"floor":16,"key":"EssenceOfSteel"},{"floor":24,"key":"SpeedPotion"},{"floor":25,"key":"Explosive Potion"},{"floor":28,"key":"PowerPotion"},{"floor":29,"key":"Fire Potion"},{"floor":30,"key":"EssenceOfSteel"},{"floor":40,"key":"Block Potion"},{"floor":42,"key":"SkillPotion"}],"is_trial":false,"path_per_floor":["M","M","?","M","M","E","R","M","T","$","?","?","E","M","R","B",null,"M","?","$","?","?","R","E","M","T","R","M","E","M","?","R","B",null,"M","$","M","M","M","E","R","?","T","E","R","M","$","E","R","B",null],"character_chosen":"IRONCLAD","items_purchased":["Membership Card","PowerPotion","Red Skull","Wild Strike","Block Potion","Bottled Tornado","Block Potion","PowerPotion","Shuriken","Regen Potion","Strength Potion"],"campfire_rested":4,"item_purchase_floors":[10,10,20,20,20,36,36,36,47,47,47],"current_hp_per_floor":[80,76,76,71,75,54,54,48,48,48,48,48,44,37,61,41,80,68,68,68,68,68,68,51,66,66,66,35,48,65,49,75,29,87,87,87,87,75,71,90,90,90,90,40,67,64,64,44,71,64],"gold":44,"neow_bonus":"ONE_RANDOM_RARE_CARD","is_prod":false,"is_daily":false,"chose_seed":false,"campfire_upgraded":4,"win_rate":0,"timestamp":1555518065,"path_taken":["M","M","?","?","M","E","R","M","T","$","?","?","E","?","R","BOSS","M","?","$","?","?","R","E","M","T","R","M","E","M","?","R","BOSS","M","$","M","M","M","E","R","?","T","E","R","M","$","E","R","BOSS"],"build_version":"2019-01-23","purchased_purges":3,"victory":true,"max_hp_per_floor":[80,80,80,80,80,80,80,80,80,80,80,80,80,80,80,80,80,80,80,80,80,80,80,80,80,80,80,80,87,87,87,87,87,87,87,87,87,87,90,90,90,90,90,90,90,90,90,90,90,90],"card_choices":[{"not_picked":["Wild Strike","Warcry"],"picked":"Shrug It Off","floor":1},{"not_picked":["Dual Wield","Exhume"],"picked":"Twin Strike","floor":2},{"not_picked":["Havoc","Hemokinesis"],"picked":"Rage","floor":4},{"not_picked":["Pommel Strike","Body Slam"],"picked":"Evolve","floor":5},{"not_picked":["Rampage","Clothesline"],"picked":"Demon Form","floor":6},{"not_picked":["Thunderclap","Twin Strike","Warcry"],"picked":"SKIP","floor":8},{"not_picked":["Body Slam","Sentinel","Combust"],"picked":"SKIP","floor":13},{"not_picked":["Battle Trance","Spot Weakness"],"picked":"Impervious","floor":14},{"not_picked":["Demon Form","Juggernaut"],"picked":"Reaper","floor":16},{"not_picked":["Sword Boomerang","Flex"],"picked":"Headbutt+1","floor":18},{"not_picked":["Carnage","Perfected Strike+1"],"picked":"Warcry+1","floor":24},{"not_picked":["Body Slam","Headbutt"],"picked":"Cleave","floor":25},{"not_picked":["Fire Breathing","Anger"],"picked":"Shrug It Off+1","floor":28},{"not_picked":["Twin Strike","Second Wind"],"picked":"Perfected Strike","floor":29},{"not_picked":["Infernal Blade","Searing Blow+1"],"picked":"Feed","floor":30},{"not_picked":["Barricade","Bludgeon"],"picked":"Dark Embrace","floor":33},{"not_picked":["Reckless Charge","Flex+1"],"picked":"Pommel Strike+1","floor":35},{"not_picked":["Uppercut","Headbutt","Perfected Strike"],"picked":"SKIP","floor":37},{"not_picked":["Headbutt+1","Clash"],"picked":"Armaments+1","floor":38},{"not_picked":["Clash","Shockwave","Shrug It Off"],"picked":"SKIP","floor":39},{"not_picked":["Clash","Havoc+1","Combust"],"picked":"SKIP","floor":40},{"not_picked":["Armaments","Iron Wave"],"picked":"Heavy Blade+1","floor":44},{"not_picked":["Armaments+1","Blood for Blood+1"],"picked":"Offering","floor":46},{"not_picked":["Entrench+1","Anger+1"],"picked":"Power Through+1","floor":48}],"player_experience":385988,"relics_obtained":[{"floor":6,"key":"Whetstone"},{"floor":9,"key":"Anchor"},{"floor":13,"key":"Tiny Chest"},{"floor":24,"key":"Art of War"},{"floor":26,"key":"Vajra"},{"floor":29,"key":"Strawberry"},{"floor":31,"key":"Necronomicon"},{"floor":40,"key":"Matryoshka"},{"floor":42,"key":"Turnip"},{"floor":43,"key":"Potion Belt"},{"floor":44,"key":"Happy Flower"},{"floor":48,"key":"Mercury Hourglass"}],"event_choices":[{"damage_healed":0,"gold_gain":0,"player_choice":"2 cards matched","damage_taken":0,"max_hp_gain":0,"max_hp_loss":0,"event_name":"Match and Keep!","floor":3,"gold_loss":0,"cards_obtained":["Limit Break","Uppercut"]},{"damage_healed":0,"gold_gain":0,"player_choice":"Searched \u00272\u0027 times","damage_taken":0,"relics_obtained":["MawBank"],"max_hp_gain":0,"max_hp_loss":0,"event_name":"Dead Adventurer","floor":11,"gold_loss":0},{"damage_healed":0,"gold_gain":0,"player_choice":"Ignored","damage_taken":0,"max_hp_gain":0,"max_hp_loss":0,"event_name":"NoteForYourself","floor":12,"gold_loss":0},{"damage_healed":0,"gold_gain":0,"player_choice":"Ignored","damage_taken":0,"max_hp_gain":0,"max_hp_loss":0,"event_name":"Vampires","floor":19,"gold_loss":0},{"damage_healed":0,"gold_gain":0,"player_choice":"Opened","damage_taken":0,"relics_obtained":["Juzu Bracelet"],"max_hp_gain":0,"max_hp_loss":0,"event_name":"The Mausoleum","floor":21,"gold_loss":0,"cards_obtained":["Writhe"]},{"damage_healed":0,"gold_gain":0,"player_choice":"Obtained Relic","damage_taken":0,"relics_obtained":["Bag of Marbles"],"max_hp_gain":0,"max_hp_loss":0,"event_name":"Addict","floor":22,"gold_loss":85},{"damage_healed":0,"gold_gain":0,"player_choice":"Obtained Book","damage_taken":16,"max_hp_gain":0,"max_hp_loss":0,"event_name":"Cursed Tome","floor":31,"gold_loss":0},{"damage_healed":0,"gold_gain":0,"player_choice":"Fight","damage_taken":0,"max_hp_gain":0,"max_hp_loss":0,"event_name":"Mysterious Sphere","floor":42,"gold_loss":0}],"is_beta":false,"boss_relics":[{"not_picked":["Sozu","Fusion Hammer"],"picked":"Runic Dome"},{"not_picked":["Tiny House","Busted Crown"],"picked":"Mark of Pain"}],"items_purged_floors":[20,36,47],"is_endless":false,"potions_floor_spawned":[2,6,8,13,16,24,25,28,29,30,37,38,40,42],"ascension_level":1}