{"gold_per_floor":[113,126,137,150,166,166,193,209,209,209,240,252,280,292,304,389,401,426,538,19,32,47,47,77,77,77,77,102,102,127,137,137,214,214,228,228,228,228,70,70,104,104,104,104,138,138,158,169,169,169,169,169,169,4,35,35],"floor_reached":56,"playtime":5390,"items_purged":["Strike_G"],"score":2046,"play_id":"cd18e168-91f6-4415-becc-7e7d811b1e8e","local_time":"20190321075731","is_ascension_mode":true,"campfire_choices":[{"data":"Bane","floor":6.0,"key":"SMITH"},{"data":"Deadly Poison","floor":10.0,"key":"SMITH"},{"data":"Deadly Poison","floor":12.0,"key":"SMITH"},{"data":"Venomology","floor":15.0,"key":"SMITH"},{"data":"Neutralize","floor":23.0,"key":"SMITH"},{"data":"Burst","floor":25.0,"key":"SMITH"},{"data":"Deadly Poison","floor":29.0,"key":"SMITH"},{"data":"Well Laid Plans","floor":32.0,"key":"SMITH"},{"data":"After Image","floor":40.0,"key":"SMITH"},{"data":"Dodge and Roll","floor":42.0,"key":"SMITH"},{"data":"Dodge and Roll","floor":46.0,"key":"SMITH"},{"floor":49.0,"key":"RECALL"},{"data":"Dodge and Roll","floor":53.0,"key":"SMITH"}],"neow_cost":"NONE","seed_source_timestamp":0,"circlet_count":0,"master_deck":["AscendersBane","Defend_G","Defend_G","Defend_G","Defend_G","Defend_G","Strike_G","Strike_G","Survivor","Neutralize+1","Well Laid Plans+1","Deadly Poison+1","Terror","Deadly Poison+1","Bane+1","Dodge and Roll+1","Backflip+1","Venomology+1","Burst+1","Dodge and Roll+1","Blur","Deadly Poison+1","Dodge and Roll+1","Catalyst+1","Deflect","After Image+1","Leg Sweep+1","Escape Plan","Parasite","Escape Plan+1","Noxious Fumes"],"special_seed":0,"relics":["Ring of the Snake","Incense Burner","Bottled Lightning","MawBank","Lizard Tail","Thread and Needle","Meat on the Bone","Torii","Snake Skull","Ninja Scroll","Sundial","Blue Candle","Ancient Tea Set","Sozu","Bronze Scales","Bag of Preparation","Bottled Flame","Lantern","Calipers"],"potions_floor_usage":[],"damage_taken":[{"damage":3.0,"enemies":"Jaw Worm","floor":1.0,"turns":5.0},{"damage":2.0,"enemies":"Cultist","floor":2.0,"turns":5.0},{"damage":0.0,"enemies":"2 Louse","floor":3.0,"turns":4.0},{"damage":8.0,"enemies":"Blue Slaver","floor":4.0,"turns":3.0},{"damage":10.0,"enemies":"Exordium Thugs","floor":5.0,"turns":6.0},{"damage":1.0,"enemies":"Gremlin Nob","floor":7.0,"turns":4.0},{"damage":3.0,"enemies":"2 Fungi Beasts","floor":8.0,"turns":3.0},{"damage":17.0,"enemies":"3 Sentries","floor":11.0,"turns":8.0},{"damage":0.0,"enemies":"Blue Slaver","floor":13.0,"turns":2.0},{"damage":9.0,"enemies":"The Guardian","floor":16.0,"turns":8.0},{"damage":0.0,"enemies":"Spheric Guardian","floor":18.0,"turns":2.0},{"damage":1.0,"enemies":"Colosseum Slavers","floor":19.0,"turns":10.0},{"damage":20.0,"enemies":"Colosseum Nobs","floor":19.0,"turns":7.0},{"damage":12.0,"enemies":"Shell Parasite","floor":21.0,"turns":5.0},{"damage":6.0,"enemies":"Centurion and Healer","floor":22.0,"turns":9.0},{"damage":9.0,"enemies":"Slavers","floor":24.0,"turns":10.0},{"damage":6.0,"enemies":"Gremlin Leader","floor":28.0,"turns":4.0},{"damage":10.0,"enemies":"Slavers","floor":30.0,"turns":7.0},{"damage":0.0,"enemies":"Snecko","floor":31.0,"turns":5.0},{"damage":0.0,"enemies":"Champ","floor":33.0,"turns":11.0},{"damage":23.0,"enemies":"3 Darklings","floor":35.0,"turns":7.0},{"damage":31.0,"enemies":"Reptomancer","floor":41.0,"turns":6.0},{"damage":11.0,"enemies":"Giant Head","floor":45.0,"turns":8.0},{"damage":0.0,"enemies":"Orb Walker","floor":47.0,"turns":1.0},{"damage":0.0,"enemies":"Writhing Mass","floor":48.0,"turns":4.0},{"damage":18.0,"enemies":"Time Eater","floor":50.0,"turns":8.0},{"damage":17.0,"enemies":"Awakened One","floor":51.0,"turns":23.0},{"damage":28.0,"enemies":"Shield and Spear","floor":55.0,"turns":9.0},{"damage":77,"enemies":"The Heart","floor":56,"turns":9}],"seed_played":"-4492481545333046115","potions_obtained":[{"floor":3.0,"key":"PowerPotion"},{"floor":5.0,"key":"SteroidPotion"},{"floor":8.0,"key":"Strength Potion"},{"floor":11.0,"key":"Block Potion"},{"floor":13.0,"key":"Regen Potion"},{"floor":18.0,"key":"FearPotion"}],"is_trial":false,"path_per_floor":["M","M","M","M","M","R","E","M","T","R","E","R","M","?","R","B",null,"M","?","$","M","M","R","E","R","T","?","E","R","E","M","R","B",null,"M","?","T","?","$","R","E","R","T","?","E","R","M","M","R","B","B",null,"R","$","E","B"],"character_chosen":"THE_SILENT","items_purchased":["Torii","Snake Skull","Deadly Poison","Bronze Scales","Noxious Fumes"],"campfire_rested":0,"item_purchase_floors":[20,20,20,39,54],"current_hp_per_floor":[56,54,54,46,36,36,35,32,32,32,15,15,15,15,15,6,51,60,39,39,39,45,45,36,36,36,36,42,42,44,44,44,59,64,41,41,41,41,41,41,22,22,22,22,23,23,35,35,35,29,24,56,56,56,40,0],"gold":35,"neow_bonus":"TRANSFORM_CARD","is_prod":false,"is_daily":false,"chose_seed":false,"campfire_upgraded":12,"win_rate":0,"timestamp":1553173051,"path_taken":["M","M","M","M","M","R","E","M","T","R","E","R","M","?","R","BOSS","M","?","$","M","M","R","E","R","T","?","E","R","E","M","R","BOSS","M","?","?","?","$","R","E","R","T","?","E","R","M","M","R","BOSS","BOSS","R","$","E","BOSS"],"build_version":"2019-01-23","purchased_purges":1,"victory":false,"max_hp_per_floor":[66,66,66,66,66,66,66,66,66,66,66,66,66,66,66,66,66,66,66,66,66,66,66,66,66,66,66,66,66,66,66,66,66,66,66,66,66,66,66,66,66,66,66,66,66,66,66,66,66,66,66,66,66,66,66,66],"card_choices":[{"not_picked":["Slice","Sucker Punch"],"picked":"Deadly Poison","floor":1.0},{"not_picked":["Accuracy","Finisher"],"picked":"Terror","floor":2.0},{"not_picked":["Blade Dance","Flying Knee"],"picked":"Deadly Poison","floor":3.0},{"not_picked":["Expertise","Distraction"],"picked":"Bane","floor":4.0},{"not_picked":["Prepared","All Out Attack","Acrobatics"],"picked":"SKIP","floor":5.0},{"not_picked":["Dagger Throw","PiercingWail"],"picked":"Bane","floor":7.0},{"not_picked":["Bane","Flechettes","Tools of the Trade"],"picked":"SKIP","floor":8.0},{"not_picked":["Blade Dance","Dagger Spray"],"picked":"Dodge and Roll","floor":11.0},{"not_picked":["Sucker Punch","Dagger Spray"],"picked":"Backflip","floor":13.0},{"not_picked":["Night Terror","A Thousand Cuts"],"picked":"Burst","floor":16.0},{"not_picked":["Blade Dance","Cloak And Dagger"],"picked":"Dodge and Roll","floor":18.0},{"not_picked":["Predator","Quick Slash"],"picked":"Blur","floor":19.0},{"not_picked":["Terror+1","All Out Attack"],"picked":"Dodge and Roll","floor":21.0},{"not_picked":["Blade Dance","Underhanded Strike","Skewer"],"picked":"SKIP","floor":22.0},{"not_picked":["Corpse Explosion","Choke"],"picked":"Catalyst+1","floor":24.0},{"not_picked":["Blade Dance","Terror","All Out Attack"],"picked":"SKIP","floor":28.0},{"not_picked":["Flying Knee+1","Underhanded Strike"],"picked":"Deflect","floor":30.0},{"not_picked":["Bane+1","Sucker Punch","Quick Slash"],"picked":"SKIP","floor":31.0},{"not_picked":["Doppelganger","Night Terror"],"picked":"After Image","floor":33.0},{"not_picked":["Sucker Punch","Dagger Spray","Endless Agony+1"],"picked":"SKIP","floor":35.0},{"not_picked":["Sucker Punch","Dagger Spray","Endless Agony+1"],"picked":"SKIP","floor":35.0},{"not_picked":["Well Laid Plans","Acrobatics"],"picked":"Leg Sweep+1","floor":41.0},{"not_picked":["Masterful Stab+1","Flechettes","Accuracy"],"picked":"SKIP","floor":45.0},{"not_picked":["Poisoned Stab","Backstab"],"picked":"Escape Plan","floor":47.0},{"not_picked":["Sucker Punch+1","Dagger Spray"],"picked":"Escape Plan+1","floor":48.0},{"not_picked":["Glass Knife","Distraction","Expertise"],"picked":"SKIP","floor":55.0}],"player_experience":885601,"relics_obtained":[{"floor":7.0,"key":"Incense Burner"},{"floor":9.0,"key":"Bottled Lightning"},{"floor":11.0,"key":"MawBank"},{"floor":19.0,"key":"Thread and Needle"},{"floor":19.0,"key":"Meat on the Bone"},{"floor":24.0,"key":"Ninja Scroll"},{"floor":26.0,"key":"Sundial"},{"floor":28.0,"key":"Blue Candle"},{"floor":30.0,"key":"Ancient Tea Set"},{"floor":41.0,"key":"Bag of Preparation"},{"floor":43.0,"key":"Bottled Flame"},{"floor":45.0,"key":"Lantern"},{"floor":55.0,"key":"Calipers"}],"event_choices":[{"damage_healed":0.0,"max_hp_gain":0.0,"max_hp_loss":0.0,"gold_gain":0.0,"cards_transformed":["Strike_G"],"event_name":"Transmorgrifier","player_choice":"Transformed","floor":14.0,"gold_loss":0.0,"damage_taken":0.0,"cards_obtained":["Venomology"]},{"damage_healed":0.0,"max_hp_gain":0.0,"max_hp_loss":0.0,"gold_gain":0.0,"event_name":"Colosseum","player_choice":"Fight","floor":19.0,"gold_loss":0.0,"damage_taken":0.0},{"damage_healed":0.0,"max_hp_gain":0.0,"max_hp_loss":0.0,"gold_gain":0.0,"event_name":"Colosseum","player_choice":"Fought Nobs","floor":19.0,"gold_loss":0.0,"damage_taken":0.0},{"damage_healed":0.0,"max_hp_gain":0.0,"max_hp_loss":0.0,"gold_gain":0.0,"event_name":"Cursed Tome","player_choice":"Ignored","floor":27.0,"gold_loss":0.0,"damage_taken":0.0},{"damage_healed":0.0,"max_hp_gain":0.0,"max_hp_loss":0.0,"gold_gain":0.0,"event_name":"Tomb of Lord Red Mask","player_choice":"Ignored","floor":36.0,"gold_loss":0.0,"damage_taken":0.0},{"cards_removed":["Bane"],"damage_healed":0.0,"max_hp_gain":0.0,"max_hp_loss":0.0,"gold_gain":0.0,"event_name":"Falling","player_choice":"Removed Attack","floor":38.0,"gold_loss":0.0,"damage_taken":0.0},{"damage_healed":0.0,"max_hp_gain":0.0,"max_hp_loss":0.0,"gold_gain":0.0,"event_name":"Accursed Blacksmith","player_choice":"Forge","floor":44.0,"gold_loss":0.0,"damage_taken":0.0,"cards_upgraded":["Backflip"]}],"is_beta":false,"boss_relics":[{"not_picked":["Coffee Dripper","Runic Dome"],"picked":"Lizard Tail"},{"not_picked":["Tiny House","WristBlade"],"picked":"Sozu"}],"items_purged_floors":[54],"is_endless":false,"potions_floor_spawned":[3,5,8,11,13,16,18,22,30,31,41,55],"killed_by":"The Heart","ascension_level":20}