{"gold_per_floor":[115,95,115,134,144,171,182,213,240,110,110,137,148,158,158,158],"floor_reached":16,"playtime":995,"items_purged":["Strike_G"],"score":167,"play_id":"c4178431-fd61-411b-8d5d-82cd94d1877a","local_time":"20190501155639","is_ascension_mode":true,"campfire_choices":[{"floor":11,"key":"REST"},{"floor":15,"key":"REST"}],"neow_cost":"NONE","seed_source_timestamp":698273668761560,"circlet_count":0,"master_deck":["Defend_G","Defend_G","Defend_G","Defend_G","Defend_G","Strike_G","Strike_G","Strike_G","Strike_G","Survivor","Neutralize","Cloak And Dagger","Deadly Poison","Storm of Steel","Bouncing Flask","Burst","Footwork","Blur","Poisoned Stab","All Out Attack"],"relics":["Ring of the Snake","Tingsha","Blood Vial","Smiling Mask","Pen Nib"],"potions_floor_usage":[6,6,8,12,16],"damage_taken":[{"damage":0,"enemies":"Small Slimes","floor":1,"turns":3},{"damage":0,"enemies":"Cultist","floor":3,"turns":4},{"damage":0,"enemies":"2 Louse","floor":4,"turns":3},{"damage":3,"enemies":"Looter","floor":5,"turns":3},{"damage":31,"enemies":"Lagavulin","floor":6,"turns":6},{"damage":23,"enemies":"Exordium Thugs","floor":7,"turns":5},{"damage":12,"enemies":"3 Sentries","floor":8,"turns":8},{"damage":18,"enemies":"Lagavulin","floor":12,"turns":7},{"damage":0,"enemies":"2 Fungi Beasts","floor":13,"turns":3},{"damage":1,"enemies":"Blue Slaver","floor":14,"turns":3},{"damage":43,"enemies":"Slime Boss","floor":16,"turns":11}],"seed_played":"-1163822296916963333","potions_obtained":[{"floor":1,"key":"SkillPotion"},{"floor":2,"key":"Strength Potion"},{"floor":5,"key":"Fire Potion"},{"floor":7,"key":"Ancient Potion"},{"floor":8,"key":"Block Potion"},{"floor":13,"key":"LiquidBronze"}],"is_trial":false,"path_per_floor":["M","?","M","M","M","E","M","E","T","$","R","E","M","M","R","B"],"character_chosen":"THE_SILENT","items_purchased":["Footwork"],"campfire_rested":2,"item_purchase_floors":[10],"current_hp_per_floor":[70,70,70,70,67,36,13,1,1,1,24,8,10,11,34,0],"gold":158,"neow_bonus":"TEN_PERCENT_HP_BONUS","is_prod":false,"is_daily":false,"chose_seed":false,"campfire_upgraded":0,"win_rate":0,"timestamp":1556722599,"path_taken":["M","?","M","?","M","E","M","E","T","$","R","E","M","M","R","BOSS"],"build_version":"2019-01-23","purchased_purges":1,"victory":false,"max_hp_per_floor":[77,77,77,77,77,77,77,77,77,77,77,77,77,77,77,77],"card_choices":[{"not_picked":["Deadly Poison","Blade Dance"],"picked":"Cloak And Dagger","floor":1},{"not_picked":["Dagger Spray","Deflect","Bane"],"picked":"SKIP","floor":3},{"not_picked":["Dodge and Roll","Outmaneuver"],"picked":"Deadly Poison","floor":4},{"not_picked":["Escape Plan","Slice"],"picked":"Storm of Steel","floor":5},{"not_picked":["Skewer","Choke","Outmaneuver"],"picked":"SKIP","floor":6},{"not_picked":["Catalyst","Well Laid Plans"],"picked":"Bouncing Flask","floor":7},{"not_picked":["Outmaneuver","Caltrops"],"picked":"Burst","floor":8},{"not_picked":["Choke","Cloak And Dagger"],"picked":"Blur","floor":12},{"not_picked":["Sucker Punch","Deflect"],"picked":"Poisoned Stab","floor":13},{"not_picked":["Backstab","Dagger Spray"],"picked":"All Out Attack","floor":14}],"player_experience":573081,"relics_obtained":[{"floor":6,"key":"Tingsha"},{"floor":8,"key":"Blood Vial"},{"floor":9,"key":"Smiling Mask"},{"floor":12,"key":"Pen Nib"}],"event_choices":[{"damage_healed":0,"gold_gain":0,"player_choice":"Bought 1 Potion","damage_taken":0,"max_hp_gain":0,"max_hp_loss":0,"event_name":"The Woman in Blue","floor":2,"gold_loss":0}],"is_beta":false,"boss_relics":[],"items_purged_floors":[10],"is_endless":false,"potions_floor_spawned":[1,5,7,8,13],"killed_by":"Slime Boss","ascension_level":7}