{"gold_per_floor":[116,136,146,157,157,183,183,216,216,229,229,241,241,253,253,253],"floor_reached":16,"playtime":525,"items_purged":[],"score":228,"play_id":"53881df5-8016-4bf2-bee2-f3b47a358537","local_time":"20190410080618","is_ascension_mode":true,"campfire_choices":[{"data":"Darkness","floor":7.0,"key":"SMITH"},{"floor":13.0,"key":"REST"},{"data":"Zap","floor":15.0,"key":"SMITH"}],"neow_cost":"NONE","seed_source_timestamp":32976228599489,"circlet_count":0,"master_deck":["AscendersBane","Strike_B","Strike_B","Strike_B","Strike_B","Defend_B","Defend_B","Defend_B","Defend_B","Zap+1","Dualcast","Darkness+1","Streamline","Genetic Algorithm","Steam","Stack","FTL","Go for the Eyes","Parasite","Rip and Tear","Glacier"],"special_seed":0,"relics":["Cracked Core","NeowsBlessing","Boot","Ornamental Fan"],"potions_floor_usage":[],"damage_taken":[{"damage":0.0,"enemies":"2 Louse","floor":1.0,"turns":1.0},{"damage":0.0,"enemies":"Jaw Worm","floor":2.0,"turns":1.0},{"damage":0.0,"enemies":"Small Slimes","floor":3.0,"turns":1.0},{"damage":7.0,"enemies":"2 Fungi Beasts","floor":4.0,"turns":4.0},{"damage":19.0,"enemies":"Lagavulin","floor":6.0,"turns":7.0},{"damage":41.0,"enemies":"Gremlin Nob","floor":8.0,"turns":4.0},{"damage":9.0,"enemies":"Red Slaver","floor":10.0,"turns":5.0},{"damage":7.0,"enemies":"Blue Slaver","floor":12.0,"turns":3.0},{"damage":11.0,"enemies":"Exordium Thugs","floor":14.0,"turns":4.0},{"damage":0,"enemies":"Slime Boss","floor":16,"turns":1}],"seed_played":"8544754446777336101","potions_obtained":[{"floor":2.0,"key":"Regen Potion"},{"floor":3.0,"key":"FairyPotion"},{"floor":8.0,"key":"Explosive Potion"},{"floor":14.0,"key":"SteroidPotion"}],"is_trial":false,"path_per_floor":["M","M","M","M","?","E","R","E","T","M","?","M","R","M","R","B"],"character_chosen":"DEFECT","items_purchased":[],"campfire_rested":1,"item_purchase_floors":[],"current_hp_per_floor":[64,64,64,57,57,53,53,12,12,3,20,13,34,23,23,23],"gold":253,"neow_bonus":"THREE_ENEMY_KILL","is_prod":false,"is_daily":false,"chose_seed":false,"campfire_upgraded":2,"win_rate":0,"timestamp":1554901578,"path_taken":["M","M","M","M","?","E","R","E","T","M","?","M","R","M","R","BOSS"],"build_version":"2019-01-23","purchased_purges":0,"victory":false,"max_hp_per_floor":[71,71,71,71,71,71,71,71,71,71,71,71,71,71,71,71],"card_choices":[{"not_picked":["Redo","Steam"],"picked":"Darkness","floor":1.0},{"not_picked":["Coolheaded","Conserve Battery"],"picked":"Streamline","floor":2.0},{"not_picked":["Chill","Heatsinks"],"picked":"Genetic Algorithm","floor":3.0},{"not_picked":["Compile Driver","Sweeping Beam"],"picked":"Steam","floor":4.0},{"not_picked":["Gash","Hologram"],"picked":"Stack","floor":6.0},{"not_picked":["Consume","Gash"],"picked":"FTL","floor":8.0},{"not_picked":["Meteor Strike","Chaos"],"picked":"Go for the Eyes","floor":10.0},{"not_picked":["Auto Shields","Conserve Battery"],"picked":"Rip and Tear","floor":12.0},{"not_picked":["Rebound","Ball Lightning"],"picked":"Glacier","floor":14.0}],"player_experience":1016208,"relics_obtained":[{"floor":6.0,"key":"Boot"},{"floor":8.0,"key":"Ornamental Fan"}],"event_choices":[{"damage_healed":0.0,"max_hp_gain":0.0,"max_hp_loss":0.0,"gold_gain":0.0,"event_name":"Liars Game","player_choice":"Ignored","floor":5.0,"gold_loss":0.0,"damage_taken":0.0},{"damage_healed":17.0,"max_hp_gain":0.0,"max_hp_loss":0.0,"gold_gain":0.0,"event_name":"Mushrooms","player_choice":"Healed and dodged fight","floor":11.0,"gold_loss":0.0,"damage_taken":0.0,"cards_obtained":["Parasite"]}],"is_beta":false,"boss_relics":[],"items_purged_floors":[],"is_endless":false,"potions_floor_spawned":[2,3,8,10,14],"killed_by":"Slime Boss","ascension_level":20}