{"gold_per_floor":[109,124,139,100,119,119,119,146,146,179,179,191,208,208,208,307,307,323,323,335,535,535],"floor_reached":22,"playtime":898,"items_purged":[],"score":245,"play_id":"19b17e59-8111-4261-9716-e4b34001bca8","local_time":"20180904144405","is_ascension_mode":true,"campfire_choices":[{"data":"Dagger Spray","floor":6.0,"key":"SMITH"},{"floor":11.0,"key":"REST"},{"floor":15.0,"key":"REST"}],"neow_cost":"NONE","seed_source_timestamp":686275941870329,"circlet_count":0,"master_deck":["Defend_G","Defend_G","Defend_G","Defend_G","Defend_G","Strike_G","Strike_G","Strike_G","Strike_G","Strike_G","Survivor","Neutralize","Dagger Spray+1","Poisoned Stab","Backflip","Bouncing Flask","Crippling Poison","Writhe","Catalyst","Bane","Bullet Time","Leg Sweep"],"special_seed":0,"relics":["Cursed Key","The Specimen","Singing Bowl","Ninja Scroll","Eternal Feather"],"potions_floor_usage":[20,20],"damage_taken":[{"damage":1.0,"enemies":"Small Slimes","floor":1.0,"turns":4.0},{"damage":6.0,"enemies":"Jaw Worm","floor":2.0,"turns":5.0},{"damage":0.0,"enemies":"2 Louse","floor":3.0,"turns":2.0},{"damage":14.0,"enemies":"Large Slime","floor":5.0,"turns":7.0},{"damage":25.0,"enemies":"Gremlin Nob","floor":8.0,"turns":4.0},{"damage":13.0,"enemies":"3 Sentries","floor":10.0,"turns":6.0},{"damage":10.0,"enemies":"Exordium Thugs","floor":12.0,"turns":3.0},{"damage":4.0,"enemies":"Blue Slaver","floor":13.0,"turns":3.0},{"damage":55.0,"enemies":"Slime Boss","floor":16.0,"turns":12.0},{"damage":19.0,"enemies":"Shell Parasite","floor":18.0,"turns":4.0},{"damage":23,"enemies":"2 Thieves","floor":20,"turns":3},{"damage":4,"enemies":"Shelled Parasite and Fungi","floor":22,"turns":1}],"seed_played":"-7599143471620691041","potions_obtained":[{"floor":3.0,"key":"FearPotion"},{"floor":10.0,"key":"FairyPotion"},{"floor":13.0,"key":"Energy Potion"},{"floor":18.0,"key":"FearPotion"}],"is_trial":false,"path_per_floor":["M","M","M","?","M","R","?","E","T","E","R","M","M","?","R","B",null,"M","?","M","?"],"character_chosen":"THE_SILENT","items_purchased":[],"campfire_rested":2,"item_purchase_floors":[],"current_hp_per_floor":[69,63,63,63,49,49,49,24,24,13,34,24,20,20,41,3,55,38,24,1,1,0],"gold":535,"neow_bonus":"BOSS_RELIC","is_prod":false,"is_daily":false,"chose_seed":false,"campfire_upgraded":1,"win_rate":0,"timestamp":1536086645,"path_taken":["M","M","M","?","M","R","?","E","T","E","R","M","M","?","R","BOSS","M","?","?","?","M"],"build_version":"2018-08-30","purchased_purges":0,"victory":false,"max_hp_per_floor":[70,70,70,70,70,70,70,70,70,72,72,72,72,72,72,72,72,74,79,79,79,79],"card_choices":[{"not_picked":["All Out Attack","Quick Slash"],"picked":"Dagger Spray","floor":1.0},{"not_picked":["Dagger Throw","Backstab"],"picked":"Poisoned Stab","floor":2.0},{"not_picked":["Setup","Acrobatics"],"picked":"Backflip","floor":3.0},{"not_picked":["Skewer","Backflip"],"picked":"Bouncing Flask","floor":5.0},{"not_picked":["Cloak And Dagger","Sucker Punch"],"picked":"Crippling Poison","floor":8.0},{"not_picked":["Backflip","Venomology","Dagger Throw"],"picked":"Singing Bowl","floor":10.0},{"not_picked":["Dagger Throw","Acrobatics"],"picked":"Catalyst","floor":12.0},{"not_picked":["Endless Agony","Cloak And Dagger"],"picked":"Bane","floor":13.0},{"not_picked":["Grand Finale","Venomology"],"picked":"Bullet Time","floor":16.0},{"not_picked":["Slice","Underhanded Strike","Acrobatics"],"picked":"Singing Bowl","floor":18.0},{"not_picked":["Prepared","Sucker Punch"],"picked":"Leg Sweep","floor":20}],"player_experience":232297,"relics_obtained":[{"floor":8.0,"key":"The Specimen"},{"floor":9.0,"key":"Singing Bowl"},{"floor":10.0,"key":"Ninja Scroll"}],"event_choices":[{"event_name":"World of Goop","player_choice":"Left","floor":4.0,"damage_taken":0.0},{"event_name":"Liars Game","player_choice":"disagreed","floor":7.0,"damage_taken":0.0},{"event_name":"Golden Idol","player_choice":"Ignored","floor":14.0,"damage_taken":0.0},{"event_name":"Forgotten Altar","player_choice":"Shed Blood","floor":19.0,"damage_taken":0.0},{"event_name":"The Joust","player_choice":"Bet on Owner","floor":21,"damage_taken":0}],"is_beta":false,"boss_relics":[{"not_picked":["Velvet Choker","Runic Dome"],"picked":"Eternal Feather"}],"items_purged_floors":[],"is_endless":false,"potions_floor_spawned":[3,10,13,18],"killed_by":"Shelled Parasite and Fungi","ascension_level":5}