{"gold_per_floor":[114,124,137,113,128,159,234,234,234,251,251,201,72,89,89,189,189,200,213,51,51,51],"floor_reached":22,"playtime":699,"items_purged":["Strike_G"],"score":186,"play_id":"387a7772-2444-4d0f-843d-85563184e148","local_time":"20190306174019","is_ascension_mode":false,"campfire_choices":[{"data":"Noxious Fumes","floor":8,"key":"SMITH"},{"data":"Neutralize","floor":11,"key":"SMITH"},{"floor":15,"key":"REST"}],"neow_cost":"NONE","seed_source_timestamp":339332737961345,"circlet_count":0,"master_deck":["Defend_G","Defend_G","Defend_G","Defend_G","Defend_G","Strike_G","Strike_G","Strike_G","Survivor","Neutralize+1","Deadly Poison","Dagger Spray","Dash","Poisoned Stab","Deadly Poison","Noxious Fumes+1","Flying Knee","Dodge and Roll","PiercingWail","Envenom","Bane","Die Die Die"],"relics":["WristBlade"],"potions_floor_usage":[6,21,21],"damage_taken":[{"damage":1,"enemies":"Cultist","floor":1,"turns":4},{"damage":3,"enemies":"Jaw Worm","floor":2,"turns":3},{"damage":4,"enemies":"2 Louse","floor":3,"turns":2},{"damage":2,"enemies":"Blue Slaver","floor":5,"turns":4},{"damage":20,"enemies":"Lagavulin","floor":6,"turns":6},{"damage":0,"enemies":"Looter","floor":10,"turns":3},{"damage":8,"enemies":"Red Slaver","floor":14,"turns":3},{"damage":42,"enemies":"The Guardian","floor":16,"turns":9},{"damage":18,"enemies":"Spheric Guardian","floor":18,"turns":6},{"damage":16,"enemies":"3 Byrds","floor":19,"turns":6},{"damage":33,"enemies":"Colosseum Slavers","floor":21,"turns":4},{"damage":9,"enemies":"Centurion and Healer","floor":22,"turns":2}],"seed_played":"-4013590629413273907","potions_obtained":[{"floor":1,"key":"Regen Potion"},{"floor":3,"key":"Swift Potion"},{"floor":5,"key":"LiquidBronze"},{"floor":16,"key":"Ancient Potion"}],"is_trial":false,"path_per_floor":["M","M","M","$","M","E","?","R","T","M","R","?","$","M","R","B",null,"M","M","$","?","M"],"character_chosen":"THE_SILENT","items_purchased":["Poisoned Stab","Dodge and Roll","Die Die Die"],"campfire_rested":1,"item_purchase_floors":[4,13,20],"current_hp_per_floor":[69,66,62,62,60,55,44,44,44,44,44,44,44,36,57,15,70,52,36,36,3,0],"gold":51,"neow_bonus":"BOSS_RELIC","is_prod":false,"is_daily":false,"chose_seed":false,"campfire_upgraded":2,"win_rate":0,"timestamp":1551894019,"path_taken":["M","M","M","$","?","E","?","R","T","M","R","?","?","M","R","BOSS","M","M","$","?","M"],"build_version":"2019-01-23","purchased_purges":1,"victory":false,"max_hp_per_floor":[70,70,70,70,70,70,70,70,70,70,70,70,70,70,70,70,70,70,70,70,70,70],"card_choices":[{"not_picked":["Skewer","Underhanded Strike"],"picked":"Deadly Poison","floor":1},{"not_picked":["Finisher","Setup"],"picked":"Dagger Spray","floor":2},{"not_picked":["Reflex","Underhanded Strike"],"picked":"Dash","floor":3},{"not_picked":["Slice","Predator"],"picked":"Deadly Poison","floor":5},{"not_picked":["Masterful Stab","Backflip"],"picked":"Noxious Fumes","floor":6},{"not_picked":["Underhanded Strike","Sucker Punch"],"picked":"Flying Knee","floor":10},{"not_picked":["Dodge and Roll","Unload"],"picked":"PiercingWail","floor":14},{"not_picked":["Adrenaline","Phantasmal Killer"],"picked":"Envenom","floor":16},{"not_picked":["Riddle With Holes","Endless Agony"],"picked":"Bane","floor":18}],"player_experience":334095,"relics_obtained":[],"event_choices":[{"damage_healed":0,"gold_gain":75,"player_choice":"Gather Gold","damage_taken":11,"max_hp_gain":0,"max_hp_loss":0,"event_name":"World of Goop","floor":7,"gold_loss":0},{"cards_removed":["Strike_G"],"damage_healed":0,"gold_gain":0,"player_choice":"Card Removal","damage_taken":0,"max_hp_gain":0,"max_hp_loss":0,"event_name":"The Cleric","floor":12,"gold_loss":50},{"damage_healed":0,"gold_gain":0,"player_choice":"Fight","damage_taken":0,"max_hp_gain":0,"max_hp_loss":0,"event_name":"Colosseum","floor":21,"gold_loss":0},{"damage_healed":0,"gold_gain":0,"player_choice":"Fled From Nobs","damage_taken":0,"max_hp_gain":0,"max_hp_loss":0,"event_name":"Colosseum","floor":21,"gold_loss":0}],"is_beta":false,"boss_relics":[{"not_picked":["Tiny House","Cursed Key","Velvet Choker"]}],"items_purged_floors":[13],"is_endless":false,"potions_floor_spawned":[1,3,5,16,19,21],"killed_by":"Centurion and Healer","ascension_level":0}