{"gold_per_floor":[215,55,69,84,102,102,121,121,121,151,151,161,174,203,203,300,300,315,315,335,349,624,636,636,655,655,667,582,582,582,6,6,6],"floor_reached":33,"playtime":1338,"items_purged":[],"score":289,"play_id":"9251081d-f0e4-4957-abe6-9a4da6656260","local_time":"20180827191601","is_ascension_mode":true,"campfire_choices":[{"data":"Heavy Blade","floor":6,"key":"SMITH"},{"data":"Inflame","floor":8,"key":"SMITH"},{"floor":11,"key":"REST"},{"floor":15,"key":"REST"},{"floor":24,"key":"REST"},{"floor":29,"key":"REST"},{"floor":32,"key":"REST"}],"neow_cost":"NONE","seed_source_timestamp":734837693317373,"circlet_count":0,"master_deck":["Strike_R","Strike_R","Strike_R","Strike_R","Strike_R","Defend_R","Defend_R","Defend_R","Defend_R","Bash","Heavy Blade+1","Inflame+1","Disarm","Twin Strike","Flex","Perfected Strike","Perfected Strike","Bludgeon","Seeing Red","Cleave","Body Slam","Barricade","Sword Boomerang","Infernal Blade+1","Armaments+1","Regret","Wild Strike","Heavy Blade+1","Seeing Red","Madness","Havoc"],"relics":["Burning Blood","Turnip","Self Forming Clay","Odd Mushroom","Sozu","Gambling Chip","Anchor","Mummified Hand","Bag of Marbles","Sundial","Red Skull"],"potions_floor_usage":[10,16,16],"damage_taken":[{"damage":1,"enemies":"Cultist","floor":1,"turns":3},{"damage":5,"enemies":"Jaw Worm","floor":3,"turns":4},{"damage":0,"enemies":"Small Slimes","floor":4,"turns":3},{"damage":9,"enemies":"2 Fungi Beasts","floor":5,"turns":4},{"damage":11,"enemies":"Blue Slaver","floor":7,"turns":3},{"damage":39,"enemies":"Lagavulin","floor":10,"turns":6},{"damage":7,"enemies":"Red Slaver","floor":12,"turns":3},{"damage":24,"enemies":"Gremlin Gang","floor":13,"turns":4},{"damage":7,"enemies":"The Mushroom Lair","floor":14,"turns":3},{"damage":38,"enemies":"The Guardian","floor":16,"turns":10},{"damage":39,"enemies":"3 Byrds","floor":18,"turns":5},{"damage":7,"enemies":"Chosen","floor":20,"turns":4},{"damage":28,"enemies":"Shelled Parasite and Fungi","floor":21,"turns":4},{"damage":15,"enemies":"Cultist and Chosen","floor":23,"turns":6},{"damage":5,"enemies":"Snake Plant","floor":25,"turns":4},{"damage":8,"enemies":"Shelled Parasite and Fungi","floor":27,"turns":3},{"damage":86,"enemies":"Collector","floor":33,"turns":7}],"seed_played":"2682343185836123855","potions_obtained":[{"floor":3,"key":"Block Potion"},{"floor":4,"key":"Dexterity Potion"},{"floor":10,"key":"GamblersBrew"},{"floor":14,"key":"Swift Potion"}],"is_trial":false,"path_per_floor":["M","$","M","M","M","R","M","R","T","E","R","M","M","?","R","B",null,"M","?","M","M","?","M","R","M","T","M","?","R","T","$","R"],"character_chosen":"IRONCLAD","items_purchased":["Inflame","Disarm","Madness","Sundial","Red Skull","Havoc"],"campfire_rested":5,"item_purchase_floors":[2,2,31,31,31,31],"current_hp_per_floor":[80,80,80,80,77,77,72,72,72,39,63,62,44,43,67,35,80,47,47,46,24,24,15,39,40,40,38,38,62,62,62,80,0],"gold":6,"neow_bonus":"HUNDRED_GOLD","is_prod":false,"is_daily":false,"chose_seed":false,"campfire_upgraded":2,"win_rate":0,"timestamp":1535390161,"path_taken":["M","$","M","?","M","R","M","R","T","E","R","M","M","?","R","BOSS","M","?","?","M","?","M","R","M","T","M","?","R","?","$","R","BOSS"],"build_version":"2018-08-23v2","purchased_purges":0,"victory":false,"max_hp_per_floor":[80,80,80,80,80,80,80,80,80,80,80,80,80,80,80,80,80,80,80,80,80,80,80,80,80,80,80,80,80,80,80,80,80],"card_choices":[{"not_picked":["Thunderclap","Havoc"],"picked":"Heavy Blade","floor":1},{"not_picked":["Blood for Blood","Rampage"],"picked":"Twin Strike","floor":3},{"not_picked":["Twin Strike","Body Slam"],"picked":"Flex","floor":4},{"not_picked":["Shrug It Off","Pommel Strike"],"picked":"Perfected Strike","floor":5},{"not_picked":["Seeing Red","Havoc"],"picked":"Perfected Strike","floor":7},{"not_picked":["Wild Strike","Perfected Strike"],"picked":"Bludgeon","floor":10},{"not_picked":["Anger","Wild Strike"],"picked":"Seeing Red","floor":12},{"not_picked":["Shockwave","Havoc"],"picked":"Cleave","floor":13},{"not_picked":["Hemokinesis","Dual Wield"],"picked":"Body Slam","floor":14},{"not_picked":["Limit Break","Bludgeon"],"picked":"Barricade","floor":16},{"not_picked":["Whirlwind","Anger"],"picked":"Sword Boomerang","floor":18},{"not_picked":["Dropkick","Anger+1"],"picked":"Infernal Blade+1","floor":20},{"not_picked":["Dark Embrace","Battle Trance"],"picked":"Armaments+1","floor":21},{"not_picked":["Sever Soul","Dual Wield"],"picked":"Wild Strike","floor":23},{"not_picked":["Thunderclap+1","Headbutt"],"picked":"Heavy Blade+1","floor":25},{"not_picked":["Warcry","Heavy Blade"],"picked":"Seeing Red","floor":27}],"player_experience":208237,"relics_obtained":[{"floor":9,"key":"Turnip"},{"floor":10,"key":"Self Forming Clay"},{"floor":14,"key":"Odd Mushroom"},{"floor":26,"key":"Anchor"},{"floor":30,"key":"Bag of Marbles"}],"event_choices":[{"event_name":"Mushrooms","player_choice":"Fought Mushrooms","floor":14,"damage_taken":0},{"event_name":"WeMeetAgain","player_choice":"Potion","floor":19,"damage_taken":0},{"event_name":"Golden Shrine","player_choice":"Desecrate","floor":22,"damage_taken":0},{"event_name":"Addict","player_choice":"Obtained Relic","floor":28,"damage_taken":0}],"is_beta":false,"boss_relics":[{"not_picked":["Empty Cage","Black Star"],"picked":"Sozu"}],"items_purged_floors":[],"is_endless":false,"potions_floor_spawned":[3,4,10,14,21,23],"killed_by":"Collector","ascension_level":3}