{"gold_per_floor":[117,133,208,208,228,241,271,294,320,335,360,371,396,3,3,100,100,115,127,42,54,54,82,82,114,164,189,189,205,225,240,240,345,345,361,361,361,379,379,379,408,60,60,104,132,174,186,218,230,242],"floor_reached":51,"playtime":2721,"items_purged":[],"score":1139,"play_id":"2d44c2f6-1b35-44de-9c0f-6361697dc8e9","local_time":"20180721172745","is_ascension_mode":true,"campfire_choices":[{"floor":15.0,"key":"REST"},{"data":"Bouncing Flask","floor":24.0,"key":"SMITH"},{"floor":28.0,"key":"REST"},{"data":"Terror","floor":32.0,"key":"SMITH"},{"data":"Poisoned Stab","floor":40,"key":"SMITH"},{"data":"Backstab","floor":47,"key":"SMITH"},{"floor":49,"key":"REST"}],"neow_cost":"NONE","seed_source_timestamp":233423885239558,"circlet_count":0,"master_deck":["Defend_G+1","Defend_G+1","Defend_G+1","Defend_G+1","Defend_G+1","Strike_G+1","Survivor+1","Neutralize","Backstab+1","PiercingWail","Cloak And Dagger+1","All Out Attack","Backstab","Dagger Throw","Dagger Spray","Bouncing Flask+1","Bane","Deadly Poison","Bullet Time","Concentrate+1","Underhanded Strike+1","Setup+1","Cloak And Dagger","Dagger Spray","Catalyst+1","PiercingWail+1","Noxious Fumes+1","Deadly Poison+1","Terror+1","Night Terror+1","Parasite","Writhe","Injury","Poisoned Stab+1","Poisoned Stab+1","Crippling Poison+1","Cloak And Dagger+1","Backflip+1"],"special_seed":0,"relics":["Ring of the Snake","Ancient Tea Set","Lantern","Boot","Bronze Scales","Vajra","Regal Pillow","Tiny Chest","Bottled Flame","Astrolabe","Bag of Marbles","Happy Flower","Matryoshka","Bag of Preparation","Pen Nib","Anchor","Calling Bell","Snake Skull","Letter Opener","Tough Bandages","War Paint","Du-Vu Doll","Mango","Blood Vial","OrangePellets","MawBank","Art of War","Singing Bowl"],"potions_floor_usage":[50,50],"damage_taken":[{"damage":2.0,"enemies":"Small Slimes","floor":1.0,"turns":6.0},{"damage":0.0,"enemies":"2 Louse","floor":2.0,"turns":2.0},{"damage":0.0,"enemies":"Cultist","floor":5.0,"turns":4.0},{"damage":1.0,"enemies":"3 Louse","floor":6.0,"turns":6.0},{"damage":14.0,"enemies":"3 Sentries","floor":7.0,"turns":9.0},{"damage":0.0,"enemies":"Gremlin Gang","floor":10.0,"turns":3.0},{"damage":6.0,"enemies":"Gremlin Nob","floor":11.0,"turns":4.0},{"damage":0.0,"enemies":"Blue Slaver","floor":12.0,"turns":1.0},{"damage":22.0,"enemies":"Lagavulin","floor":13.0,"turns":4.0},{"damage":0.0,"enemies":"Slime Boss","floor":16.0,"turns":2.0},{"damage":10.0,"enemies":"2 Thieves","floor":18.0,"turns":3.0},{"damage":7.0,"enemies":"Shell Parasite","floor":19.0,"turns":5.0},{"damage":0.0,"enemies":"Snake Plant","floor":21.0,"turns":2.0},{"damage":0.0,"enemies":"Slavers","floor":23.0,"turns":3.0},{"damage":27.0,"enemies":"Book of Stabbing","floor":25.0,"turns":4.0},{"damage":0.0,"enemies":"Gremlin Leader","floor":27.0,"turns":4.0},{"damage":0.0,"enemies":"Centurion and Healer","floor":29.0,"turns":2.0},{"damage":6.0,"enemies":"3 Cultists","floor":30.0,"turns":3.0},{"damage":0.0,"enemies":"Snake Plant","floor":31.0,"turns":3.0},{"damage":28.0,"enemies":"Automaton","floor":33.0,"turns":5.0},{"damage":2.0,"enemies":"3 Shapes","floor":35.0,"turns":1.0},{"damage":0,"enemies":"3 Darklings","floor":38,"turns":2},{"damage":0,"enemies":"Giant Head","floor":41,"turns":5},{"damage":23,"enemies":"Nemesis","floor":44,"turns":5},{"damage":0,"enemies":"Sphere and 2 Shapes","floor":45,"turns":2},{"damage":0,"enemies":"2 Orb Walkers","floor":46,"turns":2},{"damage":0,"enemies":"Spire Growth","floor":48,"turns":3},{"damage":21,"enemies":"Donu and Deca","floor":50,"turns":6}],"seed_played":"4167891950740231422","potions_obtained":[{"floor":1.0,"key":"FearPotion"},{"floor":5.0,"key":"Strength Potion"},{"floor":6.0,"key":"SteroidPotion"},{"floor":18.0,"key":"EssenceOfSteel"},{"floor":23.0,"key":"Explosive Potion"},{"floor":25.0,"key":"SpeedPotion"},{"floor":30.0,"key":"Fire Potion"},{"floor":33.0,"key":"Block Potion"}],"is_trial":false,"path_per_floor":["M","M","?","?","M","M","E","T","T","M","E","M","E","$","R","B",null,"M","M","?","M","?","E","R","E","T","E","R","M","M","M","R","B",null,"M","T","?","M","?","R","E","$","T","E","M","E","R","M","R","B"],"character_chosen":"THE_SILENT","items_purchased":["Tiny Chest","Bottled Flame","Deadly Poison","Blood Vial","OrangePellets"],"campfire_rested":3,"item_purchase_floors":[14,14,14,42,42],"current_hp_per_floor":[68,68,57,57,57,56,42,42,42,42,36,36,14,14,50,50,70,60,53,53,53,53,53,53,26,26,26,62,62,56,56,56,28,70,68,68,68,68,68,68,82,82,82,61,63,67,67,69,86,65],"gold":254,"neow_bonus":"RANDOM_COMMON_RELIC","is_prod":false,"is_daily":false,"chose_seed":false,"campfire_upgraded":4,"win_rate":0,"timestamp":1532208465,"path_taken":["M","M","?","?","M","M","E","?","T","M","E","?","E","?","R","BOSS","M","M","?","M","?","E","R","E","T","E","R","M","?","M","R","BOSS","M","?","?","M","?","R","E","$","T","E","M","E","R","M","R","BOSS"],"build_version":"2018-07-19v2","purchased_purges":0,"victory":true,"max_hp_per_floor":[70,70,70,70,70,70,70,70,70,70,70,70,70,70,70,70,70,70,70,70,70,70,70,70,70,70,70,70,70,70,70,70,70,70,70,70,70,70,70,70,84,84,84,84,84,86,86,86,86,86],"card_choices":[{"not_picked":["Slice","Poisoned Stab"],"picked":"Backstab","floor":1.0},{"not_picked":["Blur","Slice"],"picked":"PiercingWail","floor":2.0},{"not_picked":["Bane","Escape Plan"],"picked":"Cloak And Dagger","floor":5.0},{"not_picked":["Poisoned Stab","Deadly Poison"],"picked":"All Out Attack","floor":6.0},{"not_picked":["Envenom","Poisoned Stab"],"picked":"Backstab","floor":7.0},{"not_picked":["Reflex","Slice"],"picked":"Dagger Throw","floor":10.0},{"not_picked":["Die Die Die","Deflect"],"picked":"Dagger Spray","floor":11.0},{"not_picked":["Setup","Deadly Poison"],"picked":"Bouncing Flask","floor":12.0},{"not_picked":["Finisher","Deadly Poison"],"picked":"Bane","floor":13.0},{"not_picked":["Die Die Die","Burst"],"picked":"Bullet Time","floor":16.0},{"not_picked":["Accuracy","Heel Hook","Concentrate+1"],"picked":"SKIP","floor":18.0},{"not_picked":["Sucker Punch","Noxious Fumes"],"picked":"Cloak And Dagger","floor":19.0},{"not_picked":["Dagger Throw","Expertise"],"picked":"Dagger Spray","floor":21.0},{"not_picked":["Deflect","Riddle With Holes+1"],"picked":"Catalyst+1","floor":23.0},{"not_picked":["Finisher+1","Dodge and Roll"],"picked":"PiercingWail+1","floor":25.0},{"not_picked":["Blur","Bane+1"],"picked":"Noxious Fumes+1","floor":27.0},{"not_picked":["Flying Knee","Acrobatics","Footwork"],"picked":"SKIP","floor":29.0},{"not_picked":["Prepared","Accuracy"],"picked":"Deadly Poison+1","floor":30.0},{"not_picked":["Dagger Spray","Poisoned Stab"],"picked":"Terror","floor":31.0},{"not_picked":["A Thousand Cuts","Tools of the Trade"],"picked":"Night Terror","floor":33.0},{"not_picked":["Dagger Throw","PiercingWail+1"],"picked":"Poisoned Stab+1","floor":35},{"not_picked":["Prepared+1","Heel Hook+1"],"picked":"Poisoned Stab","floor":38},{"not_picked":["Sucker Punch+1","A Thousand Cuts"],"picked":"Crippling Poison+1","floor":41},{"not_picked":["Dagger Throw","PiercingWail"],"picked":"Cloak And Dagger+1","floor":44},{"not_picked":["Outmaneuver","PiercingWail+1","Eviscerate"],"picked":"SKIP","floor":45},{"not_picked":["Blade Dance+1","Calculated Gamble","Accuracy+1"],"picked":"Singing Bowl","floor":46},{"not_picked":["Accuracy","Quick Slash+1"],"picked":"Backflip+1","floor":48}],"player_experience":105166,"relics_obtained":[{"floor":7.0,"key":"Lantern"},{"floor":8.0,"key":"Boot"},{"floor":9.0,"key":"Bronze Scales"},{"floor":11.0,"key":"Vajra"},{"floor":13.0,"key":"Regal Pillow"},{"floor":23.0,"key":"Happy Flower"},{"floor":25.0,"key":"Matryoshka"},{"floor":26.0,"key":"Bag of Preparation"},{"floor":26.0,"key":"Pen Nib"},{"floor":27.0,"key":"Anchor"},{"floor":34.0,"key":"Snake Skull"},{"floor":34.0,"key":"Letter Opener"},{"floor":34.0,"key":"Tough Bandages"},{"floor":36,"key":"War Paint"},{"floor":36,"key":"Du-Vu Doll"},{"floor":41,"key":"Mango"},{"floor":43,"key":"MawBank"},{"floor":44,"key":"Art of War"},{"floor":46,"key":"Singing Bowl"}],"event_choices":[{"event_name":"World of Goop","player_choice":"Gather Gold","floor":3.0,"damage_taken":0.0},{"event_name":"Bonfire Elementals","player_choice":"BASIC","floor":4.0,"damage_taken":0.0},{"event_name":"Addict","player_choice":"Obtained Relic","floor":20.0,"damage_taken":0.0},{"event_name":"Back to Basics","player_choice":"Simplicity","floor":22.0,"damage_taken":0.0},{"event_name":"The Woman in Blue","player_choice":"Bought 0 Potions","floor":37,"damage_taken":0},{"event_name":"Accursed Blacksmith","player_choice":"Forge","floor":39,"damage_taken":0}],"is_beta":false,"boss_relics":[{"not_picked":["Cursed Key","Ectoplasm"],"picked":"Astrolabe"},{"not_picked":["Runic Dome","Black Star"],"picked":"Calling Bell"}],"items_purged_floors":[],"is_endless":false,"potions_floor_spawned":[1,5,6,12,18,23,25,30,33,41,46,48],"ascension_level":1}