{"gold_per_floor":[367,12,12,68,83,83,83,95,95,95,95,122,139,149,149,246,246,258,50,67,67,86,86,102,114,141,141,172,172,172,172,172,268,268,284,302,88,102,116,116,131,131,155,171,12,12,12,30,30,30],"floor_reached":51,"playtime":2418,"items_purged":["Pain"],"score":769,"play_id":"9f416764-dc67-4427-adf9-4d393eaf58ab","local_time":"20181023220229","is_ascension_mode":false,"campfire_choices":[{"floor":6,"key":"REST"},{"data":"Apotheosis","floor":10,"key":"SMITH"},{"data":"Seeing Red","floor":15,"key":"SMITH"},{"floor":23,"key":"REST"},{"floor":27,"key":"REST"},{"floor":29,"key":"REST"},{"floor":32,"key":"REST"},{"floor":40,"key":"REST"},{"data":"Doubt","floor":46,"key":"PURGE"},{"floor":49,"key":"REST"}],"neow_cost":"PERCENT_DAMAGE","seed_source_timestamp":217249723761922,"circlet_count":0,"master_deck":["Strike_R","Strike_R","Strike_R","Strike_R","Defend_R","Defend_R","Defend_R","Defend_R","Bash","Seeing Red+1","Uppercut","Apotheosis+1","Ghostly Armor","Uppercut","Twin Strike","Carnage","Sentinel","Spot Weakness","Feed","Iron Wave","Infernal Blade+1","Demon Form","Spot Weakness","Disarm","Heavy Blade+1","Metallicize+1","Berserk","Regret","Clumsy","Evolve","Pommel Strike","Thunderclap","Iron Wave","Shrug It Off","Sword Boomerang+1","Limit Break","Heavy Blade","Infernal Blade"],"relics":["Burning Blood","Blood Vial","Bottled Lightning","Pen Nib","Fusion Hammer","HandDrill","Anchor","Oddly Smooth Stone","WarpedTongs","Calling Bell","Boot","The Courier","Peace Pipe","Toolbox","Bag of Marbles","Incense Burner"],"potions_floor_usage":[22,28,36,38,38,41,47],"damage_taken":[{"damage":12,"enemies":"Small Slimes","floor":1,"turns":4},{"damage":2,"enemies":"2 Louse","floor":5,"turns":3},{"damage":4,"enemies":"Jaw Worm","floor":8,"turns":3},{"damage":12,"enemies":"3 Sentries","floor":12,"turns":8},{"damage":7,"enemies":"Lots of Slimes","floor":13,"turns":4},{"damage":9,"enemies":"Blue Slaver","floor":14,"turns":2},{"damage":32,"enemies":"The Guardian","floor":16,"turns":8},{"damage":11,"enemies":"2 Thieves","floor":18,"turns":4},{"damage":0,"enemies":"Spheric Guardian","floor":20,"turns":1},{"damage":0,"enemies":"3 Cultists","floor":22,"turns":4},{"damage":6,"enemies":"Snecko","floor":24,"turns":4},{"damage":18,"enemies":"Shelled Parasite and Fungi","floor":25,"turns":3},{"damage":0,"enemies":"Book of Stabbing","floor":28,"turns":4},{"damage":5,"enemies":"Automaton","floor":33,"turns":6},{"damage":18,"enemies":"Orb Walker","floor":35,"turns":4},{"damage":14,"enemies":"3 Shapes","floor":36,"turns":5},{"damage":43,"enemies":"3 Darklings","floor":38,"turns":13},{"damage":18,"enemies":"Jaw Worm Horde","floor":39,"turns":4},{"damage":12,"enemies":"Sphere and 2 Shapes","floor":41,"turns":4},{"damage":1,"enemies":"Spire Growth","floor":44,"turns":5},{"damage":14,"enemies":"Mind Bloom Boss Battle","floor":47,"turns":7},{"damage":20,"enemies":"Writhing Mass","floor":48,"turns":4},{"damage":57,"enemies":"Awakened One","floor":50,"turns":12}],"seed_played":"-3306015713148433953","potions_obtained":[{"floor":1,"key":"SkillPotion"},{"floor":5,"key":"FearPotion"},{"floor":12,"key":"FairyPotion"},{"floor":13,"key":"Strength Potion"},{"floor":18,"key":"Weak Potion"},{"floor":24,"key":"Block Potion"},{"floor":36,"key":"SkillPotion"},{"floor":39,"key":"AttackPotion"},{"floor":44,"key":"FairyPotion"},{"floor":47,"key":"Explosive Potion"}],"is_trial":false,"path_per_floor":["M","$","?","?","M","R","?","M","T","R","?","E","M","M","R","B",null,"M","$","M","?","M","R","M","M","T","R","E","R","?","?","R","B",null,"M","M","$","M","M","R","M","?","T","M","$","R","?","M","R","B"],"character_chosen":"IRONCLAD","items_purchased":["Uppercut","Apotheosis","Ghostly Armor","HandDrill","Toolbox","Limit Break","Block Potion"],"campfire_rested":7,"item_purchase_floors":[2,2,2,19,37,45,45],"current_hp_per_floor":[50,50,50,50,54,78,78,80,80,80,80,74,75,74,74,50,80,79,79,84,84,84,84,88,80,80,92,92,92,92,92,92,92,92,80,78,78,43,33,61,61,61,61,72,72,72,66,54,85,36],"gold":30,"neow_bonus":"TWO_FIFTY_GOLD","is_prod":false,"is_daily":false,"chose_seed":false,"campfire_upgraded":2,"win_rate":0,"timestamp":1540324949,"path_taken":["M","$","?","?","M","R","?","M","T","R","?","E","?","M","R","BOSS","M","$","M","?","M","R","M","M","T","R","E","R","?","?","R","BOSS","M","M","$","M","M","R","M","?","T","M","$","R","?","?","R","BOSS"],"build_version":"2018-10-18","purchased_purges":1,"victory":true,"max_hp_per_floor":[80,80,80,80,80,80,80,80,80,80,80,80,80,80,80,80,80,84,84,84,84,84,84,88,92,92,92,92,92,92,92,92,92,92,92,96,96,96,96,96,100,100,100,104,104,104,104,104,104,104],"card_choices":[{"not_picked":["Heavy Blade","True Grit"],"picked":"Seeing Red","floor":1},{"not_picked":["Disarm","Metallicize"],"picked":"Uppercut","floor":5},{"not_picked":["Shockwave","Corruption"],"picked":"Twin Strike","floor":8},{"not_picked":["Evolve","Body Slam"],"picked":"Carnage","floor":12},{"not_picked":["Fire Breathing","Corruption"],"picked":"Sentinel","floor":13},{"not_picked":["Dropkick","True Grit"],"picked":"Spot Weakness","floor":14},{"not_picked":["Double Tap","Brutality"],"picked":"Feed","floor":16},{"not_picked":["Heavy Blade+1","Bloodletting"],"picked":"Iron Wave","floor":18},{"not_picked":["Armaments","Rupture"],"picked":"Infernal Blade+1","floor":20},{"not_picked":["Flex","Corruption"],"picked":"Spot Weakness","floor":22},{"not_picked":["Clash","Entrench"],"picked":"Disarm","floor":24},{"not_picked":["Iron Wave","Whirlwind"],"picked":"Heavy Blade+1","floor":25},{"not_picked":["Wild Strike","True Grit"],"picked":"Metallicize+1","floor":28},{"not_picked":["Feed","Fiend Fire"],"picked":"Berserk","floor":33},{"not_picked":["Clothesline+1","Metallicize"],"picked":"Evolve","floor":35},{"not_picked":["Iron Wave","Rupture+1"],"picked":"Pommel Strike","floor":36},{"not_picked":["Havoc","Intimidate"],"picked":"Thunderclap","floor":38},{"not_picked":["Warcry+1","Dual Wield+1"],"picked":"Iron Wave","floor":39},{"not_picked":["Sentinel","Burning Pact+1"],"picked":"Shrug It Off","floor":41},{"not_picked":["Shrug It Off+1","Hemokinesis"],"picked":"Sword Boomerang+1","floor":44},{"not_picked":["Second Wind","Rampage+1"],"picked":"Heavy Blade","floor":47},{"not_picked":["Inflame","Reaper"],"picked":"Infernal Blade","floor":48}],"player_experience":272023,"relics_obtained":[{"floor":9,"key":"Bottled Lightning"},{"floor":12,"key":"Pen Nib"},{"floor":26,"key":"Anchor"},{"floor":28,"key":"Oddly Smooth Stone"},{"floor":34,"key":"Boot"},{"floor":34,"key":"The Courier"},{"floor":34,"key":"Peace Pipe"},{"floor":43,"key":"Bag of Marbles"},{"floor":47,"key":"Incense Burner"}],"event_choices":[{"damage_healed":0,"gold_gain":0,"player_choice":"Leave","damage_taken":0,"max_hp_gain":0,"max_hp_loss":0,"event_name":"The Cleric","floor":3,"gold_loss":0},{"damage_healed":0,"gold_gain":56,"player_choice":"Gained Gold","damage_taken":0,"max_hp_gain":0,"max_hp_loss":0,"event_name":"Golden Wing","floor":4,"gold_loss":0},{"damage_healed":0,"gold_gain":0,"player_choice":"Box","damage_taken":0,"relics_obtained":["Blood Vial"],"max_hp_gain":0,"max_hp_loss":0,"event_name":"Big Fish","floor":7,"gold_loss":0,"cards_obtained":["Regret"]},{"cards_removed":["Regret"],"damage_healed":0,"gold_gain":0,"player_choice":"Forget","damage_taken":0,"max_hp_gain":0,"max_hp_loss":0,"event_name":"Living Wall","floor":11,"gold_loss":0},{"damage_healed":0,"gold_gain":0,"player_choice":"Read","damage_taken":0,"max_hp_gain":0,"max_hp_loss":0,"event_name":"The Library","floor":21,"gold_loss":0,"cards_obtained":["Demon Form"]},{"damage_healed":0,"gold_gain":0,"player_choice":"Ignored","damage_taken":0,"max_hp_gain":0,"max_hp_loss":0,"event_name":"Ghosts","floor":30,"gold_loss":0},{"damage_healed":0,"gold_gain":0,"player_choice":"Rummage","damage_taken":0,"relics_obtained":["WarpedTongs"],"max_hp_gain":0,"max_hp_loss":0,"event_name":"Accursed Blacksmith","floor":31,"gold_loss":0,"cards_obtained":["Pain"]},{"cards_removed":["Strike_R"],"damage_healed":0,"gold_gain":0,"player_choice":"Removed Attack","damage_taken":0,"max_hp_gain":0,"max_hp_loss":0,"event_name":"Falling","floor":42,"gold_loss":0},{"damage_healed":0,"gold_gain":0,"player_choice":"Fight","damage_taken":0,"max_hp_gain":0,"max_hp_loss":0,"event_name":"MindBloom","floor":47,"gold_loss":0}],"is_beta":false,"boss_relics":[{"not_picked":["Astrolabe","Pandora\u0027s Box"],"picked":"Fusion Hammer"},{"not_picked":["Philosopher\u0027s Stone","Lizard Tail"],"picked":"Calling Bell"}],"items_purged_floors":[37],"is_endless":false,"potions_floor_spawned":[1,5,12,13,18,24,25,36,39,44,47],"ascension_level":0}