{"gold_per_floor":[111,123,123,13,31,56,56,56,83,83,123,123,154,170,170,264,264,248,266,289,289,339,339,254,294,318,352,367,410,424,467,467,563,563,583,583,1582,1135,1135,1173,1173,554,599,624,624,195,233,249,249,249,249,249,249,77,118,118],"floor_reached":57,"playtime":4731,"items_purged":["Normality","Normality","Strike_G"],"score":3258,"play_id":"eb45bc23-4f0d-4d3b-8e22-b18fe5475c89","local_time":"20190409085156","is_ascension_mode":true,"campfire_choices":[{"data":"Malaise","floor":8.0,"key":"SMITH"},{"data":"Neutralize","floor":10.0,"key":"SMITH"},{"data":"Terror","floor":12.0,"key":"SMITH"},{"data":"Well Laid Plans","floor":15.0,"key":"SMITH"},{"data":"Ghostly","floor":23.0,"key":"SMITH"},{"data":"Wraith Form v2","floor":32.0,"key":"SMITH"},{"data":"Ghostly","floor":41.0,"key":"SMITH"},{"floor":45.0,"key":"RECALL"},{"data":"Night Terror","floor":49.0,"key":"SMITH"},{"floor":53,"key":"REST"}],"neow_cost":"TEN_PERCENT_HP_LOSS","seed_source_timestamp":253485537214390,"circlet_count":0,"master_deck":["AscendersBane","Defend_G","Defend_G+1","Defend_G+1","Defend_G","Defend_G","Strike_G+1","Survivor","Neutralize+1","Slice+1","Endless Agony+1","Well Laid Plans+1","Dagger Spray","Malaise+1","Terror+1","PiercingWail","Blur","Die Die Die","Wraith Form v2+1","Skewer+1","Crippling Poison+1","Bouncing Flask+1","Deflect","Backflip","Ghostly","Ghostly+1","Ghostly+1","Wraith Form v2+1","Deadly Poison+1","Night Terror+1","Caltrops","Bouncing Flask","Well Laid Plans","Caltrops","PiercingWail"],"special_seed":0,"relics":["Ring of the Snake","Thread and Needle","PreservedInsect","Golden Idol","Ancient Tea Set","Dream Catcher","Strawberry","Astrolabe","Bag of Preparation","Regal Pillow","Anchor","Singing Bowl","StoneCalendar","Vajra","Cursed Key","Omamori","Sundial","War Paint","Mummified Hand","Art of War","Oddly Smooth Stone","Orichalcum","Whetstone"],"potions_floor_usage":[56],"damage_taken":[{"damage":0.0,"enemies":"Jaw Worm","floor":1.0,"turns":5.0},{"damage":0.0,"enemies":"2 Louse","floor":2.0,"turns":4.0},{"damage":0.0,"enemies":"Small Slimes","floor":5.0,"turns":2.0},{"damage":10.0,"enemies":"Lagavulin","floor":6.0,"turns":5.0},{"damage":2.0,"enemies":"Gremlin Nob","floor":11.0,"turns":4.0},{"damage":1.0,"enemies":"3 Sentries","floor":13.0,"turns":6.0},{"damage":2.0,"enemies":"Blue Slaver","floor":14.0,"turns":3.0},{"damage":0.0,"enemies":"Hexaghost","floor":16.0,"turns":14.0},{"damage":2.0,"enemies":"2 Thieves","floor":18.0,"turns":4.0},{"damage":0.0,"enemies":"Chosen","floor":19.0,"turns":4.0},{"damage":2.0,"enemies":"Shelled Parasite and Fungi","floor":20.0,"turns":5.0},{"damage":0.0,"enemies":"Slavers","floor":25.0,"turns":3.0},{"damage":0.0,"enemies":"Gremlin Leader","floor":27.0,"turns":4.0},{"damage":0.0,"enemies":"Centurion and Healer","floor":28.0,"turns":11.0},{"damage":2.0,"enemies":"Book of Stabbing","floor":29.0,"turns":6.0},{"damage":0.0,"enemies":"Snecko","floor":30.0,"turns":6.0},{"damage":0.0,"enemies":"Slavers","floor":31.0,"turns":7.0},{"damage":28.0,"enemies":"Collector","floor":33.0,"turns":9.0},{"damage":0.0,"enemies":"3 Darklings","floor":35.0,"turns":7.0},{"damage":0.0,"enemies":"Giant Head","floor":40.0,"turns":9.0},{"damage":0.0,"enemies":"3 Shapes","floor":44.0,"turns":5.0},{"damage":0.0,"enemies":"Reptomancer","floor":47.0,"turns":7.0},{"damage":8.0,"enemies":"Sphere and 2 Shapes","floor":48.0,"turns":6.0},{"damage":0.0,"enemies":"Time Eater","floor":50.0,"turns":12.0},{"damage":26,"enemies":"Donu and Deca","floor":51,"turns":14},{"damage":0,"enemies":"Shield and Spear","floor":55,"turns":10},{"damage":22,"enemies":"The Heart","floor":56,"turns":12}],"seed_played":"-3958168588354246289","potions_obtained":[{"floor":1.0,"key":"AttackPotion"},{"floor":6.0,"key":"GamblersBrew"},{"floor":13.0,"key":"GamblersBrew"},{"floor":20.0,"key":"SkillPotion"},{"floor":25.0,"key":"Block Potion"},{"floor":31.0,"key":"Poison Potion"},{"floor":35.0,"key":"Regen Potion"}],"is_trial":false,"path_per_floor":["M","M","?","$","M","E","?","R","T","R","E","R","E","M","R","B",null,"M","M","M","?","?","R","?","E","T","E","M","E","M","E","R","B",null,"M","?","?","$","?","E","R","$","T","M","R","$","E","M","R","B","B",null,"R","$","E","B",null],"character_chosen":"THE_SILENT","items_purchased":["Well Laid Plans","Dagger Spray","Omamori","Caltrops","GhostInAJar","Bouncing Flask","Well Laid Plans","War Paint","Mummified Hand","Caltrops","PiercingWail","Art of War","Orichalcum"],"campfire_rested":1,"item_purchase_floors":[4,4,38,38,38,38,42,42,42,46,46,46,54],"current_hp_per_floor":[59,59,41,41,41,31,31,31,31,31,29,29,35,33,33,33,54,52,52,50,30,30,30,30,30,30,32,32,32,34,36,36,8,31,33,33,33,33,33,35,35,35,35,37,37,37,39,33,33,33,7,36,48,48,50,28],"gold":118,"neow_bonus":"ONE_RARE_RELIC","is_prod":false,"is_daily":false,"chose_seed":false,"campfire_upgraded":8,"win_rate":0,"timestamp":1554817916,"path_taken":["M","M","?","$","M","E","?","R","T","R","E","R","E","M","R","BOSS","M","M","M","?","?","R","?","E","T","E","M","E","M","E","R","BOSS","M","?","?","$","?","E","R","?","T","M","R","$","E","M","R","BOSS","BOSS","R","$","E","BOSS"],"build_version":"2019-01-23","purchased_purges":3,"victory":true,"max_hp_per_floor":[60,60,60,60,60,60,54,54,54,54,54,54,61,61,61,61,61,61,61,61,30,30,30,30,30,30,32,32,34,36,38,38,38,38,40,38,38,38,38,40,40,40,40,42,42,42,44,46,46,46,46,46,48,48,50,50],"card_choices":[{"not_picked":["Escape Plan","Sucker Punch"],"picked":"Slice","floor":1.0},{"not_picked":["Acrobatics","Flying Knee"],"picked":"Endless Agony","floor":2.0},{"not_picked":["Acrobatics","Quick Slash","Slice"],"picked":"SKIP","floor":5.0},{"not_picked":["Acrobatics","Quick Slash","Slice"],"picked":"SKIP","floor":5.0},{"not_picked":["Crippling Poison","Acrobatics"],"picked":"Malaise","floor":6.0},{"not_picked":["Calculated Gamble","Eviscerate"],"picked":"Terror","floor":11.0},{"not_picked":["Poisoned Stab","Eviscerate"],"picked":"PiercingWail","floor":13.0},{"not_picked":["Sucker Punch","Dagger Throw"],"picked":"Blur","floor":14.0},{"not_picked":["Doppelganger","Night Terror"],"picked":"Die Die Die","floor":16.0},{"not_picked":["Tactician","Quick Slash+1"],"picked":"Bouncing Flask","floor":18.0},{"not_picked":["Quick Slash","Tactician"],"picked":"Deflect","floor":19.0},{"not_picked":["Skewer","Dagger Throw"],"picked":"Backflip","floor":20.0},{"not_picked":["Dagger Spray","Dodge and Roll"],"picked":"Wraith Form v2","floor":25.0},{"not_picked":["Underhanded Strike","Dodge and Roll","Deflect+1"],"picked":"Singing Bowl","floor":27.0},{"not_picked":["Outmaneuver","Slice"],"picked":"Deadly Poison+1","floor":28.0},{"not_picked":["Dagger Spray","Venomology","PiercingWail"],"picked":"Singing Bowl","floor":29.0},{"not_picked":["Underhanded Strike","Heel Hook+1","Quick Slash+1"],"picked":"Singing Bowl","floor":30.0},{"not_picked":["Dodge and Roll","Endless Agony","Leg Sweep"],"picked":"Singing Bowl","floor":31.0},{"not_picked":["Tools of the Trade","Corpse Explosion"],"picked":"Night Terror","floor":33.0},{"not_picked":["Underhanded Strike","Dodge and Roll+1","Dagger Throw"],"picked":"Singing Bowl","floor":35.0},{"not_picked":["Skewer","Malaise","Underhanded Strike"],"picked":"Singing Bowl","floor":40.0},{"not_picked":["Prepared+1","Finisher+1","Flechettes"],"picked":"Singing Bowl","floor":44.0},{"not_picked":["Expertise","Accuracy","Infinite Blades+1"],"picked":"Singing Bowl","floor":47.0},{"not_picked":["Prepared","Acrobatics","Riddle With Holes"],"picked":"Singing Bowl","floor":48.0},{"not_picked":["Dagger Throw","Terror","Acrobatics"],"picked":"Singing Bowl","floor":53},{"not_picked":["Backflip","Prepared","Infinite Blades"],"picked":"Singing Bowl","floor":55}],"player_experience":1009935,"relics_obtained":[{"floor":6.0,"key":"PreservedInsect"},{"floor":9.0,"key":"Ancient Tea Set"},{"floor":11.0,"key":"Dream Catcher"},{"floor":13.0,"key":"Strawberry"},{"floor":25.0,"key":"Regal Pillow"},{"floor":26.0,"key":"Anchor"},{"floor":27.0,"key":"Singing Bowl"},{"floor":29.0,"key":"StoneCalendar"},{"floor":31.0,"key":"Vajra"},{"floor":40.0,"key":"Sundial"},{"floor":47.0,"key":"Oddly Smooth Stone"},{"floor":55,"key":"Whetstone"}],"event_choices":[{"damage_healed":0.0,"max_hp_gain":0.0,"max_hp_loss":0.0,"gold_gain":0.0,"event_name":"Shining Light","player_choice":"Entered Light","floor":3.0,"gold_loss":0.0,"damage_taken":18.0,"cards_upgraded":["Defend_G","Slice"]},{"damage_healed":0.0,"max_hp_gain":0.0,"max_hp_loss":6.0,"gold_gain":0.0,"event_name":"Golden Idol","player_choice":"Lose Max HP","floor":7.0,"gold_loss":0.0,"damage_taken":0.0,"relics_obtained":["Golden Idol"]},{"damage_healed":0.0,"max_hp_gain":0.0,"max_hp_loss":31.0,"gold_gain":0.0,"event_name":"Ghosts","player_choice":"Became a Ghost","floor":21.0,"gold_loss":0.0,"damage_taken":0.0,"cards_obtained":["Ghostly","Ghostly","Ghostly"]},{"damage_healed":0.0,"max_hp_gain":0.0,"max_hp_loss":0.0,"gold_gain":50.0,"event_name":"Nest","player_choice":"Stole From Cult","floor":22.0,"gold_loss":0.0,"damage_taken":0.0},{"damage_healed":0.0,"max_hp_gain":0.0,"max_hp_loss":0.0,"gold_gain":0.0,"event_name":"Addict","player_choice":"Obtained Relic","floor":24.0,"gold_loss":85.0,"damage_taken":0.0,"relics_obtained":["Bag of Preparation"]},{"damage_healed":0.0,"max_hp_gain":0.0,"max_hp_loss":2.0,"gold_gain":0.0,"event_name":"Winding Halls","player_choice":"Max HP","floor":36.0,"gold_loss":0.0,"damage_taken":0.0},{"damage_healed":0.0,"max_hp_gain":0.0,"max_hp_loss":0.0,"gold_gain":999.0,"event_name":"MindBloom","player_choice":"Gold","floor":37.0,"gold_loss":0.0,"damage_taken":0.0,"cards_obtained":["Normality","Normality"]},{"damage_healed":0.0,"max_hp_gain":0.0,"max_hp_loss":0.0,"gold_gain":0.0,"event_name":"Tomb of Lord Red Mask","player_choice":"Ignored","floor":39.0,"gold_loss":0.0,"damage_taken":0.0}],"is_beta":false,"boss_relics":[{"not_picked":["Ectoplasm","Ring of the Serpent"],"picked":"Astrolabe"},{"not_picked":["Fusion Hammer","Black Star"],"picked":"Cursed Key"}],"items_purged_floors":[38,42,46],"is_endless":false,"potions_floor_spawned":[1,6,13,14,20,25,28,31,35,44],"ascension_level":20}