{"gold_per_floor":[15,25,42,56,72,106,116,116,171,196,196,216,216,279,279,378,378,396,396,409,427,66,66],"floor_reached":23,"playtime":1119,"items_purged":[],"score":256,"play_id":"c443dca0-b34c-4127-8131-cba7ade43a5b","local_time":"20180827204326","is_ascension_mode":true,"campfire_choices":[{"floor":8.0,"key":"REST"},{"floor":15,"key":"REST"}],"neow_cost":"NO_GOLD","seed_source_timestamp":713099987636902,"circlet_count":0,"master_deck":["Strike_B","Strike_B","Strike_B","Strike_B","Defend_B","Defend_B","Defend_B","Defend_B","Zap","Dualcast","Machine Learning","Melter","Cold Snap","Leap","Beam Cell","Hologram","Conserve Battery","Turbo","Defragment","Cold Snap","Glacier","Electrodynamics","Ball Lightning","Compile Driver","Ball Lightning+1","Self Repair","Amplify","Chrysalis"],"special_seed":0,"relics":["Cracked Core","Strawberry","Ancient Tea Set","Mercury Hourglass","Matryoshka","Inserter"],"potions_floor_usage":[14,16,16,16,23],"damage_taken":[{"damage":8.0,"enemies":"Small Slimes","floor":1.0,"turns":3.0},{"damage":0.0,"enemies":"Cultist","floor":2.0,"turns":3.0},{"damage":2.0,"enemies":"Jaw Worm","floor":3.0,"turns":3.0},{"damage":13.0,"enemies":"Exordium Thugs","floor":4.0,"turns":6.0},{"damage":3.0,"enemies":"3 Louse","floor":5.0,"turns":2.0},{"damage":23.0,"enemies":"3 Sentries","floor":6.0,"turns":7.0},{"damage":5.0,"enemies":"2 Fungi Beasts","floor":7.0,"turns":3.0},{"damage":20.0,"enemies":"Lagavulin","floor":10.0,"turns":8.0},{"damage":1.0,"enemies":"Blue Slaver","floor":12.0,"turns":3.0},{"damage":29,"enemies":"Gremlin Nob","floor":14,"turns":4},{"damage":22,"enemies":"Hexaghost","floor":16,"turns":10},{"damage":25,"enemies":"2 Thieves","floor":18,"turns":3},{"damage":0,"enemies":"Chosen","floor":20,"turns":6},{"damage":17,"enemies":"Snecko","floor":21,"turns":6},{"damage":41,"enemies":"Slavers","floor":23,"turns":2}],"seed_played":"-4576156472316912376","potions_obtained":[{"floor":2.0,"key":"SteroidPotion"},{"floor":3.0,"key":"Explosive Potion"},{"floor":6.0,"key":"FearPotion"},{"floor":7.0,"key":"AttackPotion"},{"floor":11.0,"key":"EntropicBrew"},{"floor":11.0,"key":"FearPotion"},{"floor":14,"key":"AttackPotion"}],"is_trial":false,"path_per_floor":["M","M","M","M","M","E","M","R","T","E","?","M","?","?","R","B",null,"M","?","M","M","$"],"character_chosen":"DEFECT","items_purchased":["Self Repair","Amplify","Chrysalis"],"campfire_rested":2,"item_purchase_floors":[22,22,22],"current_hp_per_floor":[67,67,65,52,49,33,28,52,52,32,32,31,58,29,53,31,69,44,44,44,27,27,0],"gold":66,"neow_bonus":"THREE_RARE_CARDS","is_prod":false,"is_daily":false,"chose_seed":false,"campfire_upgraded":0,"win_rate":0,"timestamp":1535417006,"path_taken":["M","M","M","M","M","E","M","R","T","E","?","?","?","?","R","BOSS","M","?","?","M","?","E"],"build_version":"2018-08-23v2","purchased_purges":0,"victory":false,"max_hp_per_floor":[75,75,75,75,75,82,82,82,82,82,82,82,82,82,82,82,82,82,82,82,82,82,82],"card_choices":[{"not_picked":["Amplify","Meteor Strike"],"picked":"Machine Learning","floor":0.0},{"not_picked":["Hologram","Lockon"],"picked":"Melter","floor":1.0},{"not_picked":["Melter","Turbo"],"picked":"Cold Snap","floor":2.0},{"not_picked":["Cold Snap","Coolheaded"],"picked":"Leap","floor":3.0},{"not_picked":["Barrage","Streamline"],"picked":"Beam Cell","floor":4.0},{"not_picked":["Steam","Conserve Battery"],"picked":"Hologram","floor":5.0},{"not_picked":["Multi-Cast","Aggregate"],"picked":"Conserve Battery","floor":6.0},{"not_picked":["Reinforced Body","Force Field"],"picked":"Turbo","floor":7.0},{"not_picked":["Turbo","Multi-Cast"],"picked":"Defragment","floor":10.0},{"not_picked":["Gash","Consume"],"picked":"Cold Snap","floor":12.0},{"not_picked":["Steam","Auto Shields"],"picked":"Glacier","floor":14},{"not_picked":["Amplify","Thunder Strike"],"picked":"Electrodynamics","floor":16},{"not_picked":["Stack","Beam Cell"],"picked":"Ball Lightning","floor":18},{"not_picked":["Glacier","Undo"],"picked":"Compile Driver","floor":20},{"not_picked":["Compile Driver+1","Stack"],"picked":"Ball Lightning+1","floor":21}],"player_experience":220447,"relics_obtained":[{"floor":6.0,"key":"Strawberry"},{"floor":9.0,"key":"Ancient Tea Set"},{"floor":10.0,"key":"Mercury Hourglass"},{"floor":14,"key":"Matryoshka"}],"event_choices":[{"event_name":"The Lab","player_choice":"Got Potions","floor":11.0,"damage_taken":0.0},{"event_name":"Big Fish","player_choice":"Banana","floor":13.0,"damage_taken":0.0},{"event_name":"Dead Adventurer","player_choice":"Searched \u00271\u0027 times","floor":14,"damage_taken":0},{"event_name":"Cursed Tome","player_choice":"Ignored","floor":19,"damage_taken":0}],"is_beta":false,"boss_relics":[{"not_picked":["Cursed Key","Velvet Choker"],"picked":"Inserter"}],"items_purged_floors":[],"is_endless":false,"potions_floor_spawned":[2,3,6,7,14],"killed_by":"Slavers","ascension_level":5}