{"gold_per_floor":[117,117,137,137,15,46,46,86,168,168,181,212,275,295,295,421,421,436,12,12,12,35,73,73,86,86,86],"floor_reached":27,"playtime":1000,"items_purged":["Normality"],"score":343,"play_id":"3996ea43-4f35-4bee-a529-da8275d928e2","local_time":"20180827220212","is_ascension_mode":true,"campfire_choices":[{"data":"Redo","floor":10.0,"key":"SMITH"},{"floor":15.0,"key":"REST"},{"floor":24,"key":"REST"}],"neow_cost":"NONE","seed_source_timestamp":0,"circlet_count":0,"master_deck":["Strike_B","Strike_B","Strike_B","Strike_B","Defend_B","Defend_B","Defend_B","Defend_B","Zap+1","Dualcast","Redo+1","Doom and Gloom","FTL","Lockon+1","Go for the Eyes","Hologram+1","Redo+1","Cold Snap","Seek+1","Decay","Writhe","Coolheaded+1","Writhe","White Noise+1","Steam+1","Chaos+1"],"special_seed":0,"relics":["Cracked Core","NeowsBlessing","Golden Idol","Art of War","Toxic Egg 2","Kunai","Symbiotic Virus","Calling Bell","Bag of Preparation","Cables","Turnip","Blood Vial","Toolbox","Strawberry","Bronze Scales","Orichalcum"],"potions_floor_usage":[23],"damage_taken":[{"damage":0.0,"enemies":"Small Slimes","floor":1.0,"turns":1.0},{"damage":0.0,"enemies":"2 Louse","floor":3.0,"turns":1.0},{"damage":0.0,"enemies":"Lagavulin","floor":6.0,"turns":2.0},{"damage":20.0,"enemies":"3 Sentries","floor":8.0,"turns":4.0},{"damage":0.0,"enemies":"Cultist","floor":11.0,"turns":3.0},{"damage":14.0,"enemies":"Gremlin Nob","floor":12.0,"turns":3.0},{"damage":0.0,"enemies":"2 Fungi Beasts","floor":14.0,"turns":2.0},{"damage":20.0,"enemies":"Hexaghost","floor":16.0,"turns":7.0},{"damage":30.0,"enemies":"Spheric Guardian","floor":18.0,"turns":4.0},{"damage":3.0,"enemies":"Chosen","floor":22.0,"turns":3.0},{"damage":29,"enemies":"Book of Stabbing","floor":23,"turns":5},{"damage":24,"enemies":"Snake Plant","floor":25,"turns":3},{"damage":23,"enemies":"Gremlin Leader","floor":27,"turns":5}],"seed_played":"-6521532289687934738","potions_obtained":[{"floor":1.0,"key":"PowerPotion"},{"floor":3.0,"key":"Regen Potion"},{"floor":8.0,"key":"Regen Potion"},{"floor":16.0,"key":"Explosive Potion"},{"floor":18.0,"key":"PowerPotion"},{"floor":22.0,"key":"FocusPotion"}],"is_trial":false,"path_per_floor":["M","?","M","?","$","E","?","E","T","R","M","E","?","M","R","B",null,"M","$","?","?","M","E","R","M","T"],"character_chosen":"DEFECT","items_purchased":["FTL","Lockon","Blood Vial","Toolbox"],"campfire_rested":2,"item_purchase_floors":[5,5,19,19],"current_hp_per_floor":[75,57,57,57,57,62,62,42,42,42,47,33,33,33,55,35,65,35,35,42,42,41,14,38,16,16,0],"gold":86,"neow_bonus":"THREE_ENEMY_KILL","is_prod":false,"is_daily":false,"chose_seed":false,"campfire_upgraded":1,"win_rate":0,"timestamp":1535421732,"path_taken":["M","?","M","?","$","E","?","E","T","R","M","E","?","?","R","BOSS","M","$","?","?","M","E","R","M","T","E"],"build_version":"2018-08-23v2","purchased_purges":1,"victory":false,"max_hp_per_floor":[75,75,75,75,75,75,75,75,75,75,75,75,75,75,75,75,75,75,75,82,82,82,82,82,82,82,82],"card_choices":[{"not_picked":["Blizzard","Stack"],"picked":"Redo","floor":1.0},{"not_picked":["Rebound","Stack"],"picked":"Doom and Gloom","floor":3.0},{"not_picked":["Stack","Hyperbeam"],"picked":"Go for the Eyes","floor":6.0},{"not_picked":["Cold Snap","Go for the Eyes"],"picked":"Hologram","floor":8.0},{"not_picked":["Beam Cell","Rebound"],"picked":"Redo+1","floor":11.0},{"not_picked":["Turbo+1","Go for the Eyes"],"picked":"Cold Snap","floor":12.0},{"not_picked":["Sweeping Beam","Doom and Gloom"],"picked":"Seek+1","floor":14.0},{"not_picked":["Blizzard","Auto Shields+1"],"picked":"Coolheaded+1","floor":18.0},{"not_picked":["Aggregate+1","Chaos+1"],"picked":"White Noise+1","floor":22.0},{"not_picked":["Tempest+1","Skim+1"],"picked":"Steam+1","floor":23},{"not_picked":["Blizzard","Tempest+1"],"picked":"Chaos+1","floor":25}],"player_experience":222703,"relics_obtained":[{"floor":6.0,"key":"Art of War"},{"floor":8.0,"key":"Toxic Egg 2"},{"floor":9.0,"key":"Kunai"},{"floor":12.0,"key":"Symbiotic Virus"},{"floor":17.0,"key":"Bag of Preparation"},{"floor":17.0,"key":"Cables"},{"floor":17.0,"key":"Turnip"},{"floor":23,"key":"Bronze Scales"},{"floor":26,"key":"Orichalcum"}],"event_choices":[{"event_name":"Golden Idol","player_choice":"Take Damage","floor":2.0,"damage_taken":0.0},{"event_name":"Living Wall","player_choice":"Grow","floor":4.0,"damage_taken":0.0},{"event_name":"Liars Game","player_choice":"disagreed","floor":7.0,"damage_taken":0.0},{"event_name":"Golden Wing","player_choice":"Gained Gold","floor":13.0,"damage_taken":0.0},{"event_name":"The Mausoleum","player_choice":"Yes","floor":20.0,"damage_taken":0.0},{"event_name":"Accursed Blacksmith","player_choice":"Forge","floor":21.0,"damage_taken":0.0}],"is_beta":false,"boss_relics":[{"not_picked":["Philosopher\u0027s Stone","White Beast Statue"],"picked":"Calling Bell"}],"items_purged_floors":[19],"is_endless":false,"potions_floor_spawned":[1,3,8,16,18,22],"killed_by":"Gremlin Leader","ascension_level":5}