{"gold_per_floor":[111,124,199,164,164,199,199,70,70,70,97,97,115,15,15,92,92,104,116,116,142,159,159,191,191,191,191,106,106],"floor_reached":29,"playtime":1005,"items_purged":["Strike_B","Strike_B"],"score":469,"play_id":"83e6667d-a201-48aa-ac9a-214eb75ac77a","local_time":"20190218041416","is_ascension_mode":true,"campfire_choices":[{"floor":7,"key":"REST"},{"floor":10,"key":"REST"},{"data":"Dualcast","floor":12,"key":"SMITH"},{"data":"Static Discharge","floor":15,"key":"SMITH"},{"floor":23,"key":"REST"},{"data":"Genetic Algorithm","floor":25,"key":"SMITH"}],"neow_cost":"NONE","seed_source_timestamp":61308213504055,"circlet_count":0,"master_deck":["AscendersBane","Strike_B+1","Strike_B+1","Defend_B+1","Defend_B+1","Defend_B+1","Defend_B+1","Zap+1","Dualcast+1","Machine Learning","Capacitor","Darkness","Ball Lightning","Leap","Static Discharge+1","Glacier","Biased Cognition","Conserve Battery","Genetic Algorithm+1","Go for the Eyes","Glacier"],"relics":["Cracked Core","DataDisk","Anchor","Omamori","Inserter","Happy Flower","Strawberry","Ice Cream"],"potions_floor_usage":[6,16,22,24],"damage_taken":[{"damage":2,"enemies":"2 Louse","floor":1,"turns":3},{"damage":7,"enemies":"Small Slimes","floor":2,"turns":3},{"damage":55,"enemies":"3 Sentries","floor":6,"turns":11},{"damage":16,"enemies":"Lagavulin","floor":11,"turns":5},{"damage":0,"enemies":"Jaw Worm","floor":13,"turns":3},{"damage":6,"enemies":"Hexaghost","floor":16,"turns":10},{"damage":27,"enemies":"3 Byrds","floor":18,"turns":5},{"damage":11,"enemies":"Spheric Guardian","floor":19,"turns":5},{"damage":3,"enemies":"Snake Plant","floor":22,"turns":4},{"damage":17,"enemies":"Book of Stabbing","floor":24,"turns":6},{"damage":39,"enemies":"Gremlin Leader","floor":29,"turns":4}],"seed_played":"-4922238746779441924","potions_obtained":[{"floor":1,"key":"Energy Potion"},{"floor":6,"key":"Block Potion"},{"floor":13,"key":"Dexterity Potion"},{"floor":19,"key":"Energy Potion"}],"is_trial":false,"path_per_floor":["M","M","?","?","?","E","R","$","T","R","E","R","M","$","R","B",null,"M","M","?","T","M","R","E","R","T","?","$","E"],"character_chosen":"DEFECT","items_purchased":["Leap","Glacier"],"campfire_rested":3,"item_purchase_floors":[8,28],"current_hp_per_floor":[62,55,44,61,61,6,27,27,27,48,32,32,32,32,32,26,60,33,22,22,22,19,40,30,30,30,30,30,0],"gold":106,"neow_bonus":"ONE_RANDOM_RARE_CARD","is_prod":false,"is_daily":false,"chose_seed":false,"campfire_upgraded":3,"win_rate":0,"timestamp":1550484856,"path_taken":["M","M","?","?","?","E","R","$","T","R","E","R","M","?","R","BOSS","M","?","?","?","M","R","E","R","T","?","$","E"],"build_version":"2019-01-23","purchased_purges":2,"victory":false,"max_hp_per_floor":[71,71,71,71,71,71,71,71,71,71,71,71,71,71,71,71,71,71,71,71,71,71,71,78,78,78,78,78,78],"card_choices":[{"not_picked":["Reinforced Body","Turbo"],"picked":"Capacitor","floor":1},{"not_picked":["Auto Shields","Stack"],"picked":"Darkness","floor":2},{"not_picked":["Barrage","Tempest"],"picked":"Ball Lightning","floor":6},{"not_picked":["Hello World","Compile Driver"],"picked":"Static Discharge","floor":11},{"not_picked":["Turbo","White Noise"],"picked":"Glacier","floor":13},{"not_picked":["Rainbow","Machine Learning"],"picked":"Biased Cognition","floor":16},{"not_picked":["Static Discharge","Beam Cell"],"picked":"Conserve Battery","floor":18},{"not_picked":["Conserve Battery+1","Hologram"],"picked":"Genetic Algorithm","floor":19},{"not_picked":["Genetic Algorithm","Reinforced Body"],"picked":"Go for the Eyes","floor":22},{"not_picked":["Auto Shields","Turbo","Gash"],"picked":"SKIP","floor":24}],"player_experience":609669,"relics_obtained":[{"floor":6,"key":"DataDisk"},{"floor":9,"key":"Anchor"},{"floor":11,"key":"Omamori"},{"floor":21,"key":"Happy Flower"},{"floor":24,"key":"Strawberry"},{"floor":26,"key":"Ice Cream"}],"event_choices":[{"damage_healed":0,"gold_gain":75,"player_choice":"Gather Gold","damage_taken":11,"max_hp_gain":0,"max_hp_loss":0,"event_name":"World of Goop","floor":3,"gold_loss":0},{"damage_healed":17,"gold_gain":0,"player_choice":"Healed","damage_taken":0,"max_hp_gain":0,"max_hp_loss":0,"event_name":"The Cleric","floor":4,"gold_loss":35},{"damage_healed":0,"gold_gain":0,"player_choice":"Grow","damage_taken":0,"max_hp_gain":0,"max_hp_loss":0,"event_name":"Living Wall","floor":5,"gold_loss":0,"cards_upgraded":["Zap"]},{"damage_healed":0,"gold_gain":0,"player_choice":"Simplicity","damage_taken":0,"max_hp_gain":0,"max_hp_loss":0,"event_name":"Back to Basics","floor":20,"gold_loss":0,"cards_upgraded":["Strike_B","Strike_B","Defend_B","Defend_B","Defend_B","Defend_B"]},{"damage_healed":0,"gold_gain":0,"player_choice":"Ignored","damage_taken":0,"max_hp_gain":0,"max_hp_loss":0,"event_name":"Vampires","floor":27,"gold_loss":0}],"is_beta":false,"boss_relics":[{"not_picked":["Eternal Feather","White Beast Statue"],"picked":"Inserter"}],"items_purged_floors":[8,14],"is_endless":false,"potions_floor_spawned":[1,6,13,19],"killed_by":"Gremlin Leader","ascension_level":18}