{"gold_per_floor":[118,138,88,101,114,148,148,177,177,177,188,188,206,231,231,335,335,348,159,159,174,208,241,341,360,360,377,393,420,430,458,470,482],"floor_reached":33,"playtime":2254,"items_purged":[],"score":387,"play_id":"6d226825-a9e1-42c7-8d58-9a2f458a6016","local_time":"20190228133642","is_ascension_mode":true,"campfire_choices":[{"data":"Phantasmal Killer","floor":7,"key":"SMITH"},{"data":"Infinite Blades","floor":12,"key":"SMITH"},{"data":"Poisoned Stab","floor":15,"key":"SMITH"},{"data":"Storm of Steel","floor":32,"key":"SMITH"}],"neow_cost":"NONE","seed_source_timestamp":158090756703832,"circlet_count":0,"master_deck":["Defend_G","Defend_G","Defend_G","Defend_G","Defend_G","Strike_G","Strike_G","Strike_G","Survivor","Neutralize","Flying Knee","Dodge and Roll","Leg Sweep","Quick Slash","Phantasmal Killer+1","Poisoned Stab+1","Infinite Blades+1","All Out Attack","Cloak And Dagger","Terror","Storm of Steel+1","Blur+1","Noxious Fumes","Bouncing Flask","Blur+1","Backflip","PiercingWail+1","Predator+1","Dash","Slice+1","Poisoned Stab","Catalyst+1","Dodge and Roll+1","Prepared+1","After Image+1"],"relics":["Runic Dome","Prayer Wheel","Blue Candle","Ninja Scroll","Bag of Preparation","Coffee Dripper","Strawberry","Red Mask","Ornamental Fan","Turnip","Letter Opener","Frozen Egg 2","MawBank"],"potions_floor_usage":[8,14,22,23,24,24,27,29,33],"damage_taken":[{"damage":7,"enemies":"Jaw Worm","floor":1,"turns":4},{"damage":0,"enemies":"Small Slimes","floor":2,"turns":3},{"damage":0,"enemies":"Cultist","floor":4,"turns":5},{"damage":6,"enemies":"Large Slime","floor":5,"turns":10},{"damage":20,"enemies":"3 Sentries","floor":6,"turns":12},{"damage":8,"enemies":"Gremlin Nob","floor":8,"turns":4},{"damage":0,"enemies":"2 Fungi Beasts","floor":11,"turns":3},{"damage":8,"enemies":"Exordium Thugs","floor":13,"turns":3},{"damage":6,"enemies":"3 Sentries","floor":14,"turns":4},{"damage":31,"enemies":"The Guardian","floor":16,"turns":9},{"damage":11,"enemies":"2 Thieves","floor":18,"turns":3},{"damage":4,"enemies":"Chosen","floor":21,"turns":3},{"damage":16,"enemies":"Masked Bandits","floor":22,"turns":4},{"damage":12,"enemies":"Gremlin Leader","floor":23,"turns":6},{"damage":5,"enemies":"Colosseum Slavers","floor":24,"turns":5},{"damage":0,"enemies":"Colosseum Nobs","floor":24,"turns":4},{"damage":8,"enemies":"Sentry and Sphere","floor":25,"turns":4},{"damage":9,"enemies":"Centurion and Healer","floor":27,"turns":4},{"damage":0,"enemies":"Snecko","floor":28,"turns":3},{"damage":5,"enemies":"Slavers","floor":29,"turns":4},{"damage":5,"enemies":"3 Cultists","floor":30,"turns":6},{"damage":4,"enemies":"Book of Stabbing","floor":31,"turns":4},{"damage":17,"enemies":"Champ","floor":33,"turns":12}],"seed_played":"4872256944300427178","potions_obtained":[{"floor":6,"key":"Fruit Juice"},{"floor":8,"key":"Swift Potion"},{"floor":11,"key":"EssenceOfSteel"},{"floor":13,"key":"AttackPotion"},{"floor":16,"key":"Regen Potion"},{"floor":22,"key":"AttackPotion"},{"floor":24,"key":"Weak Potion"},{"floor":25,"key":"PowerPotion"},{"floor":28,"key":"Fire Potion"},{"floor":30,"key":"Weak Potion"}],"is_trial":false,"path_per_floor":["M","M","?","M","M","E","R","E","T","?","M","R","M","E","R","B",null,"M","$","?","M","?","E","?","M","T","M","M","E","M","E","R","B"],"character_chosen":"THE_SILENT","items_purchased":["Bouncing Flask","Strawberry"],"campfire_rested":0,"item_purchase_floors":[19,19],"current_hp_per_floor":[63,63,63,63,57,37,37,34,34,59,59,59,51,45,45,14,75,64,71,71,67,65,53,48,40,40,31,31,26,21,17,17,0],"gold":482,"neow_bonus":"BOSS_RELIC","is_prod":false,"is_daily":false,"chose_seed":false,"campfire_upgraded":4,"win_rate":0,"timestamp":1551361002,"path_taken":["M","M","?","M","M","E","R","E","T","?","M","R","M","E","R","BOSS","M","$","?","?","?","E","?","M","T","M","?","E","M","E","R","BOSS"],"build_version":"2019-01-23","purchased_purges":0,"victory":false,"max_hp_per_floor":[70,70,70,70,70,70,70,75,75,75,75,75,75,75,75,75,75,75,82,82,82,82,82,82,82,82,82,82,82,82,82,82,82],"card_choices":[{"not_picked":["Cloak And Dagger","Bane"],"picked":"Flying Knee","floor":1},{"not_picked":["Blade Dance","Reflex"],"picked":"Dodge and Roll","floor":2},{"not_picked":["Quick Slash","Dagger Spray"],"picked":"Leg Sweep","floor":4},{"not_picked":["Cloak And Dagger","Deflect"],"picked":"Quick Slash","floor":5},{"not_picked":["PiercingWail","Cloak And Dagger"],"picked":"Phantasmal Killer","floor":6},{"not_picked":["Sucker Punch","Blur"],"picked":"Poisoned Stab","floor":8},{"not_picked":["Quick Slash","Bane"],"picked":"Infinite Blades","floor":11},{"not_picked":["Backflip","Expertise"],"picked":"All Out Attack","floor":11},{"not_picked":["Setup","Sucker Punch"],"picked":"Cloak And Dagger","floor":13},{"not_picked":["Sucker Punch","Acrobatics","Deadly Poison"],"picked":"SKIP","floor":13},{"not_picked":["Well Laid Plans","Blade Dance"],"picked":"Terror","floor":14},{"not_picked":["Doppelganger","Tools of the Trade"],"picked":"Storm of Steel","floor":16},{"not_picked":["Leg Sweep","Cloak And Dagger"],"picked":"Blur+1","floor":18},{"not_picked":["Sucker Punch","Masterful Stab"],"picked":"Noxious Fumes","floor":18},{"not_picked":["Slice","Riddle With Holes"],"picked":"Blur+1","floor":21},{"not_picked":["Cloak And Dagger","Dagger Spray"],"picked":"Backflip","floor":21},{"not_picked":["Grand Finale","Terror"],"picked":"PiercingWail+1","floor":22},{"not_picked":["Backflip","Caltrops"],"picked":"Predator+1","floor":23},{"not_picked":["Prepared","Dagger Throw"],"picked":"Dash","floor":24},{"not_picked":["Outmaneuver+1","Footwork"],"picked":"Slice+1","floor":25},{"not_picked":["All Out Attack+1","PiercingWail","Cloak And Dagger"],"picked":"SKIP","floor":25},{"not_picked":["Flying Knee","Deflect+1"],"picked":"Poisoned Stab","floor":27},{"not_picked":["Dagger Spray","Concentrate","Prepared"],"picked":"SKIP","floor":27},{"not_picked":["Deadly Poison","Glass Knife"],"picked":"Catalyst+1","floor":28},{"not_picked":["Masterful Stab","Dagger Spray","Bane"],"picked":"SKIP","floor":28},{"not_picked":["Dagger Throw+1","Poisoned Stab"],"picked":"Dodge and Roll+1","floor":29},{"not_picked":["Blur","Tactician+1"],"picked":"Prepared+1","floor":30},{"not_picked":["Backflip","Outmaneuver","Dodge and Roll"],"picked":"SKIP","floor":30},{"not_picked":["Dagger Throw","Burst"],"picked":"After Image+1","floor":31}],"player_experience":302058,"relics_obtained":[{"floor":6,"key":"Prayer Wheel"},{"floor":8,"key":"Blue Candle"},{"floor":9,"key":"Ninja Scroll"},{"floor":14,"key":"Bag of Preparation"},{"floor":22,"key":"Red Mask"},{"floor":23,"key":"Ornamental Fan"},{"floor":24,"key":"Turnip"},{"floor":24,"key":"Letter Opener"},{"floor":29,"key":"Frozen Egg 2"},{"floor":31,"key":"MawBank"}],"event_choices":[{"cards_removed":["Strike_G"],"damage_healed":0,"gold_gain":0,"player_choice":"Card Removal","damage_taken":0,"max_hp_gain":0,"max_hp_loss":0,"event_name":"The Cleric","floor":3,"gold_loss":50},{"damage_healed":25,"gold_gain":0,"player_choice":"Banana","damage_taken":0,"max_hp_gain":0,"max_hp_loss":0,"event_name":"Big Fish","floor":10,"gold_loss":0},{"cards_removed":["Strike_G"],"damage_healed":0,"gold_gain":0,"player_choice":"Purged","damage_taken":0,"max_hp_gain":0,"max_hp_loss":0,"event_name":"Purifier","floor":20,"gold_loss":0},{"damage_healed":0,"gold_gain":0,"player_choice":"Fought Bandits","damage_taken":0,"max_hp_gain":0,"max_hp_loss":0,"event_name":"Masked Bandits","floor":22,"gold_loss":0},{"damage_healed":0,"gold_gain":0,"player_choice":"Fight","damage_taken":0,"max_hp_gain":0,"max_hp_loss":0,"event_name":"Colosseum","floor":24,"gold_loss":0},{"damage_healed":0,"gold_gain":0,"player_choice":"Fought Nobs","damage_taken":0,"max_hp_gain":0,"max_hp_loss":0,"event_name":"Colosseum","floor":24,"gold_loss":0}],"is_beta":false,"boss_relics":[{"not_picked":["Tiny House","Eternal Feather"],"picked":"Coffee Dripper"}],"items_purged_floors":[],"is_endless":false,"potions_floor_spawned":[6,8,11,13,16,21,22,24,25,28,30],"killed_by":"Champ","ascension_level":2}