{"gold_per_floor":[114,64,64,64,79,79,114,114,114,143,158,183,148,180,192,303,315,340,6,106,129,129,129,146,179,251,269,295,295,93,126,126,126],"floor_reached":33,"playtime":1504,"items_purged":[],"score":375,"play_id":"b85ff333-220a-439a-996c-37e4962bb1f5","local_time":"20190222224247","is_ascension_mode":true,"campfire_choices":[{"data":"Poisoned Stab","floor":6,"key":"SMITH"},{"data":"Survivor","floor":8,"key":"SMITH"},{"floor":15,"key":"REST"},{"data":"Venomology","floor":23,"key":"SMITH"},{"floor":29,"key":"REST"},{"floor":32,"key":"REST"}],"neow_cost":"NONE","seed_source_timestamp":14523150191209,"circlet_count":0,"master_deck":["Defend_G","Defend_G+1","Defend_G","Defend_G","Strike_G","Strike_G","Strike_G+1","Strike_G","Survivor+1","Neutralize","Bane+1","Poisoned Stab+1","Poisoned Stab+1","Dagger Throw","PiercingWail","Footwork","Venomology+1","Deadly Poison","Bane+1","Writhe","Noxious Fumes"],"relics":["Ring of the Snake","Bag of Preparation","Gremlin Horn","Du-Vu Doll","Pen Nib","MawBank","Black Star","HandDrill","Bag of Marbles","The Specimen","Blue Candle","Whetstone","Ninja Scroll","Happy Flower","PreservedInsect","Red Mask","Blood Vial","Smiling Mask","Sundial"],"potions_floor_usage":[12,12,16,18,24,25,31,33,33,33,33],"damage_taken":[{"damage":2,"enemies":"Jaw Worm","floor":1,"turns":4},{"damage":5,"enemies":"2 Louse","floor":5,"turns":2},{"damage":6,"enemies":"3 Sentries","floor":7,"turns":9},{"damage":8,"enemies":"Lagavulin","floor":10,"turns":5},{"damage":0,"enemies":"Small Slimes","floor":11,"turns":3},{"damage":0,"enemies":"3 Sentries","floor":12,"turns":8},{"damage":6,"enemies":"Gremlin Nob","floor":14,"turns":3},{"damage":42,"enemies":"Slime Boss","floor":16,"turns":11},{"damage":23,"enemies":"Spheric Guardian","floor":18,"turns":6},{"damage":8,"enemies":"Colosseum Slavers","floor":20,"turns":4},{"damage":20,"enemies":"Colosseum Nobs","floor":20,"turns":5},{"damage":0,"enemies":"Shell Parasite","floor":24,"turns":2},{"damage":14,"enemies":"Slavers","floor":25,"turns":5},{"damage":0,"enemies":"Snake Plant","floor":27,"turns":2},{"damage":0,"enemies":"Masked Bandits","floor":28,"turns":2},{"damage":0,"enemies":"Gremlin Leader","floor":31,"turns":2},{"damage":72,"enemies":"Automaton","floor":33,"turns":6}],"seed_played":"1234035412636791022","potions_obtained":[{"floor":1,"key":"Explosive Potion"},{"floor":10,"key":"EssenceOfSteel"},{"floor":12,"key":"SkillPotion"},{"floor":16,"key":"Fruit Juice"},{"floor":24,"key":"Energy Potion"}],"is_trial":false,"path_per_floor":["M","?","?","?","M","R","E","R","T","E","M","E","$","E","R","B",null,"M","$","?","T","?","R","M","E","T","M","?","R","$","E","R","B"],"character_chosen":"THE_SILENT","items_purchased":["Footwork","HandDrill","Bag of Marbles","PowerPotion","Blood Vial"],"campfire_rested":3,"item_purchase_floors":[13,19,19,30,30],"current_hp_per_floor":[75,75,68,53,48,48,42,42,42,34,34,34,34,28,51,9,77,59,59,31,31,31,31,31,17,17,17,17,41,41,43,67,0],"gold":126,"neow_bonus":"TEN_PERCENT_HP_BONUS","is_prod":false,"is_daily":false,"chose_seed":false,"campfire_upgraded":3,"win_rate":0,"timestamp":1550875367,"path_taken":["M","?","?","?","M","R","E","R","T","E","M","E","$","E","R","BOSS","M","$","?","?","?","R","M","E","T","M","?","R","?","E","R","BOSS"],"build_version":"2019-01-23","purchased_purges":0,"victory":false,"max_hp_per_floor":[77,77,77,77,77,77,77,77,77,77,77,77,77,77,77,77,77,82,82,82,82,82,82,82,82,82,82,82,82,82,82,82,82],"card_choices":[{"not_picked":["Terror","Dagger Spray"],"picked":"Bane","floor":1},{"not_picked":["Dagger Throw","Skewer"],"picked":"Poisoned Stab","floor":5},{"not_picked":["Underhanded Strike","Outmaneuver"],"picked":"Poisoned Stab","floor":7},{"not_picked":["Night Terror","Bane"],"picked":"Dagger Throw","floor":10},{"not_picked":["Terror","Quick Slash","PiercingWail"],"picked":"SKIP","floor":11},{"not_picked":["Quick Slash","Accuracy"],"picked":"PiercingWail","floor":12},{"not_picked":["Crippling Poison","Caltrops","Acrobatics"],"picked":"SKIP","floor":14},{"not_picked":["Unload","Night Terror"],"picked":"Venomology","floor":16},{"not_picked":["Slice","Heel Hook"],"picked":"Deadly Poison","floor":18},{"not_picked":["Concentrate","Backstab"],"picked":"Bane+1","floor":20},{"not_picked":["Dash","Blur","Outmaneuver"],"picked":"SKIP","floor":24},{"not_picked":["Dagger Spray+1","Finisher+1","Distraction"],"picked":"SKIP","floor":25},{"not_picked":["Underhanded Strike","Concentrate","Flying Knee+1"],"picked":"SKIP","floor":27},{"not_picked":["Slice","Unload"],"picked":"Noxious Fumes","floor":28},{"not_picked":["Adrenaline","Deflect","Backflip"],"picked":"SKIP","floor":31}],"player_experience":261367,"relics_obtained":[{"floor":7,"key":"Bag of Preparation"},{"floor":9,"key":"Gremlin Horn"},{"floor":10,"key":"Du-Vu Doll"},{"floor":12,"key":"Pen Nib"},{"floor":14,"key":"MawBank"},{"floor":20,"key":"The Specimen"},{"floor":20,"key":"Blue Candle"},{"floor":21,"key":"Whetstone"},{"floor":25,"key":"Happy Flower"},{"floor":25,"key":"PreservedInsect"},{"floor":28,"key":"Red Mask"},{"floor":31,"key":"Smiling Mask"},{"floor":31,"key":"Sundial"}],"event_choices":[{"cards_removed":["Strike_G"],"damage_healed":0,"gold_gain":0,"player_choice":"Card Removal","damage_taken":0,"max_hp_gain":0,"max_hp_loss":0,"event_name":"The Cleric","floor":2,"gold_loss":50},{"cards_removed":["Defend_G"],"damage_healed":0,"gold_gain":0,"player_choice":"Card Removal","damage_taken":7,"max_hp_gain":0,"max_hp_loss":0,"event_name":"Golden Wing","floor":3,"gold_loss":0},{"damage_healed":0,"gold_gain":0,"player_choice":"Entered Light","damage_taken":15,"max_hp_gain":0,"max_hp_loss":0,"event_name":"Shining Light","floor":4,"gold_loss":0,"cards_upgraded":["Defend_G","Bane"]},{"damage_healed":0,"gold_gain":0,"player_choice":"Fight","damage_taken":0,"max_hp_gain":0,"max_hp_loss":0,"event_name":"Colosseum","floor":20,"gold_loss":0},{"damage_healed":0,"gold_gain":0,"player_choice":"Fought Nobs","damage_taken":0,"max_hp_gain":0,"max_hp_loss":0,"event_name":"Colosseum","floor":20,"gold_loss":0},{"damage_healed":0,"gold_gain":0,"player_choice":"Opened","damage_taken":0,"relics_obtained":["Ninja Scroll"],"max_hp_gain":0,"max_hp_loss":0,"event_name":"The Mausoleum","floor":22,"gold_loss":0,"cards_obtained":["Writhe"]},{"damage_healed":0,"gold_gain":0,"player_choice":"Fought Bandits","damage_taken":0,"max_hp_gain":0,"max_hp_loss":0,"event_name":"Masked Bandits","floor":28,"gold_loss":0}],"is_beta":false,"boss_relics":[{"not_picked":["Calling Bell","Runic Pyramid"],"picked":"Black Star"}],"items_purged_floors":[],"is_endless":false,"potions_floor_spawned":[1,10,12,16,20,24],"killed_by":"Automaton","ascension_level":1}