{"gold_per_floor":[115,126,142,162,162,205,205,205,230,268,268,292,292,313,313,439,439,460,385,385,15,15,15,32,32,59,9,26,46,79,29,29,29],"floor_reached":33,"playtime":1798,"items_purged":["Strike_B","Defend_B"],"score":426,"play_id":"55259dc2-87bd-4ab4-87a4-916f82da330c","local_time":"20181119172656","is_ascension_mode":true,"campfire_choices":[{"floor":8.0,"key":"REST"},{"data":"Hologram","floor":13.0,"key":"SMITH"},{"floor":15.0,"key":"REST"},{"data":"Self Repair","floor":23.0,"key":"SMITH"},{"data":"Seek","floor":25.0,"key":"SMITH"},{"floor":32.0,"key":"REST"}],"neow_cost":"NONE","seed_source_timestamp":802617748557478,"circlet_count":0,"master_deck":["AscendersBane","Strike_B+1","Strike_B+1","Defend_B","Defend_B","Defend_B","Zap","Dualcast+1","Conserve Battery","Melter","Reprogram","Hologram+1","Sunder+1","Consume","Machine Learning","Seek+1","Recycle+1","Self Repair+1","Leap","Sweeping Beam+1","Double Energy+1","Chaos"],"special_seed":0,"relics":["Cracked Core","Whetstone","Bloody Idol","Strawberry","Orichalcum","Smiling Mask","Sozu","Runic Capacitor","War Paint","Juzu Bracelet","Ornamental Fan"],"potions_floor_usage":[],"damage_taken":[{"damage":4.0,"enemies":"2 Louse","floor":1.0,"turns":2.0},{"damage":0.0,"enemies":"Jaw Worm","floor":2.0,"turns":4.0},{"damage":1.0,"enemies":"Cultist","floor":3.0,"turns":3.0},{"damage":0.0,"enemies":"Large Slime","floor":4.0,"turns":5.0},{"damage":20.0,"enemies":"Lagavulin","floor":6.0,"turns":6.0},{"damage":20.0,"enemies":"Gremlin Nob","floor":10.0,"turns":5.0},{"damage":3.0,"enemies":"Blue Slaver","floor":12.0,"turns":2.0},{"damage":0.0,"enemies":"Exordium Wildlife","floor":14.0,"turns":3.0},{"damage":29.0,"enemies":"The Guardian","floor":16.0,"turns":8.0},{"damage":19.0,"enemies":"2 Thieves","floor":18.0,"turns":4.0},{"damage":0.0,"enemies":"Spheric Guardian","floor":24.0,"turns":3.0},{"damage":11.0,"enemies":"Centurion and Healer","floor":28.0,"turns":4.0},{"damage":13.0,"enemies":"Snecko","floor":29.0,"turns":4.0},{"damage":59.0,"enemies":"Book of Stabbing","floor":30.0,"turns":6.0},{"damage":61,"enemies":"Champ","floor":33,"turns":7}],"seed_played":"4333604702605744460","potions_obtained":[{"floor":3.0,"key":"Energy Potion"},{"floor":6.0,"key":"PowerPotion"},{"floor":12.0,"key":"Fire Potion"},{"floor":16.0,"key":"SkillPotion"}],"is_trial":false,"path_per_floor":["M","M","M","M","?","E","?","R","T","E","?","M","R","M","R","B",null,"M","?","?","$","?","R","M","R","T","$","M","M","E","$","R","B"],"character_chosen":"DEFECT","items_purchased":["Runic Capacitor","War Paint","Leap"],"campfire_rested":3,"item_purchase_floors":[21,21,21],"current_hp_per_floor":[64,64,63,63,63,50,50,74,74,54,54,51,51,51,75,46,73,54,54,54,54,54,54,69,69,74,74,78,80,36,36,60,0],"gold":29,"neow_bonus":"RANDOM_COMMON_RELIC","is_prod":false,"is_daily":false,"chose_seed":false,"campfire_upgraded":3,"win_rate":0,"timestamp":1542666416,"path_taken":["M","M","M","M","?","E","?","R","T","E","?","M","R","?","R","BOSS","M","?","?","$","?","R","M","R","T","$","M","M","E","?","R","BOSS"],"build_version":"2018-11-15","purchased_purges":2,"victory":false,"max_hp_per_floor":[75,75,75,75,75,82,82,82,82,82,82,82,82,82,82,82,82,82,82,82,82,82,82,82,82,82,82,82,82,82,82,82,82],"card_choices":[{"not_picked":["Stack","Go for the Eyes"],"picked":"Conserve Battery","floor":1.0},{"not_picked":["Leap","Loop"],"picked":"Melter","floor":2.0},{"not_picked":["Steam","Conserve Battery"],"picked":"Reprogram","floor":3.0},{"not_picked":["Steam","Streamline"],"picked":"Hologram","floor":4.0},{"not_picked":["Genetic Algorithm","Heatsinks"],"picked":"Sunder","floor":6.0},{"not_picked":["Compile Driver","Steam","Hologram"],"picked":"SKIP","floor":10.0},{"not_picked":["Skim","Steam"],"picked":"Consume","floor":12.0},{"not_picked":["Darkness","Turbo"],"picked":"Machine Learning","floor":14.0},{"not_picked":["Reboot","Meteor Strike"],"picked":"Seek","floor":16.0},{"not_picked":["Beam Cell","Sunder+1"],"picked":"Recycle","floor":18.0},{"not_picked":["Barrage","Compile Driver"],"picked":"Sweeping Beam+1","floor":24.0},{"not_picked":["Streamline","Undo"],"picked":"Double Energy+1","floor":28.0},{"not_picked":["Fusion","Compile Driver","Redo"],"picked":"SKIP","floor":29.0},{"not_picked":["Multi-Cast","Steam Power+1"],"picked":"Chaos","floor":30.0}],"player_experience":412918,"relics_obtained":[{"floor":6.0,"key":"Strawberry"},{"floor":9.0,"key":"Orichalcum"},{"floor":10.0,"key":"Smiling Mask"},{"floor":26.0,"key":"Juzu Bracelet"},{"floor":30.0,"key":"Ornamental Fan"}],"event_choices":[{"damage_healed":0.0,"max_hp_gain":0.0,"max_hp_loss":0.0,"gold_gain":0.0,"event_name":"Golden Idol","player_choice":"Take Wound","floor":5.0,"gold_loss":0.0,"damage_taken":0.0,"relics_obtained":["Golden Idol"],"cards_obtained":["Injury"]},{"damage_healed":0.0,"max_hp_gain":0.0,"max_hp_loss":0.0,"gold_gain":0.0,"event_name":"Living Wall","player_choice":"Grow","floor":7.0,"gold_loss":0.0,"damage_taken":0.0,"cards_upgraded":["Sunder"]},{"cards_removed":["Injury"],"damage_healed":0.0,"max_hp_gain":0.0,"max_hp_loss":0.0,"gold_gain":0.0,"event_name":"Purifier","player_choice":"Purged","floor":11.0,"gold_loss":0.0,"damage_taken":0.0},{"cards_removed":["Strike_B"],"damage_healed":0.0,"max_hp_gain":0.0,"max_hp_loss":0.0,"gold_gain":0.0,"event_name":"Beggar","player_choice":"Gave Gold","floor":19.0,"gold_loss":75.0,"damage_taken":0.0},{"damage_healed":0.0,"max_hp_gain":0.0,"max_hp_loss":0.0,"gold_gain":0.0,"event_name":"The Library","player_choice":"Read","floor":20.0,"gold_loss":0.0,"damage_taken":0.0,"cards_obtained":["Self Repair"]},{"damage_healed":0.0,"max_hp_gain":0.0,"max_hp_loss":0.0,"gold_gain":0.0,"event_name":"Forgotten Altar","player_choice":"Gave Idol","floor":22.0,"relics_lost":["Golden Idol"],"gold_loss":0.0,"damage_taken":0.0,"relics_obtained":["Bloody Idol"]}],"is_beta":false,"boss_relics":[{"not_picked":["Runic Dome","Ectoplasm"],"picked":"Sozu"}],"items_purged_floors":[27,31],"is_endless":false,"potions_floor_spawned":[3,6,12,16,18,29],"killed_by":"Champ","ascension_level":11}