{"gold_per_floor":[110,126,141,154,165,196,213,213,213,213],"floor_reached":10,"playtime":672,"items_purged":[],"score":94,"play_id":"d6b3dff4-3c4d-4d3c-9fc5-dd1bcb3f60ad","local_time":"20190425235517","is_ascension_mode":true,"campfire_choices":[{"data":"Backflip","floor":8,"key":"SMITH"}],"neow_cost":"NONE","seed_source_timestamp":0,"circlet_count":0,"master_deck":["Defend_G","Defend_G","Defend_G","Defend_G","Defend_G","Strike_G","Strike_G","Strike_G+1","Strike_G+1","Strike_G","Survivor","Neutralize","Tactician","Poisoned Stab","Poisoned Stab","Leg Sweep","Backflip+1","All Out Attack","Flying Knee"],"special_seed":0,"relics":["Philosopher\u0027s Stone","Whetstone","Kunai"],"potions_floor_usage":[4,6],"damage_taken":[{"damage":2.0,"enemies":"Jaw Worm","floor":1.0,"turns":6.0},{"damage":1,"enemies":"Cultist","floor":2,"turns":4},{"damage":0,"enemies":"2 Louse","floor":3,"turns":4},{"damage":26,"enemies":"Gremlin Gang","floor":4,"turns":7},{"damage":8,"enemies":"Large Slime","floor":5,"turns":8},{"damage":3,"enemies":"Lagavulin","floor":6,"turns":10},{"damage":3,"enemies":"3 Louse","floor":7,"turns":4},{"damage":22,"enemies":"Red Slaver","floor":10,"turns":4}],"seed_played":"-3802626475659831266","potions_obtained":[{"floor":1,"key":"GhostInAJar"},{"floor":3,"key":"SneckoOil"},{"floor":4,"key":"EssenceOfSteel"},{"floor":6,"key":"Swift Potion"}],"is_trial":false,"path_per_floor":["M","M","M","M","M","E","M","R","T","M"],"character_chosen":"THE_SILENT","items_purchased":[],"campfire_rested":0,"item_purchase_floors":[],"current_hp_per_floor":[61,60,60,34,26,23,20,20,20,0],"gold":213,"neow_bonus":"BOSS_RELIC","is_prod":false,"is_daily":false,"chose_seed":false,"campfire_upgraded":1,"win_rate":0,"timestamp":1556232917,"path_taken":["M","M","M","M","M","E","M","R","T","M"],"build_version":"2019-01-23","purchased_purges":0,"victory":false,"max_hp_per_floor":[70,70,70,70,70,70,70,70,70,70],"card_choices":[{"not_picked":["Heel Hook","Deflect"],"picked":"Tactician","floor":1},{"not_picked":["Deadly Poison","Reflex"],"picked":"Poisoned Stab","floor":2},{"not_picked":["Outmaneuver","Setup"],"picked":"Poisoned Stab","floor":3},{"not_picked":["Backstab","Predator"],"picked":"Leg Sweep","floor":4},{"not_picked":["Dodge and Roll","Poisoned Stab"],"picked":"Backflip","floor":5},{"not_picked":["Calculated Gamble","Endless Agony"],"picked":"All Out Attack","floor":6},{"not_picked":["Acrobatics","Flechettes"],"picked":"Flying Knee","floor":7}],"player_experience":535424,"relics_obtained":[{"floor":6,"key":"Whetstone"},{"floor":9,"key":"Kunai"}],"event_choices":[],"is_beta":false,"boss_relics":[],"items_purged_floors":[],"is_endless":false,"potions_floor_spawned":[1,3,4,6],"killed_by":"Red Slaver","ascension_level":6}