{"gold_per_floor":[212,212,40,65,15,42,42,52,105,129,154,6,17,36,36,138,138,148,148,163,179,179,205,205,230,322,353,365,396,323,351,363,475,487,509,532,1543,756,771,804,804,137,161,172,189,204,230,245,245,245,245,245,95,128,128],"floor_reached":55,"playtime":3272,"items_purged":["Strike_B","Normality","Normality","Strike_B"],"score":822,"play_id":"ca21b4e9-dfa1-49f7-a338-182679f3d169","local_time":"20190430222416","is_ascension_mode":true,"campfire_choices":[{"data":"Hologram","floor":7,"key":"SMITH"},{"floor":15,"key":"REST"},{"floor":24,"key":"DIG"},{"data":"Echo Form","floor":32,"key":"SMITH"},{"floor":41,"key":"DIG"},{"floor":49,"key":"RECALL"},{"floor":52,"key":"DIG"}],"neow_cost":"NONE","seed_source_timestamp":1661601753119500,"circlet_count":0,"master_deck":["Strike_B+1","Defend_B","Defend_B","Defend_B","Defend_B","Zap+1","Dualcast","BootSequence","Cold Snap+1","Hologram+1","Beam Cell","Lockon","Genetic Algorithm","Conserve Battery","Turbo","Coolheaded","Echo Form+1","Self Repair","Defragment","Conserve Battery+1","Chill+1","Capacitor+1","Creative AI","Ball Lightning","Loop","Storm","Seek","Parasite","Echo Form+1","Impatience"],"relics":["Cracked Core","DataDisk","Strawberry","Shovel","Whetstone","Odd Mushroom","Question Card","Coffee Dripper","MutagenicStrength","Happy Flower","MawBank","Singing Bowl","Meat on the Bone","Eternal Feather","Bottled Tornado","Sundial","Dream Catcher","Calipers","DollysMirror","Oddly Smooth Stone","Vajra","Kunai","Pen Nib"],"potions_floor_usage":[10,16,20,23,33,39,39,44,54,55,55],"damage_taken":[{"damage":1,"enemies":"2 Louse","floor":1,"turns":2},{"damage":40,"enemies":"Gremlin Nob","floor":6,"turns":5},{"damage":0,"enemies":"Cultist","floor":8,"turns":4},{"damage":10,"enemies":"The Mushroom Lair","floor":10,"turns":4},{"damage":13,"enemies":"3 Sentries","floor":11,"turns":7},{"damage":0,"enemies":"Jaw Worm","floor":13,"turns":1},{"damage":0,"enemies":"Looter","floor":14,"turns":2},{"damage":15,"enemies":"Slime Boss","floor":16,"turns":10},{"damage":4,"enemies":"Spheric Guardian","floor":18,"turns":5},{"damage":31,"enemies":"3 Byrds","floor":20,"turns":5},{"damage":5,"enemies":"Centurion and Healer","floor":21,"turns":7},{"damage":32,"enemies":"Book of Stabbing","floor":23,"turns":6},{"damage":0,"enemies":"Shelled Parasite and Fungi","floor":25,"turns":8},{"damage":0,"enemies":"Cultist and Chosen","floor":27,"turns":8},{"damage":0,"enemies":"Centurion and Healer","floor":29,"turns":10},{"damage":0,"enemies":"Shelled Parasite and Fungi","floor":31,"turns":9},{"damage":13,"enemies":"Champ","floor":33,"turns":17},{"damage":6,"enemies":"Orb Walker","floor":35,"turns":6},{"damage":7,"enemies":"3 Darklings","floor":36,"turns":10},{"damage":9,"enemies":"Writhing Mass","floor":39,"turns":7},{"damage":13,"enemies":"Nemesis","floor":40,"turns":7},{"damage":8,"enemies":"Transient","floor":44,"turns":5},{"damage":19,"enemies":"Maw","floor":45,"turns":8},{"damage":0,"enemies":"Sphere and 2 Shapes","floor":46,"turns":5},{"damage":6,"enemies":"Giant Head","floor":47,"turns":6},{"damage":15,"enemies":"Jaw Worm Horde","floor":48,"turns":5},{"damage":25,"enemies":"Time Eater","floor":50,"turns":9},{"damage":54,"enemies":"Shield and Spear","floor":54,"turns":8},{"damage":76,"enemies":"The Heart","floor":55,"turns":8}],"seed_played":"9185559360201600851","potions_obtained":[{"floor":6,"key":"LiquidBronze"},{"floor":8,"key":"SkillPotion"},{"floor":14,"key":"Fire Potion"},{"floor":16,"key":"Energy Potion"},{"floor":20,"key":"LiquidBronze"},{"floor":25,"key":"Swift Potion"},{"floor":27,"key":"Ancient Potion"},{"floor":36,"key":"Poison Potion"},{"floor":44,"key":"Ancient Potion"},{"floor":46,"key":"Strength Potion"}],"is_trial":false,"path_per_floor":["M","?","$","T","?","E","R","M","T","?","E","$","M","M","R","B",null,"M","?","M","M","?","E","R","M","T","M","?","M","?","M","R","B",null,"M","M","?","$","M","E","R","$","T","M","M","M","E","M","R","B",null,"R","$","E","B"],"character_chosen":"DEFECT","items_purchased":["Cold Snap","DataDisk","Conserve Battery","Energy Potion","Bottled Tornado","Storm","Seek","Sundial","DollysMirror","Impatience","Fire Potion","SteroidPotion","Oddly Smooth Stone"],"campfire_rested":1,"item_purchase_floors":[3,3,12,12,38,38,38,38,42,42,42,42,42],"current_hp_per_floor":[74,74,74,81,81,41,41,41,41,31,18,18,18,18,42,27,82,78,78,54,56,56,38,38,45,45,61,61,70,70,79,79,73,88,88,88,88,88,90,86,92,92,92,94,91,98,100,101,102,84,102,102,102,76,0],"gold":128,"neow_bonus":"HUNDRED_GOLD","is_prod":false,"is_daily":false,"chose_seed":false,"campfire_upgraded":2,"win_rate":0,"timestamp":1556655856,"path_taken":["M","?","$","?","?","E","R","M","T","?","E","?","M","M","R","BOSS","M","?","M","M","?","E","R","?","T","M","?","?","?","M","R","BOSS","M","M","?","$","M","E","R","$","T","M","M","M","E","M","R","BOSS","R","$","E","BOSS"],"build_version":"2019-01-23","purchased_purges":4,"victory":false,"max_hp_per_floor":[75,75,75,82,82,82,82,82,82,82,82,82,82,82,82,82,82,82,82,82,82,82,82,82,82,82,84,84,86,86,88,88,88,88,88,88,88,88,90,92,92,92,92,94,96,98,100,102,102,102,102,102,102,104,104],"card_choices":[{"not_picked":["Compile Driver","Steam Power"],"picked":"BootSequence","floor":1},{"not_picked":["Rebound","Compile Driver"],"picked":"Hologram","floor":6},{"not_picked":["Chill","Darkness"],"picked":"Beam Cell","floor":8},{"not_picked":["Fusion","Redo"],"picked":"Lockon","floor":10},{"not_picked":["Steam","Capacitor"],"picked":"Genetic Algorithm","floor":11},{"not_picked":["Undo","Sweeping Beam","Go for the Eyes"],"picked":"Turbo","floor":13},{"not_picked":["Hologram","Compile Driver","Conserve Battery"],"picked":"Coolheaded","floor":14},{"not_picked":["Electrodynamics","Fission","Biased Cognition"],"picked":"Echo Form","floor":16},{"not_picked":["Coolheaded","Reprogram","Compile Driver"],"picked":"Self Repair","floor":18},{"not_picked":["Streamline","Heatsinks","Beam Cell+1"],"picked":"Conserve Battery+1","floor":20},{"not_picked":["Rebound+1","Recycle","Leap"],"picked":"Chill+1","floor":21},{"not_picked":["Recycle","Hello World","Thunder Strike"],"picked":"Capacitor+1","floor":23},{"not_picked":["Lockon+1","Conserve Battery","Darkness+1","Hello World"],"picked":"SKIP","floor":25},{"not_picked":["Leap","Coolheaded","Beam Cell","Darkness+1"],"picked":"Singing Bowl","floor":27},{"not_picked":["Steam","Melter+1","Chill","Sweeping Beam"],"picked":"Singing Bowl","floor":29},{"not_picked":["Leap","Chill","Steam Power+1","Hologram"],"picked":"Singing Bowl","floor":31},{"not_picked":["Fission","Amplify","All For One"],"picked":"Creative AI","floor":33},{"not_picked":["Go for the Eyes+1","Stack+1","Turbo+1"],"picked":"Ball Lightning","floor":35},{"not_picked":["Leap","Defragment","Undo"],"picked":"Loop","floor":36},{"not_picked":["Steam+1","Undo","Capacitor","Go for the Eyes+1"],"picked":"Singing Bowl","floor":39},{"not_picked":["Chill+1","Leap","Melter+1","Go for the Eyes"],"picked":"Singing Bowl","floor":40},{"not_picked":["Streamline+1","Leap","Hello World","Machine Learning"],"picked":"Singing Bowl","floor":44},{"not_picked":["Auto Shields+1","Hello World","Conserve Battery","Cold Snap"],"picked":"Singing Bowl","floor":45},{"not_picked":["Rebound","Steam+1","Chaos+1","Stack+1"],"picked":"Singing Bowl","floor":46},{"not_picked":["Leap","Machine Learning","Scrape","Steam Power"],"picked":"Singing Bowl","floor":47},{"not_picked":["Barrage+1","Fusion+1","Lockon+1","Go for the Eyes"],"picked":"Singing Bowl","floor":48},{"not_picked":["Meteor Strike","Hologram","Compile Driver+1","Rebound+1"],"picked":"Singing Bowl","floor":54}],"player_experience":404286,"relics_obtained":[{"floor":4,"key":"Strawberry"},{"floor":6,"key":"Shovel"},{"floor":9,"key":"Whetstone"},{"floor":10,"key":"Odd Mushroom"},{"floor":11,"key":"Question Card"},{"floor":23,"key":"Happy Flower"},{"floor":24,"key":"MawBank"},{"floor":26,"key":"Singing Bowl"},{"floor":40,"key":"Dream Catcher"},{"floor":41,"key":"Calipers"},{"floor":47,"key":"Vajra"},{"floor":52,"key":"Kunai"},{"floor":54,"key":"Pen Nib"}],"event_choices":[{"damage_healed":0,"gold_gain":0,"player_choice":"Upgraded","damage_taken":0,"max_hp_gain":0,"max_hp_loss":0,"event_name":"Upgrade Shrine","floor":2,"gold_loss":0,"cards_upgraded":["Zap"]},{"cards_removed":["Strike_B"],"damage_healed":0,"gold_gain":0,"player_choice":"Card Removal","damage_taken":0,"max_hp_gain":0,"max_hp_loss":0,"event_name":"The Cleric","floor":5,"gold_loss":50},{"damage_healed":0,"gold_gain":0,"player_choice":"Fought Mushrooms","damage_taken":0,"max_hp_gain":0,"max_hp_loss":0,"event_name":"Mushrooms","floor":10,"gold_loss":0},{"damage_healed":0,"gold_gain":0,"player_choice":"Read","damage_taken":0,"max_hp_gain":0,"max_hp_loss":0,"event_name":"The Library","floor":19,"gold_loss":0,"cards_obtained":["Defragment"]},{"damage_healed":0,"gold_gain":0,"player_choice":"Inject Mutagens","damage_taken":0,"relics_obtained":["MutagenicStrength"],"max_hp_gain":0,"max_hp_loss":0,"event_name":"Drug Dealer","floor":22,"gold_loss":0},{"damage_healed":0,"gold_gain":0,"player_choice":"Bought 0 Potions","damage_taken":0,"max_hp_gain":0,"max_hp_loss":0,"event_name":"The Woman in Blue","floor":28,"gold_loss":0},{"damage_healed":0,"gold_gain":0,"player_choice":"Obtained Relic","damage_taken":0,"relics_obtained":["Meat on the Bone"],"max_hp_gain":0,"max_hp_loss":0,"event_name":"Addict","floor":30,"gold_loss":85},{"damage_healed":0,"gold_gain":999,"player_choice":"Gold","damage_taken":0,"max_hp_gain":0,"max_hp_loss":0,"event_name":"MindBloom","floor":37,"gold_loss":0,"cards_obtained":["Normality","Normality"]}],"is_beta":false,"boss_relics":[{"not_picked":["Empty Cage","Cursed Key"],"picked":"Coffee Dripper"},{"not_picked":["Orrery","Tiny House"],"picked":"Eternal Feather"}],"items_purged_floors":[12,38,42,53],"is_endless":false,"potions_floor_spawned":[6,8,14,16,18,20,25,27,36,44,46,48],"killed_by":"The Heart","ascension_level":1}