{"gold_per_floor":[17,17,29,45,45,79,79,114,139,139,149,175,187,202,202,275,275,286,60,60,79,90,117,117,151,222,222,237,249,305,320,320,320],"floor_reached":33,"playtime":1712,"items_purged":[],"score":658,"play_id":"fdf359cf-b4eb-473f-8788-315f630ae59d","local_time":"20190321091231","is_ascension_mode":true,"campfire_choices":[{"data":"Bludgeon","floor":7.0,"key":"SMITH"},{"data":"Immolate","floor":10.0,"key":"SMITH"},{"data":"Whirlwind","floor":15,"key":"SMITH"},{"data":"Bash","floor":24,"key":"SMITH"},{"data":"Shrug It Off","floor":27,"key":"SMITH"},{"data":"Shrug It Off","floor":32,"key":"SMITH"}],"neow_cost":"NO_GOLD","seed_source_timestamp":661309067318438,"circlet_count":0,"master_deck":["AscendersBane","Strike_R+1","Strike_R+1","Defend_R","Defend_R","Defend_R","Bash+1","Immolate+1","Twin Strike","Whirlwind+1","Twin Strike","Bludgeon+1","Shrug It Off+1","Iron Wave","Evolve","Immolate","True Grit+1","Whirlwind+1","Iron Wave+1","Disarm+1","Writhe","Shrug It Off+1","Seeing Red","Thunderclap","Shockwave+1","Anger+1"],"special_seed":0,"relics":["Burning Blood","Oddly Smooth Stone","Whetstone","Art of War","Meat on the Bone","Astrolabe","Chemical X","Bronze Scales","FossilizedHelix","Omamori","Frozen Egg 2","Tiny Chest"],"potions_floor_usage":[25,33,33],"damage_taken":[{"damage":0.0,"enemies":"2 Louse","floor":1.0,"turns":1.0},{"damage":7.0,"enemies":"Small Slimes","floor":3.0,"turns":3.0},{"damage":2.0,"enemies":"Jaw Worm","floor":4.0,"turns":3.0},{"damage":24.0,"enemies":"Gremlin Nob","floor":6.0,"turns":4.0},{"damage":20.0,"enemies":"Lagavulin","floor":8.0,"turns":4.0},{"damage":10.0,"enemies":"Exordium Thugs","floor":11.0,"turns":4.0},{"damage":3.0,"enemies":"3 Sentries","floor":12.0,"turns":5.0},{"damage":0.0,"enemies":"Exordium Wildlife","floor":13.0,"turns":2.0},{"damage":16,"enemies":"Blue Slaver","floor":14,"turns":4},{"damage":40,"enemies":"Slime Boss","floor":16,"turns":10},{"damage":22,"enemies":"2 Thieves","floor":18,"turns":2},{"damage":0,"enemies":"3 Byrds","floor":21,"turns":3},{"damage":18,"enemies":"Snake Plant","floor":22,"turns":3},{"damage":30,"enemies":"Book of Stabbing","floor":23,"turns":5},{"damage":15,"enemies":"Slavers","floor":25,"turns":3},{"damage":0,"enemies":"Snecko","floor":28,"turns":3},{"damage":0,"enemies":"Centurion and Healer","floor":29,"turns":3},{"damage":2,"enemies":"Gremlin Leader","floor":30,"turns":5},{"damage":15,"enemies":"Snake Plant","floor":31,"turns":4},{"damage":60,"enemies":"Champ","floor":33,"turns":9}],"seed_played":"7264036315962535235","potions_obtained":[{"floor":1.0,"key":"Weak Potion"},{"floor":4.0,"key":"SpeedPotion"},{"floor":8.0,"key":"Explosive Potion"},{"floor":16,"key":"FairyPotion"},{"floor":18,"key":"SkillPotion"},{"floor":22,"key":"Fire Potion"},{"floor":23,"key":"Block Potion"},{"floor":29,"key":"PowerPotion"}],"is_trial":false,"path_per_floor":["M","$","M","M","?","E","R","E","T","R","M","E","M","M","R","B",null,"M","$","?","M","M","E","R","E","T","R","M","M","E","M","R","B"],"character_chosen":"IRONCLAD","items_purchased":["Chemical X"],"campfire_rested":0,"item_purchase_floors":[19],"current_hp_per_floor":[74,74,73,75,68,50,50,36,36,36,32,35,53,55,55,33,65,49,49,49,55,55,43,43,46,46,46,52,58,62,53,53,0],"gold":320,"neow_bonus":"THREE_RARE_CARDS","is_prod":false,"is_daily":false,"chose_seed":false,"campfire_upgraded":6,"win_rate":0,"timestamp":1553177551,"path_taken":["M","$","M","M","?","E","R","E","T","R","M","E","M","M","R","BOSS","M","$","?","M","M","E","R","E","T","R","M","M","E","M","R","BOSS"],"build_version":"2019-01-23","purchased_purges":0,"victory":false,"max_hp_per_floor":[75,75,75,75,75,75,75,75,75,75,75,75,75,75,75,75,75,75,75,75,75,75,75,75,75,75,75,75,75,75,75,75,75],"card_choices":[{"not_picked":["Double Tap","Berserk"],"picked":"Immolate","floor":0.0},{"not_picked":["Infernal Blade","Warcry"],"picked":"Twin Strike","floor":1.0},{"not_picked":["Twin Strike","Armaments"],"picked":"Whirlwind","floor":3.0},{"not_picked":["Wild Strike","Warcry"],"picked":"Twin Strike","floor":4.0},{"not_picked":["Cleave","Sentinel"],"picked":"Bludgeon","floor":6.0},{"not_picked":["Rage","Shockwave"],"picked":"Shrug It Off","floor":8.0},{"not_picked":["Fire Breathing","Searing Blow","Carnage"],"picked":"SKIP","floor":11.0},{"not_picked":["Flex","Berserk","Combust"],"picked":"SKIP","floor":12.0},{"not_picked":["Fire Breathing","Wild Strike"],"picked":"Iron Wave","floor":13.0},{"not_picked":["Burning Pact","Bloodletting"],"picked":"Evolve","floor":14},{"not_picked":["Brutality","Barricade"],"picked":"Immolate","floor":16},{"not_picked":["Burning Pact","Havoc"],"picked":"Disarm+1","floor":18},{"not_picked":["Shockwave","Intimidate"],"picked":"Shrug It Off","floor":21},{"not_picked":["Bloodletting+1","Corruption"],"picked":"Seeing Red","floor":22},{"not_picked":["Uppercut","Entrench"],"picked":"Thunderclap","floor":23},{"not_picked":["Iron Wave","Dual Wield","Pummel"],"picked":"SKIP","floor":25},{"not_picked":["Warcry","Anger","Body Slam"],"picked":"SKIP","floor":28},{"not_picked":["Warcry","Anger","Body Slam"],"picked":"SKIP","floor":28},{"not_picked":["Cleave","Wild Strike"],"picked":"Shockwave+1","floor":29},{"not_picked":["Pommel Strike","Clash"],"picked":"Anger+1","floor":30},{"not_picked":["Dropkick","Havoc","Thunderclap"],"picked":"SKIP","floor":31}],"player_experience":890991,"relics_obtained":[{"floor":6.0,"key":"Oddly Smooth Stone"},{"floor":8.0,"key":"Whetstone"},{"floor":9.0,"key":"Art of War"},{"floor":12.0,"key":"Meat on the Bone"},{"floor":23,"key":"FossilizedHelix"},{"floor":25,"key":"Omamori"},{"floor":26,"key":"Frozen Egg 2"},{"floor":30,"key":"Tiny Chest"}],"event_choices":[{"cards_removed":["Strike_R"],"damage_healed":0.0,"max_hp_gain":0.0,"max_hp_loss":0.0,"gold_gain":0.0,"event_name":"Golden Wing","player_choice":"Card Removal","floor":5.0,"gold_loss":0.0,"damage_taken":7.0},{"damage_healed":0,"gold_gain":0,"player_choice":"Opened","damage_taken":0,"relics_obtained":["Bronze Scales"],"max_hp_gain":0,"max_hp_loss":0,"event_name":"The Mausoleum","floor":20,"gold_loss":0,"cards_obtained":["Writhe"]}],"is_beta":false,"boss_relics":[{"not_picked":["Runic Dome","Black Blood"],"picked":"Astrolabe"}],"items_purged_floors":[],"is_endless":false,"potions_floor_spawned":[1,4,8,11,16,18,22,23,29,31],"killed_by":"Champ","ascension_level":20}