{"gold_per_floor":[367,378,378,378,63,98,98,124,124,144,144,162,172,6,6,107,107,119,133,133],"floor_reached":20,"playtime":905,"items_purged":["Pain"],"score":285,"play_id":"c40362bf-c112-49ef-bf16-a43a247f49d2","local_time":"20181023200313","is_ascension_mode":true,"campfire_choices":[{"floor":7,"key":"REST"},{"floor":11,"key":"REST"},{"floor":15,"key":"REST"}],"neow_cost":"CURSE","seed_source_timestamp":212969242949357,"circlet_count":0,"master_deck":["Strike_B","Strike_B","Defend_B","Defend_B","Defend_B","Defend_B","Zap","Dualcast","AscendersBane","Gash","Gash","Leap","Glacier","Hello World","Buffer","Conserve Battery","Scrape","Bandage Up","Core Surge","Ball Lightning+1","Redo+1","Decay","Compile Driver","Scrape"],"relics":["Cracked Core","WarpedTongs","Sling","Darkstone Periapt","Blue Candle","Ancient Tea Set","Astrolabe"],"potions_floor_usage":[18,20],"damage_taken":[{"damage":11,"enemies":"2 Louse","floor":1,"turns":2},{"damage":10,"enemies":"Small Slimes","floor":2,"turns":4},{"damage":28,"enemies":"Lagavulin","floor":6,"turns":6},{"damage":28,"enemies":"Gremlin Nob","floor":8,"turns":5},{"damage":5,"enemies":"Jaw Worm","floor":10,"turns":4},{"damage":0,"enemies":"Looter","floor":12,"turns":3},{"damage":15,"enemies":"Gremlin Gang","floor":13,"turns":5},{"damage":24,"enemies":"Slime Boss","floor":16,"turns":12},{"damage":13,"enemies":"Shell Parasite","floor":18,"turns":6},{"damage":15,"enemies":"Chosen","floor":19,"turns":6},{"damage":43,"enemies":"Colosseum Slavers","floor":20,"turns":5},{"damage":21,"enemies":"Colosseum Nobs","floor":20,"turns":2}],"seed_played":"3452084302848286148","potions_obtained":[{"floor":6,"key":"Energy Potion"},{"floor":8,"key":"GamblersBrew"},{"floor":16,"key":"Poison Potion"},{"floor":18,"key":"Explosive Potion"}],"is_trial":false,"path_per_floor":["M","M","?","?","$","E","R","E","T","M","R","M","M","$","R","B",null,"M","M"],"character_chosen":"DEFECT","items_purchased":["Sling","Leap","Scrape","Bandage Up"],"campfire_rested":3,"item_purchase_floors":[5,5,14,14],"current_hp_per_floor":[57,47,47,47,47,19,41,13,13,8,30,30,15,15,37,17,67,58,49,0],"gold":133,"neow_bonus":"TWO_FIFTY_GOLD","is_prod":false,"is_daily":false,"chose_seed":false,"campfire_upgraded":0,"win_rate":0,"timestamp":1540339393,"path_taken":["M","M","?","?","$","E","R","E","T","M","R","?","M","?","R","BOSS","M","?","?"],"build_version":"2018-10-18","purchased_purges":1,"victory":false,"max_hp_per_floor":[75,75,75,75,75,75,75,75,75,75,75,75,75,75,75,75,81,81,81,81],"card_choices":[{"not_picked":["FTL","Compile Driver"],"picked":"Gash","floor":1},{"not_picked":["Go for the Eyes","Coolheaded"],"picked":"Gash","floor":2},{"not_picked":["Chaos","Redo"],"picked":"Glacier","floor":6},{"not_picked":["Barrage","Go for the Eyes"],"picked":"Hello World","floor":8},{"not_picked":["Coolheaded","Go for the Eyes"],"picked":"Buffer","floor":10},{"not_picked":["Go for the Eyes","Genetic Algorithm"],"picked":"Conserve Battery","floor":12},{"not_picked":["Barrage","Conserve Battery","Glacier"],"picked":"SKIP","floor":13},{"not_picked":["Reboot","Machine Learning"],"picked":"Core Surge","floor":16},{"not_picked":["Coolheaded","Leap+1"],"picked":"Compile Driver","floor":18},{"not_picked":["FTL","Leap"],"picked":"Scrape","floor":19}],"player_experience":386979,"relics_obtained":[{"floor":6,"key":"Darkstone Periapt"},{"floor":8,"key":"Blue Candle"},{"floor":9,"key":"Ancient Tea Set"}],"event_choices":[{"damage_healed":0,"gold_gain":0,"player_choice":"Ignored","damage_taken":0,"max_hp_gain":0,"max_hp_loss":0,"event_name":"Liars Game","floor":3,"gold_loss":0},{"damage_healed":0,"gold_gain":0,"player_choice":"Rummage","damage_taken":0,"relics_obtained":["WarpedTongs"],"max_hp_gain":0,"max_hp_loss":0,"event_name":"Accursed Blacksmith","floor":4,"gold_loss":0,"cards_obtained":["Pain"]},{"damage_healed":0,"gold_gain":0,"player_choice":"Fight","damage_taken":0,"max_hp_gain":0,"max_hp_loss":0,"event_name":"Colosseum","floor":20,"gold_loss":0},{"damage_healed":0,"gold_gain":0,"player_choice":"Fought Nobs","damage_taken":0,"max_hp_gain":0,"max_hp_loss":0,"event_name":"Colosseum","floor":20,"gold_loss":0}],"is_beta":false,"boss_relics":[{"not_picked":["Inserter","Snecko Eye"],"picked":"Astrolabe"}],"items_purged_floors":[5],"is_endless":false,"potions_floor_spawned":[6,8,16,18,19],"killed_by":"Colosseum Nobs","ascension_level":11}