{"gold_per_floor":[17,17,33,102,119,144,144,179,206,206,21,0,0,14,14,142,142,137,137,29,49,65,65,106,34,34,59,59,73,47,65,65,193,193,211,230,27,43,59,59,74,74,101,126,126,144,167,238,238,238],"floor_reached":50,"playtime":3590,"items_purged":["Strike_G"],"score":643,"play_id":"40521a23-070c-455e-abbc-0e73ce919794","local_time":"20190501172614","is_ascension_mode":true,"campfire_choices":[{"data":"Noxious Fumes","floor":7,"key":"SMITH"},{"floor":10,"key":"REST"},{"floor":15,"key":"REST"},{"data":"Envenom","floor":23,"key":"SMITH"},{"floor":32,"key":"REST"},{"floor":40,"key":"REST"},{"data":"Accuracy","floor":42,"key":"SMITH"},{"floor":49,"key":"REST"}],"neow_cost":"NO_GOLD","seed_source_timestamp":700650328660849,"circlet_count":0,"master_deck":["Defend_G","Defend_G","Defend_G","Defend_G","Defend_G","Strike_G","Strike_G","Strike_G","Strike_G","Survivor","Neutralize","Noxious Fumes+1","Outmaneuver","Accuracy","Leg Sweep","Envenom+1","Dagger Throw","Venomology","Dodge and Roll+1","Well Laid Plans","Flechettes","Backstab+1","Sucker Punch","Cloak And Dagger+1","Prepared","Cloak And Dagger","Storm of Steel","Backflip+1","Accuracy+1","Violence","Acrobatics+1","Adrenaline"],"relics":["Ring of the Snake","Ninja Scroll","Torii","Paper Crane","Snake Skull","Golden Idol","Nloth\u0027s Gift","StoneCalendar","Anchor","Bottled Flame","Eternal Feather","TwistedFunnel","Orichalcum","Singing Bowl"],"potions_floor_usage":[8,14,16,18,22,24,24,27,29,29,31,33,33,35,39,41,44,44,47,50,50,50],"damage_taken":[{"damage":0,"enemies":"2 Louse","floor":1,"turns":3},{"damage":2,"enemies":"Jaw Worm","floor":3,"turns":6},{"damage":1,"enemies":"Small Slimes","floor":5,"turns":3},{"damage":49,"enemies":"Gremlin Nob","floor":6,"turns":5},{"damage":24,"enemies":"3 Sentries","floor":8,"turns":8},{"damage":1,"enemies":"Looter","floor":12,"turns":4},{"damage":3,"enemies":"Gremlin Gang","floor":14,"turns":4},{"damage":37,"enemies":"Slime Boss","floor":16,"turns":8},{"damage":8,"enemies":"2 Thieves","floor":18,"turns":4},{"damage":11,"enemies":"3 Byrds","floor":21,"turns":5},{"damage":10,"enemies":"Sentry and Sphere","floor":22,"turns":8},{"damage":19,"enemies":"Slavers","floor":24,"turns":6},{"damage":3,"enemies":"Snake Plant","floor":27,"turns":6},{"damage":24,"enemies":"3 Cultists","floor":29,"turns":7},{"damage":4,"enemies":"Shelled Parasite and Fungi","floor":31,"turns":7},{"damage":27,"enemies":"Champ","floor":33,"turns":12},{"damage":2,"enemies":"Orb Walker","floor":35,"turns":5},{"damage":1,"enemies":"3 Shapes","floor":36,"turns":7},{"damage":42,"enemies":"Writhing Mass","floor":38,"turns":7},{"damage":10,"enemies":"4 Shapes","floor":39,"turns":7},{"damage":1,"enemies":"Jaw Worm Horde","floor":41,"turns":4},{"damage":0,"enemies":"Transient","floor":44,"turns":5},{"damage":0,"enemies":"4 Shapes","floor":46,"turns":7},{"damage":21,"enemies":"Sphere and 2 Shapes","floor":47,"turns":7},{"damage":129,"enemies":"Time Eater","floor":50,"turns":12}],"seed_played":"5755749857047252765","potions_obtained":[{"floor":6,"key":"PowerPotion"},{"floor":14,"key":"SteroidPotion"},{"floor":16,"key":"FairyPotion"},{"floor":22,"key":"Weak Potion"},{"floor":24,"key":"GhostInAJar"},{"floor":31,"key":"GhostInAJar"},{"floor":41,"key":"Fire Potion"},{"floor":44,"key":"LiquidBronze"},{"floor":47,"key":"FairyPotion"}],"is_trial":false,"path_per_floor":["M","?","M","T","M","E","R","E","T","R","$","M","?","M","R","B",null,"M","?","$","M","M","R","E","?","T","M","$","M","$","M","R","B",null,"M","M","$","M","M","R","M","R","T","M","?","M","M","T","R","B"],"character_chosen":"THE_SILENT","items_purchased":["Envenom","Dexterity Potion","Well Laid Plans","Prepared","TwistedFunnel"],"campfire_rested":5,"item_purchase_floors":[11,11,20,30,37],"current_hp_per_floor":[77,82,80,80,79,30,30,6,6,32,32,31,31,28,52,15,65,57,57,57,46,36,36,17,17,17,14,14,8,8,4,28,1,62,60,59,59,17,7,46,45,60,60,60,60,60,39,39,81,0],"gold":238,"neow_bonus":"TWENTY_PERCENT_HP_BONUS","is_prod":false,"is_daily":false,"chose_seed":false,"campfire_upgraded":3,"win_rate":0,"timestamp":1556727974,"path_taken":["M","?","M","?","M","E","R","E","T","R","$","M","?","M","R","BOSS","M","?","$","M","?","R","E","?","T","M","$","M","$","M","R","BOSS","M","?","$","M","M","R","M","R","T","M","?","M","M","?","R","BOSS"],"build_version":"2019-01-23","purchased_purges":1,"victory":false,"max_hp_per_floor":[84,89,89,89,89,89,89,89,89,89,89,89,82,82,82,82,82,82,82,82,82,82,82,82,82,82,82,82,82,82,82,82,82,82,82,82,82,82,82,82,82,82,82,82,82,82,82,82,82,82],"card_choices":[{"not_picked":["Blade Dance","Cloak And Dagger"],"picked":"Noxious Fumes","floor":1},{"not_picked":["Well Laid Plans","Riddle With Holes","Acrobatics"],"picked":"SKIP","floor":3},{"not_picked":["Prepared","Concentrate"],"picked":"Outmaneuver","floor":5},{"not_picked":["Acrobatics","Slice"],"picked":"Accuracy","floor":6},{"not_picked":["Poisoned Stab","Accuracy"],"picked":"Leg Sweep","floor":8},{"not_picked":["Dagger Throw","Terror","Prepared"],"picked":"SKIP","floor":12},{"not_picked":["Riddle With Holes","Slice"],"picked":"Dagger Throw","floor":14},{"not_picked":["After Image","Storm of Steel"],"picked":"Venomology","floor":16},{"not_picked":["Noxious Fumes","Flying Knee"],"picked":"Dodge and Roll+1","floor":18},{"not_picked":["Escape Plan","Dagger Spray+1"],"picked":"Flechettes","floor":21},{"not_picked":["Venomology","Slice+1"],"picked":"Backstab+1","floor":22},{"not_picked":["Bane","Venomology"],"picked":"Sucker Punch","floor":24},{"not_picked":["Doppelganger","Prepared"],"picked":"Cloak And Dagger+1","floor":27},{"not_picked":["Sucker Punch","Slice","Poisoned Stab"],"picked":"SKIP","floor":29},{"not_picked":["Backflip","Poisoned Stab"],"picked":"Cloak And Dagger","floor":31},{"not_picked":["Envenom","Wraith Form v2"],"picked":"Storm of Steel","floor":33},{"not_picked":["Outmaneuver","Deadly Poison"],"picked":"Backflip+1","floor":35},{"not_picked":["Flying Knee","Dagger Throw"],"picked":"Accuracy","floor":36},{"not_picked":["Deadly Poison","Riddle With Holes+1","PiercingWail"],"picked":"SKIP","floor":38},{"not_picked":["Finisher","Deflect","Slice"],"picked":"SKIP","floor":39},{"not_picked":["Backflip","Venomology","Dagger Throw"],"picked":"SKIP","floor":41},{"not_picked":["PiercingWail","Dodge and Roll","Outmaneuver+1"],"picked":"SKIP","floor":44},{"not_picked":["Swift Strike","Master of Strategy"],"picked":"Violence","floor":45},{"not_picked":["Well Laid Plans","Dodge and Roll+1"],"picked":"Acrobatics+1","floor":46},{"not_picked":["Distraction","Poisoned Stab"],"picked":"Adrenaline","floor":47}],"player_experience":575389,"relics_obtained":[{"floor":4,"key":"Ninja Scroll"},{"floor":6,"key":"Torii"},{"floor":8,"key":"Paper Crane"},{"floor":9,"key":"Snake Skull"},{"floor":24,"key":"StoneCalendar"},{"floor":26,"key":"Bottled Flame"},{"floor":43,"key":"Orichalcum"},{"floor":48,"key":"Singing Bowl"}],"event_choices":[{"damage_healed":0,"gold_gain":0,"player_choice":"Donut","damage_taken":0,"max_hp_gain":5,"max_hp_loss":0,"event_name":"Big Fish","floor":2,"gold_loss":0},{"damage_healed":0,"gold_gain":0,"player_choice":"Lose Max HP","damage_taken":0,"relics_obtained":["Golden Idol"],"max_hp_gain":0,"max_hp_loss":7,"event_name":"Golden Idol","floor":13,"gold_loss":0},{"damage_healed":0,"gold_gain":0,"player_choice":"Traded Relic","damage_taken":0,"relics_obtained":["Nloth\u0027s Gift"],"max_hp_gain":0,"max_hp_loss":0,"event_name":"N\u0027loth","floor":19,"relics_lost":["Coffee Dripper"],"gold_loss":0},{"damage_healed":0,"gold_gain":0,"player_choice":"Paid Gold","damage_taken":0,"relics_obtained":["Anchor"],"max_hp_gain":0,"max_hp_loss":0,"event_name":"WeMeetAgain","floor":25,"gold_loss":72},{"damage_healed":0,"gold_gain":0,"player_choice":"Memory 1","damage_taken":0,"max_hp_gain":0,"max_hp_loss":0,"event_name":"SensoryStone","floor":45,"gold_loss":0}],"is_beta":false,"boss_relics":[{"not_picked":["Orrery","Astrolabe"],"picked":"Coffee Dripper"},{"not_picked":["Black Star","White Beast Statue"],"picked":"Eternal Feather"}],"items_purged_floors":[20],"is_endless":false,"potions_floor_spawned":[6,14,16,22,24,27,31,41,44,47],"killed_by":"Time Eater","ascension_level":7}