{"gold_per_floor":[166,180,194,113,123,123,135,166,166,195,195,212,192,218,218,290,290,303,314,109,129,54,54,69,69,69,34,34,34,53,73,73,148,148,160,176,57,76,76],"floor_reached":39,"playtime":2852,"items_purged":["Strike_G"],"score":734,"play_id":"bfa52a28-d76a-40fd-9751-c3c1c1feac12","local_time":"20190122134742","is_ascension_mode":true,"campfire_choices":[{"data":"Noxious Fumes","floor":6.0,"key":"SMITH"},{"floor":11.0,"key":"REST"},{"floor":15.0,"key":"REST"},{"data":"Well Laid Plans","floor":23.0,"key":"SMITH"},{"floor":25.0,"key":"REST"},{"data":"Malaise","floor":29,"key":"SMITH"},{"data":"Catalyst","floor":32,"key":"SMITH"}],"neow_cost":"NONE","seed_source_timestamp":294716632095744,"circlet_count":0,"master_deck":["AscendersBane","Defend_G","Defend_G","Defend_G","Defend_G","Defend_G","Strike_G","Strike_G","Strike_G+1","Strike_G","Survivor","Neutralize","Cloak And Dagger","Blade Dance","Bouncing Flask","Bane","Noxious Fumes+1","Flying Knee","Well Laid Plans+1","Accuracy","Leg Sweep","Dagger Spray","Infinite Blades","Blur","Malaise+1","Catalyst+1","Dodge and Roll+1","Blade Dance","Regret","Leg Sweep","All Out Attack","Noxious Fumes","Corpse Explosion","Deadly Poison+1","Poisoned Stab+1","Panacea","Noxious Fumes","Footwork"],"special_seed":0,"relics":["Tiny House","Mercury Hourglass","Paper Crane","Matryoshka","Ornamental Fan","Cursed Key","MealTicket","Question Card","Ninja Scroll","MutagenicStrength","Sozu"],"potions_floor_usage":[33],"damage_taken":[{"damage":0.0,"enemies":"Cultist","floor":1.0,"turns":5.0},{"damage":0.0,"enemies":"Small Slimes","floor":2.0,"turns":5.0},{"damage":0.0,"enemies":"2 Louse","floor":3.0,"turns":2.0},{"damage":6.0,"enemies":"Blue Slaver","floor":5.0,"turns":4.0},{"damage":9.0,"enemies":"Gremlin Gang","floor":7.0,"turns":4.0},{"damage":25.0,"enemies":"3 Sentries","floor":8.0,"turns":5.0},{"damage":6.0,"enemies":"Gremlin Nob","floor":10.0,"turns":4.0},{"damage":7.0,"enemies":"Large Slime","floor":12.0,"turns":5.0},{"damage":18.0,"enemies":"3 Sentries","floor":14.0,"turns":5.0},{"damage":23.0,"enemies":"Slime Boss","floor":16.0,"turns":9.0},{"damage":1.0,"enemies":"Chosen","floor":18.0,"turns":4.0},{"damage":13.0,"enemies":"3 Byrds","floor":19.0,"turns":4.0},{"damage":9.0,"enemies":"Centurion and Healer","floor":21.0,"turns":9.0},{"damage":22.0,"enemies":"Snake Plant","floor":24.0,"turns":6.0},{"damage":0,"enemies":"Chosen and Byrds","floor":30,"turns":6},{"damage":2,"enemies":"Centurion and Healer","floor":31,"turns":5},{"damage":35,"enemies":"Automaton","floor":33,"turns":11},{"damage":11,"enemies":"Orb Walker","floor":35,"turns":4},{"damage":7,"enemies":"3 Shapes","floor":36,"turns":3},{"damage":37,"enemies":"Transient","floor":38,"turns":5},{"damage":20,"enemies":"Writhing Mass","floor":39,"turns":3}],"seed_played":"4463065482476494748","potions_obtained":[{"floor":0.0,"key":"Strength Potion"},{"floor":2.0,"key":"LiquidBronze"},{"floor":8.0,"key":"EssenceOfSteel"},{"floor":10.0,"key":"GamblersBrew"},{"floor":13.0,"key":"SkillPotion"},{"floor":14.0,"key":"SteroidPotion"},{"floor":21.0,"key":"AttackPotion"},{"floor":30,"key":"SkillPotion"},{"floor":33,"key":"Weak Potion"}],"is_trial":false,"path_per_floor":["M","M","M","$","M","R","M","E","T","E","R","M","?","E","R","B",null,"M","M","$","M","$","R","M","R","T","$","?","R","M","M","R","B",null,"M","M","$","M","M"],"character_chosen":"THE_SILENT","items_purchased":["Noxious Fumes","Flying Knee","MealTicket","Leg Sweep","Panacea","Noxious Fumes"],"campfire_rested":3,"item_purchase_floors":[4,4,20,27,37,37],"current_hp_per_floor":[64,64,64,64,58,58,49,24,24,18,39,32,32,14,35,12,56,55,42,42,33,48,48,26,47,47,47,47,47,47,45,45,10,56,45,38,53,16,0],"gold":76,"neow_bonus":"BOSS_RELIC","is_prod":false,"is_daily":false,"chose_seed":false,"campfire_upgraded":4,"win_rate":0,"timestamp":1548182862,"path_taken":["M","M","M","$","M","R","M","E","T","E","R","?","?","E","R","BOSS","M","M","$","M","$","R","M","R","T","?","?","R","M","M","R","BOSS","M","M","$","M","M"],"build_version":"2019-01-17v2","purchased_purges":1,"victory":false,"max_hp_per_floor":[71,71,71,71,71,71,71,71,71,71,71,71,71,71,71,71,71,71,71,71,71,71,71,71,71,71,71,71,71,71,71,71,71,71,71,71,71,71,71],"card_choices":[{"not_picked":["Backflip","Blade Dance"],"picked":"Cloak And Dagger","floor":0.0},{"not_picked":["Underhanded Strike","Slice"],"picked":"Blade Dance","floor":1.0},{"not_picked":["Dagger Spray","Poisoned Stab"],"picked":"Bouncing Flask","floor":2.0},{"not_picked":["Outmaneuver","Deflect"],"picked":"Bane","floor":3.0},{"not_picked":["Sucker Punch","Masterful Stab"],"picked":"Well Laid Plans","floor":5.0},{"not_picked":["Well Laid Plans","Leg Sweep"],"picked":"Accuracy","floor":7.0},{"not_picked":["Terror","Calculated Gamble"],"picked":"Leg Sweep","floor":8.0},{"not_picked":["Prepared","Dash"],"picked":"Dagger Spray","floor":10.0},{"not_picked":["Adrenaline","Dash"],"picked":"Infinite Blades","floor":12.0},{"not_picked":["Reflex","Slice"],"picked":"Blur","floor":14.0},{"not_picked":["Wraith Form v2","Die Die Die"],"picked":"Malaise","floor":16.0},{"not_picked":["Backflip","Cloak And Dagger"],"picked":"Catalyst","floor":18.0},{"not_picked":["Quick Slash","Bane"],"picked":"Dodge and Roll+1","floor":19.0},{"not_picked":["Slice","Bullet Time"],"picked":"Blade Dance","floor":21.0},{"not_picked":["Tactician","Terror","Dodge and Roll"],"picked":"SKIP","floor":24.0},{"not_picked":["Cloak And Dagger","Sucker Punch","Deadly Poison"],"picked":"All Out Attack","floor":30},{"not_picked":["Quick Slash","Dagger Spray","Deflect"],"picked":"Noxious Fumes","floor":31},{"not_picked":["Venomology","Burst","Adrenaline"],"picked":"Corpse Explosion","floor":33},{"not_picked":["Heel Hook","Outmaneuver","Crippling Poison"],"picked":"Deadly Poison+1","floor":35},{"not_picked":["Infinite Blades","Distraction","Acrobatics+1"],"picked":"Poisoned Stab+1","floor":36},{"not_picked":["Malaise","Dagger Spray","Caltrops+1"],"picked":"Footwork","floor":38}],"player_experience":547852,"relics_obtained":[{"floor":8.0,"key":"Mercury Hourglass"},{"floor":9.0,"key":"Paper Crane"},{"floor":10.0,"key":"Matryoshka"},{"floor":14.0,"key":"Ornamental Fan"},{"floor":26.0,"key":"Question Card"},{"floor":26.0,"key":"Ninja Scroll"}],"event_choices":[{"damage_healed":0.0,"max_hp_gain":0.0,"max_hp_loss":0.0,"gold_gain":0.0,"event_name":"The Woman in Blue","player_choice":"Bought 1 Potion","floor":13.0,"gold_loss":0.0,"damage_taken":0.0},{"damage_healed":0,"gold_gain":0,"player_choice":"Inject Mutagens","damage_taken":0,"relics_obtained":["MutagenicStrength"],"max_hp_gain":0,"max_hp_loss":0,"event_name":"Drug Dealer","floor":28,"gold_loss":0}],"is_beta":false,"boss_relics":[{"not_picked":["Fusion Hammer","White Beast Statue"],"picked":"Cursed Key"},{"not_picked":["Orrery","Runic Pyramid"],"picked":"Sozu"}],"items_purged_floors":[22],"is_endless":false,"potions_floor_spawned":[2,8,10,14,21,30,33,38],"killed_by":"Writhing Mass","ascension_level":15}