{"gold_per_floor":[113,61,80,97,172,200,212,240,266,266,279,309,309,320,320,320],"floor_reached":16,"playtime":1108,"items_purged":[],"score":112,"play_id":"82e5fdbb-bf73-47d7-a335-508ba4794652","local_time":"20190504224852","is_ascension_mode":false,"campfire_choices":[{"floor":10,"key":"REST"},{"floor":13,"key":"REST"},{"floor":15,"key":"REST"}],"neow_cost":"NONE","seed_source_timestamp":266582275102500,"circlet_count":0,"master_deck":["Strike_R","Strike_R","Strike_R","Strike_R","Strike_R","Defend_R","Defend_R","Defend_R","Defend_R","Bash","Reaper","Armaments","Flex","Dropkick","Headbutt","Twin Strike","Shrug It Off","Body Slam","Dropkick"],"relics":["Burning Blood","Centennial Puzzle","Odd Mushroom","Regal Pillow","Happy Flower"],"potions_floor_usage":[6,16,16],"damage_taken":[{"damage":16,"enemies":"2 Louse","floor":1,"turns":4},{"damage":16,"enemies":"Jaw Worm","floor":3,"turns":6},{"damage":0,"enemies":"Small Slimes","floor":4,"turns":3},{"damage":55,"enemies":"3 Sentries","floor":6,"turns":12},{"damage":20,"enemies":"3 Louse","floor":7,"turns":4},{"damage":25,"enemies":"The Mushroom Lair","floor":8,"turns":4},{"damage":12,"enemies":"Exordium Wildlife","floor":11,"turns":5},{"damage":62,"enemies":"Lagavulin","floor":12,"turns":11},{"damage":19,"enemies":"Large Slime","floor":14,"turns":6},{"damage":100,"enemies":"Slime Boss","floor":16,"turns":13}],"seed_played":"8652289702586380817","potions_obtained":[{"floor":1,"key":"Regen Potion"},{"floor":4,"key":"SpeedPotion"},{"floor":7,"key":"Block Potion"}],"is_trial":false,"path_per_floor":["M","$","M","M","?","E","M","?","T","R","M","E","R","M","R","B"],"character_chosen":"IRONCLAD","items_purchased":["Armaments"],"campfire_rested":3,"item_purchase_floors":[2],"current_hp_per_floor":[70,70,65,80,69,46,42,41,41,80,80,27,66,58,80,0],"gold":320,"neow_bonus":"ONE_RANDOM_RARE_CARD","is_prod":false,"is_daily":false,"chose_seed":false,"campfire_upgraded":0,"win_rate":0.0,"timestamp":1557002932,"path_taken":["M","$","M","M","?","E","M","?","T","R","M","E","R","M","R","BOSS"],"build_version":"2019-01-23","purchased_purges":0,"victory":false,"max_hp_per_floor":[80,80,80,80,80,80,80,80,80,80,80,80,80,80,80,80],"card_choices":[{"not_picked":["Corruption","Burning Pact","Sword Boomerang"],"picked":"SKIP","floor":1},{"not_picked":["Clothesline","Thunderclap"],"picked":"Flex","floor":3},{"not_picked":["Headbutt","Thunderclap"],"picked":"Dropkick","floor":4},{"not_picked":["Infernal Blade","Barricade"],"picked":"Headbutt","floor":6},{"not_picked":["Perfected Strike","Fire Breathing","Infernal Blade"],"picked":"SKIP","floor":7},{"not_picked":["Iron Wave","Limit Break"],"picked":"Twin Strike","floor":8},{"not_picked":["Warcry","Disarm"],"picked":"Shrug It Off","floor":11},{"not_picked":["True Grit","Uppercut"],"picked":"Body Slam","floor":12},{"not_picked":["Armaments","Second Wind"],"picked":"Dropkick","floor":14}],"player_experience":16816,"relics_obtained":[{"floor":6,"key":"Centennial Puzzle"},{"floor":8,"key":"Odd Mushroom"},{"floor":9,"key":"Regal Pillow"},{"floor":12,"key":"Happy Flower"}],"event_choices":[{"damage_healed":0,"gold_gain":75,"player_choice":"Gather Gold","damage_taken":11,"max_hp_gain":0,"max_hp_loss":0,"event_name":"World of Goop","floor":5,"gold_loss":0},{"damage_healed":0,"gold_gain":0,"player_choice":"Fought Mushrooms","damage_taken":0,"max_hp_gain":0,"max_hp_loss":0,"event_name":"Mushrooms","floor":8,"gold_loss":0}],"is_beta":false,"boss_relics":[],"items_purged_floors":[],"is_endless":false,"potions_floor_spawned":[1,4,7],"killed_by":"Slime Boss","ascension_level":0}