{"gold_per_floor":[110,385,401,19,19,19,49,49,72,72,104,24,54,68,68,142,142,142,142,57,57,57,57,57,57,57,57,57,57,57,57,57,57,57,57,0,0,0,0,0,0,0,0,0,0,0,0,0,0,0,0,0,0,0,0,0],"floor_reached":56,"playtime":4894,"items_purged":["Regret"],"score":2093,"play_id":"7e2a72dc-eeae-4d88-a287-666370c5ed56","local_time":"20190408145816","is_ascension_mode":true,"campfire_choices":[{"data":"Dagger Spray","floor":6.0,"key":"SMITH"},{"data":"Neutralize","floor":8.0,"key":"SMITH"},{"data":"Well Laid Plans","floor":10.0,"key":"SMITH"},{"data":"Go for the Eyes","floor":15.0,"key":"SMITH"},{"data":"Static Discharge","floor":24.0,"key":"SMITH"},{"floor":27.0,"key":"REST"},{"data":"Adrenaline","floor":29.0,"key":"SMITH"},{"floor":32.0,"key":"REST"},{"floor":41.0,"key":"REST"},{"floor":47.0,"key":"RECALL"},{"floor":49.0,"key":"REST"},{"floor":53.0,"key":"REST"}],"neow_cost":"NONE","seed_source_timestamp":186059968223630,"circlet_count":0,"master_deck":["AscendersBane","Defend_G","Defend_G","Defend_G","Defend_G","Defend_G","Strike_G","Strike_G","Strike_G","Strike_G","Strike_G","Survivor","Neutralize+1","Dagger Spray+1","All Out Attack","Well Laid Plans+1","Violence","Corpse Explosion","Headbutt","Go for the Eyes+1","Adrenaline+1","Dagger Spray+1","Reprogram","Static Discharge+1","FTL","Writhe","RitualDagger","Echo Form","PiercingWail","PiercingWail","Dodge and Roll","Undo","Deflect","Echo Form","Iron Wave","Escape Plan+1","Finesse+1","Heavy Blade+1","Backflip"],"special_seed":0,"relics":["Ring of the Snake","NeowsBlessing","PrismaticShard","Thread and Needle","Smiling Mask","Vajra","Art of War","Regal Pillow","Ectoplasm","Shuriken","FossilizedHelix","Ornamental Fan","Potion Belt","Strawberry","Orrery","Mercury Hourglass","Snake Skull","Incense Burner"],"potions_floor_usage":[56],"damage_taken":[{"damage":0.0,"enemies":"Cultist","floor":1.0,"turns":1.0},{"damage":0.0,"enemies":"2 Louse","floor":3.0,"turns":1.0},{"damage":0.0,"enemies":"Lagavulin","floor":7.0,"turns":1.0},{"damage":10.0,"enemies":"Gremlin Nob","floor":11.0,"turns":4.0},{"damage":1.0,"enemies":"3 Sentries","floor":13.0,"turns":4.0},{"damage":0.0,"enemies":"Small Slimes","floor":14.0,"turns":2.0},{"damage":39.0,"enemies":"Slime Boss","floor":16.0,"turns":9.0},{"damage":0.0,"enemies":"Spheric Guardian","floor":18.0,"turns":4.0},{"damage":2.0,"enemies":"3 Byrds","floor":19.0,"turns":4.0},{"damage":3.0,"enemies":"Centurion and Healer","floor":21.0,"turns":4.0},{"damage":16.0,"enemies":"Slavers","floor":23.0,"turns":3.0},{"damage":0.0,"enemies":"Gremlin Leader","floor":28.0,"turns":5.0},{"damage":31.0,"enemies":"Automaton","floor":33.0,"turns":8.0},{"damage":0.0,"enemies":"Orb Walker","floor":35.0,"turns":4.0},{"damage":0.0,"enemies":"3 Darklings","floor":38.0,"turns":2.0},{"damage":16.0,"enemies":"Jaw Worm Horde","floor":39.0,"turns":4.0},{"damage":29.0,"enemies":"Reptomancer","floor":40.0,"turns":7.0},{"damage":0.0,"enemies":"4 Shapes","floor":42.0,"turns":2.0},{"damage":0.0,"enemies":"Maw","floor":44.0,"turns":7.0},{"damage":0.0,"enemies":"Giant Head","floor":45.0,"turns":7.0},{"damage":10.0,"enemies":"Spire Growth","floor":48.0,"turns":5.0},{"damage":66.0,"enemies":"Donu and Deca","floor":50.0,"turns":8.0},{"damage":1.0,"enemies":"Awakened One","floor":51.0,"turns":16.0},{"damage":69.0,"enemies":"Shield and Spear","floor":55.0,"turns":7.0},{"damage":63,"enemies":"The Heart","floor":56,"turns":3}],"seed_played":"351863757888801672","potions_obtained":[{"floor":1.0,"key":"SkillPotion"},{"floor":7.0,"key":"Fire Potion"},{"floor":14.0,"key":"Poison Potion"},{"floor":16.0,"key":"Fire Potion"},{"floor":21.0,"key":"AttackPotion"},{"floor":23.0,"key":"Fire Potion"},{"floor":28.0,"key":"Strength Potion"},{"floor":39.0,"key":"Block Potion"},{"floor":40.0,"key":"SpeedPotion"},{"floor":48.0,"key":"LiquidBronze"},{"floor":55.0,"key":"FearPotion"}],"is_trial":false,"path_per_floor":["M","?","M","$","T","R","E","R","T","R","E","$","E","M","R","B",null,"M","M","?","M","$","E","R","?","T","R","E","R","?","?","R","B",null,"M","$","?","M","M","E","R","M","T","M","E","$","R","M","R","B","B",null,"R","$","E","B"],"character_chosen":"THE_SILENT","items_purchased":["PrismaticShard","Well Laid Plans","Corpse Explosion","Dexterity Potion"],"campfire_rested":5,"item_purchase_floors":[4,4,12,36],"current_hp_per_floor":[59,59,59,59,59,59,59,59,59,59,49,49,48,48,48,9,52,52,50,50,47,47,31,31,13,13,49,49,49,56,50,78,47,70,70,70,70,70,54,25,63,63,63,63,63,63,63,53,78,12,11,61,78,78,9,0],"gold":0,"neow_bonus":"THREE_ENEMY_KILL","is_prod":false,"is_daily":false,"chose_seed":false,"campfire_upgraded":6,"win_rate":0,"timestamp":1554753496,"path_taken":["M","?","M","$","?","R","E","R","T","R","E","$","E","M","R","BOSS","M","M","?","M","$","E","R","?","T","R","E","R","?","?","R","BOSS","M","$","?","M","M","E","R","?","T","M","E","$","R","M","R","BOSS","BOSS","R","$","E","BOSS"],"build_version":"2019-01-23","purchased_purges":1,"victory":false,"max_hp_per_floor":[66,66,66,66,66,66,66,66,66,66,66,66,66,66,66,66,66,66,66,66,66,66,66,66,71,71,71,71,71,78,78,78,78,78,78,78,78,78,78,78,78,78,78,78,78,78,78,78,78,78,78,78,78,78,78,78],"card_choices":[{"not_picked":["Caltrops","Prepared"],"picked":"Dagger Spray","floor":1.0},{"not_picked":["Deadly Poison","Tactician"],"picked":"All Out Attack","floor":3.0},{"not_picked":["Heel Hook","Sucker Punch","Infinite Blades"],"picked":"SKIP","floor":7.0},{"not_picked":["Well Laid Plans","Dodge and Roll"],"picked":"Violence","floor":11.0},{"not_picked":["Masterful Stab","Dodge and Roll"],"picked":"Headbutt","floor":13.0},{"not_picked":["Finisher","Blood for Blood"],"picked":"Go for the Eyes","floor":14.0},{"not_picked":["Thunder Strike","Apotheosis"],"picked":"Adrenaline","floor":16.0},{"not_picked":["Flying Knee","Acrobatics"],"picked":"Dagger Spray+1","floor":18.0},{"not_picked":["Clash","Flechettes"],"picked":"Reprogram","floor":19.0},{"not_picked":["Sentinel","Intimidate"],"picked":"Static Discharge","floor":21.0},{"not_picked":["Steam","Acrobatics"],"picked":"FTL","floor":23.0},{"not_picked":["Storm","Loop","Quick Slash"],"picked":"SKIP","floor":28.0},{"not_picked":["Glass Knife","Feed"],"picked":"Echo Form","floor":33.0},{"not_picked":["Endless Agony","Deep Breath"],"picked":"PiercingWail","floor":34.0},{"not_picked":["Recycle","Cleave"],"picked":"PiercingWail","floor":34.0},{"not_picked":["Rebound+1","Headbutt"],"picked":"Dodge and Roll","floor":34.0},{"not_picked":["Searing Blow+1","Dual Wield"],"picked":"Undo","floor":34.0},{"not_picked":["Beam Cell","Streamline+1"],"picked":"Deflect","floor":34.0},{"not_picked":["Redo","Immolate","Heatsinks+1"],"picked":"SKIP","floor":35.0},{"not_picked":["Backstab","Wild Strike"],"picked":"Iron Wave","floor":38.0},{"not_picked":["Darkness","Cold Snap"],"picked":"Escape Plan+1","floor":39.0},{"not_picked":["Well Laid Plans","Brutality"],"picked":"Finesse+1","floor":40.0},{"not_picked":["Dropkick","Rebound+1"],"picked":"Heavy Blade+1","floor":42.0},{"not_picked":["Steam","Dodge and Roll"],"picked":"Backflip","floor":44.0},{"not_picked":["Catalyst","Steam","Tools of the Trade"],"picked":"SKIP","floor":45.0},{"not_picked":["Thunderclap","Fusion","Deadly Poison+1"],"picked":"SKIP","floor":48.0},{"not_picked":["Scrape+1","Jack Of All Trades","Cleave"],"picked":"SKIP","floor":55.0}],"player_experience":1005041,"relics_obtained":[{"floor":5.0,"key":"Thread and Needle"},{"floor":7.0,"key":"Smiling Mask"},{"floor":9.0,"key":"Vajra"},{"floor":11.0,"key":"Art of War"},{"floor":13.0,"key":"Regal Pillow"},{"floor":23.0,"key":"FossilizedHelix"},{"floor":26.0,"key":"Ornamental Fan"},{"floor":28.0,"key":"Potion Belt"},{"floor":40.0,"key":"Mercury Hourglass"},{"floor":45.0,"key":"Snake Skull"},{"floor":55.0,"key":"Incense Burner"}],"event_choices":[{"damage_healed":0.0,"max_hp_gain":0.0,"max_hp_loss":0.0,"gold_gain":275.0,"event_name":"Golden Shrine","player_choice":"Desecrate","floor":2.0,"gold_loss":0.0,"damage_taken":0.0,"cards_obtained":["Regret"]},{"damage_healed":0.0,"max_hp_gain":0.0,"max_hp_loss":0.0,"gold_gain":0.0,"event_name":"Addict","player_choice":"Obtained Relic","floor":20.0,"gold_loss":85.0,"damage_taken":0.0,"relics_obtained":["Shuriken"]},{"damage_healed":0.0,"max_hp_gain":5.0,"max_hp_loss":0.0,"gold_gain":0.0,"event_name":"Forgotten Altar","player_choice":"Shed Blood","floor":25.0,"gold_loss":0.0,"damage_taken":23.0},{"damage_healed":0.0,"max_hp_gain":0.0,"max_hp_loss":0.0,"gold_gain":0.0,"event_name":"The Mausoleum","player_choice":"Opened","floor":30.0,"gold_loss":0.0,"damage_taken":0.0,"relics_obtained":["Strawberry"],"cards_obtained":["Writhe"]},{"damage_healed":0.0,"max_hp_gain":0.0,"max_hp_loss":0.0,"gold_gain":0.0,"event_name":"Nest","player_choice":"Joined the Cult","floor":31.0,"gold_loss":0.0,"damage_taken":6.0,"cards_obtained":["RitualDagger"]},{"damage_healed":0.0,"max_hp_gain":0.0,"max_hp_loss":0.0,"gold_gain":0.0,"event_name":"Duplicator","player_choice":"Copied","floor":37.0,"gold_loss":0.0,"damage_taken":0.0,"cards_obtained":["Echo Form"]}],"is_beta":false,"boss_relics":[{"not_picked":["Coffee Dripper","Eternal Feather"],"picked":"Ectoplasm"},{"not_picked":["Cursed Key","Philosopher\u0027s Stone"],"picked":"Orrery"}],"items_purged_floors":[4],"is_endless":false,"potions_floor_spawned":[1,7,14,16,21,23,28,39,40,48,55],"killed_by":"The Heart","ascension_level":20}