{"gold_per_floor":[118,68,82,96,107,107,133,167,190,153,153,179,192,3,3,103,103,116,116,134,134,153,153,165,178,202,202,212,137,137,197,197,299,299,318,368,433,501,511,511,527,545,545,545,484,547,547,565,565,565],"floor_reached":50,"playtime":6919,"items_purged":[],"score":510,"play_id":"10c3fa23-6416-4d35-bae1-bd79396340fc","local_time":"20190503203137","is_ascension_mode":false,"campfire_choices":[{"data":"Outmaneuver","floor":6.0,"key":"SMITH"},{"floor":11.0,"key":"REST"},{"floor":15.0,"key":"REST"},{"floor":23.0,"key":"REST"},{"floor":27.0,"key":"REST"},{"floor":32.0,"key":"REST"},{"floor":40.0,"key":"REST"},{"floor":44.0,"key":"REST"},{"floor":47.0,"key":"REST"},{"floor":49.0,"key":"REST"}],"neow_cost":"NONE","seed_source_timestamp":0,"circlet_count":0,"master_deck":["Defend_G","Defend_G","Defend_G","Defend_G","Strike_G","Strike_G","Strike_G","Strike_G","Survivor","Neutralize","Poisoned Stab","Outmaneuver+1","Footwork","Flying Knee","Deflect","Acrobatics","Well Laid Plans","Backflip","All Out Attack","Infinite Blades","Envenom","Outmaneuver","Bouncing Flask","Deadly Poison","Terror","Crippling Poison+1","PiercingWail","Deflect+1","Poisoned Stab+1","Tools of the Trade","Leg Sweep+1","Escape Plan+1","Dodge and Roll","Backflip+1","Flying Knee+1","Prepared","Parasite","Deflect"],"special_seed":0,"relics":["Ring of the Snake","NeowsBlessing","Odd Mushroom","Pen Nib","PreservedInsect","Regal Pillow","Lantern","Calling Bell","Oddly Smooth Stone","Gremlin Horn","Incense Burner","Bag of Marbles","SsserpentHead","Empty Cage","Happy Flower","Bottled Flame","Mummified Hand"],"potions_floor_usage":[50],"damage_taken":[{"damage":0.0,"enemies":"Small Slimes","floor":1.0,"turns":1.0},{"damage":0.0,"enemies":"2 Louse","floor":3.0,"turns":1.0},{"damage":0.0,"enemies":"Jaw Worm","floor":4.0,"turns":1.0},{"damage":20.0,"enemies":"Lots of Slimes","floor":5.0,"turns":10.0},{"damage":15.0,"enemies":"The Mushroom Lair","floor":7.0,"turns":7.0},{"damage":24.0,"enemies":"Gremlin Nob","floor":8.0,"turns":5.0},{"damage":5.0,"enemies":"Lagavulin","floor":12.0,"turns":9.0},{"damage":0.0,"enemies":"Blue Slaver","floor":13.0,"turns":4.0},{"damage":11.0,"enemies":"Slime Boss","floor":16.0,"turns":11.0},{"damage":50.0,"enemies":"3 Byrds","floor":18.0,"turns":7.0},{"damage":15.0,"enemies":"Shell Parasite","floor":20.0,"turns":6.0},{"damage":1.0,"enemies":"Snecko","floor":22.0,"turns":6.0},{"damage":6.0,"enemies":"Cultist and Chosen","floor":24.0,"turns":7.0},{"damage":30.0,"enemies":"Centurion and Healer","floor":25.0,"turns":9.0},{"damage":19.0,"enemies":"Snecko","floor":28.0,"turns":6.0},{"damage":10.0,"enemies":"Sentry and Sphere","floor":31.0,"turns":6.0},{"damage":42.0,"enemies":"Automaton","floor":33.0,"turns":12.0},{"damage":24.0,"enemies":"Orb Walker","floor":35.0,"turns":5.0},{"damage":3.0,"enemies":"3 Shapes","floor":37.0,"turns":7.0},{"damage":8.0,"enemies":"Jaw Worm Horde","floor":38.0,"turns":5.0},{"damage":25.0,"enemies":"Transient","floor":39.0,"turns":5.0},{"damage":30.0,"enemies":"Spire Growth","floor":41.0,"turns":7.0},{"damage":6.0,"enemies":"Maw","floor":42.0,"turns":8.0},{"damage":13.0,"enemies":"Writhing Mass","floor":46.0,"turns":9.0},{"damage":10.0,"enemies":"Spire Growth","floor":48.0,"turns":5.0},{"damage":79,"enemies":"Time Eater","floor":50,"turns":9}],"seed_played":"-2294779369911962702","potions_obtained":[{"floor":5.0,"key":"PowerPotion"},{"floor":7.0,"key":"Dexterity Potion"},{"floor":8.0,"key":"Explosive Potion"},{"floor":12.0,"key":"GamblersBrew"},{"floor":13.0,"key":"GamblersBrew"},{"floor":18.0,"key":"Explosive Potion"},{"floor":20.0,"key":"AttackPotion"},{"floor":31.0,"key":"EssenceOfSteel"},{"floor":35.0,"key":"Swift Potion"},{"floor":37.0,"key":"SteroidPotion"},{"floor":38.0,"key":"Fire Potion"},{"floor":41.0,"key":"Swift Potion"},{"floor":48.0,"key":"EssenceOfSteel"}],"is_trial":false,"path_per_floor":["M","?","M","M","M","R","?","E","T","$","R","E","M","$","R","B",null,"M","?","M","$","M","R","M","M","T","R","M","?","?","M","R","B",null,"M","?","M","M","M","R","M","M","T","R","?","M","R","M","R","B"],"character_chosen":"THE_SILENT","items_purchased":["Well Laid Plans","Lantern","Infinite Blades"],"campfire_rested":9,"item_purchase_floors":[10,14,14],"current_hp_per_floor":[70,70,70,70,50,50,35,11,11,11,32,27,27,27,63,52,70,20,20,5,5,4,40,34,4,4,40,21,21,21,11,47,5,70,46,46,43,35,10,46,16,10,10,46,46,33,69,59,70,0],"gold":565,"neow_bonus":"THREE_ENEMY_KILL","is_prod":false,"is_daily":false,"chose_seed":false,"campfire_upgraded":1,"win_rate":0.0,"timestamp":1556937097,"path_taken":["M","?","M","M","M","R","?","E","T","$","R","E","?","?","R","BOSS","M","?","?","?","?","R","M","M","T","R","M","?","?","?","R","BOSS","M","?","?","?","M","R","M","M","T","R","?","?","R","M","R","BOSS"],"build_version":"2019-01-23","purchased_purges":0,"victory":false,"max_hp_per_floor":[70,70,70,70,70,70,70,70,70,70,70,70,70,70,70,70,70,70,70,70,70,70,70,70,70,70,70,70,70,70,70,70,70,70,70,70,70,70,70,70,70,70,70,70,70,70,70,70,70,70],"card_choices":[{"not_picked":["Slice","Calculated Gamble"],"picked":"Poisoned Stab","floor":1.0},{"not_picked":["Skewer","Dagger Spray"],"picked":"Outmaneuver","floor":3.0},{"not_picked":["Backstab","Backflip"],"picked":"Footwork","floor":4.0},{"not_picked":["Quick Slash","Poisoned Stab"],"picked":"Flying Knee","floor":5.0},{"not_picked":["Endless Agony","Poisoned Stab"],"picked":"Deflect","floor":7.0},{"not_picked":["Outmaneuver","Terror"],"picked":"Acrobatics","floor":8.0},{"not_picked":["Acrobatics","Heel Hook"],"picked":"Backflip","floor":12.0},{"not_picked":["Dagger Throw","Doppelganger"],"picked":"All Out Attack","floor":13.0},{"not_picked":["Phantasmal Killer","Tools of the Trade"],"picked":"Envenom","floor":16.0},{"not_picked":["Masterful Stab","Blade Dance"],"picked":"Outmaneuver","floor":18.0},{"not_picked":["Acrobatics","Predator"],"picked":"Deadly Poison","floor":20.0},{"not_picked":["Tactician","Dagger Spray"],"picked":"Terror","floor":22.0},{"not_picked":["Endless Agony","Choke"],"picked":"Crippling Poison+1","floor":24.0},{"not_picked":["Deflect","Quick Slash"],"picked":"PiercingWail","floor":25.0},{"not_picked":["Quick Slash","Blade Dance"],"picked":"Deflect+1","floor":28.0},{"not_picked":["Distraction","Underhanded Strike"],"picked":"Poisoned Stab+1","floor":31.0},{"not_picked":["Malaise","Doppelganger"],"picked":"Tools of the Trade","floor":33.0},{"not_picked":["Quick Slash","Flying Knee+1"],"picked":"Leg Sweep+1","floor":35.0},{"not_picked":["Underhanded Strike","Flechettes"],"picked":"Escape Plan+1","floor":37.0},{"not_picked":["Die Die Die","Flying Knee+1"],"picked":"Dodge and Roll","floor":38.0},{"not_picked":["Deflect","Flying Knee"],"picked":"Backflip+1","floor":39.0},{"not_picked":["Masterful Stab","Dagger Spray+1"],"picked":"Flying Knee+1","floor":41.0},{"not_picked":["Expertise","Deadly Poison"],"picked":"Prepared","floor":42.0},{"not_picked":["Sucker Punch+1","Slice","Quick Slash"],"picked":"SKIP","floor":46.0},{"not_picked":["Sucker Punch","Unload"],"picked":"Deflect","floor":48.0}],"player_experience":64147,"relics_obtained":[{"floor":7.0,"key":"Odd Mushroom"},{"floor":8.0,"key":"Pen Nib"},{"floor":9.0,"key":"PreservedInsect"},{"floor":12.0,"key":"Regal Pillow"},{"floor":17.0,"key":"Oddly Smooth Stone"},{"floor":17.0,"key":"Gremlin Horn"},{"floor":17.0,"key":"Incense Burner"},{"floor":26.0,"key":"Bag of Marbles"},{"floor":36.0,"key":"Happy Flower"},{"floor":43.0,"key":"Bottled Flame"}],"event_choices":[{"cards_removed":["Strike_G"],"damage_healed":0.0,"max_hp_gain":0.0,"max_hp_loss":0.0,"gold_gain":0.0,"event_name":"The Cleric","player_choice":"Card Removal","floor":2.0,"gold_loss":50.0,"damage_taken":0.0},{"damage_healed":0.0,"max_hp_gain":0.0,"max_hp_loss":0.0,"gold_gain":0.0,"event_name":"Mushrooms","player_choice":"Fought Mushrooms","floor":7.0,"gold_loss":0.0,"damage_taken":0.0},{"damage_healed":0.0,"max_hp_gain":0.0,"max_hp_loss":0.0,"gold_gain":0.0,"cards_transformed":["Defend_G"],"event_name":"Transmorgrifier","player_choice":"Transformed","floor":19.0,"gold_loss":0.0,"damage_taken":0.0,"cards_obtained":["Bouncing Flask"]},{"cards_removed":["Normality"],"damage_healed":0.0,"max_hp_gain":0.0,"max_hp_loss":0.0,"gold_gain":0.0,"event_name":"Beggar","player_choice":"Gave Gold","floor":29.0,"gold_loss":75.0,"damage_taken":0.0},{"damage_healed":0.0,"max_hp_gain":0.0,"max_hp_loss":0.0,"gold_gain":0.0,"event_name":"FaceTrader","player_choice":"Trade","floor":30.0,"gold_loss":0.0,"damage_taken":0.0,"relics_obtained":["SsserpentHead"]},{"damage_healed":0.0,"max_hp_gain":0.0,"max_hp_loss":0.0,"gold_gain":0.0,"event_name":"Wheel of Change","player_choice":"Relic","floor":36.0,"gold_loss":0.0,"damage_taken":0.0},{"damage_healed":0.0,"max_hp_gain":0.0,"max_hp_loss":0.0,"gold_gain":0.0,"event_name":"WeMeetAgain","player_choice":"Paid Gold","floor":45.0,"gold_loss":111.0,"damage_taken":0.0,"relics_obtained":["Mummified Hand"]}],"is_beta":false,"boss_relics":[{"not_picked":["Lizard Tail","Cursed Key"],"picked":"Calling Bell"},{"not_picked":["Fusion Hammer","HoveringKite"],"picked":"Empty Cage"}],"items_purged_floors":[],"is_endless":false,"potions_floor_spawned":[5,7,8,12,13,18,20,31,35,37,38,41,48],"killed_by":"Time Eater","ascension_level":0}