{"gold_per_floor":[114,189,189,207,6,33,33,91,91,126,126,141,156,170,170,265,265,284,294,34,34,85,114,114,132,132,132,132,143,4,4],"floor_reached":31,"playtime":1881,"items_purged":[],"score":287,"play_id":"b8ec3747-a37a-4feb-a739-2bf5c87dfb41","local_time":"20190223015440","is_ascension_mode":true,"campfire_choices":[{"data":"Dash","floor":7,"key":"SMITH"},{"floor":11,"key":"REST"},{"floor":15,"key":"REST"},{"floor":24,"key":"REST"},{"data":"Catalyst","floor":27,"key":"SMITH"}],"neow_cost":"CURSE","seed_source_timestamp":25657144298488,"circlet_count":0,"master_deck":["Defend_G","Defend_G","Defend_G+1","Defend_G","Defend_G","Strike_G","Strike_G","Strike_G","Strike_G","Strike_G","Survivor+1","Neutralize","Writhe","Corpse Explosion","Deadly Poison","Dash+1","Crippling Poison","Noxious Fumes","Underhanded Strike","Calculated Gamble","Envenom","Deadly Poison+1","Bane","Sadistic Nature","Catalyst+1","Infinite Blades+1","Leg Sweep"],"relics":["Ring of the Serpent","Membership Card","Calipers","Tiny Chest","Art of War","Sling","Nilry\u0027s Codex","Anchor","Unceasing Top","Bag of Preparation","Shuriken"],"potions_floor_usage":[6,16,16,23,23,23,25,31,31],"damage_taken":[{"damage":2,"enemies":"2 Louse","floor":1,"turns":2},{"damage":0,"enemies":"Small Slimes","floor":4,"turns":4},{"damage":4,"enemies":"Lagavulin","floor":6,"turns":10},{"damage":11,"enemies":"3 Sentries","floor":8,"turns":4},{"damage":13,"enemies":"Lagavulin","floor":10,"turns":7},{"damage":0,"enemies":"Jaw Worm","floor":12,"turns":4},{"damage":3,"enemies":"Large Slime","floor":13,"turns":6},{"damage":0,"enemies":"Exordium Wildlife","floor":14,"turns":2},{"damage":45,"enemies":"Slime Boss","floor":16,"turns":14},{"damage":3,"enemies":"Spheric Guardian","floor":18,"turns":4},{"damage":11,"enemies":"Chosen","floor":19,"turns":5},{"damage":26,"enemies":"Book of Stabbing","floor":23,"turns":5},{"damage":4,"enemies":"Snake Plant","floor":25,"turns":4},{"damage":12,"enemies":"3 Cultists","floor":29,"turns":3},{"damage":27,"enemies":"Gremlin Leader","floor":31,"turns":4}],"seed_played":"9109595623119243859","potions_obtained":[{"floor":1,"key":"EssenceOfSteel"},{"floor":4,"key":"Block Potion"},{"floor":13,"key":"FearPotion"},{"floor":14,"key":"Regen Potion"},{"floor":18,"key":"LiquidBronze"},{"floor":23,"key":"SkillPotion"}],"is_trial":false,"path_per_floor":["M","?","?","M","$","E","R","E","T","E","R","M","M","M","R","B",null,"M","M","$","?","T","E","R","M","T","R","T","M","$","E"],"character_chosen":"THE_SILENT","items_purchased":["Membership Card","AttackPotion","Sling","Sadistic Nature","Catalyst","AttackPotion","Strength Potion","SmokeBomb","Leg Sweep"],"campfire_rested":3,"item_purchase_floors":[5,20,20,20,20,30,30,30,30],"current_hp_per_floor":[68,57,43,43,43,39,39,28,28,15,36,36,33,33,54,24,70,67,56,56,40,40,14,35,31,31,31,31,19,19,0],"gold":4,"neow_bonus":"THREE_RARE_CARDS","is_prod":false,"is_daily":false,"chose_seed":false,"campfire_upgraded":2,"win_rate":0,"timestamp":1550886880,"path_taken":["M","?","?","M","?","E","R","E","T","E","R","M","M","M","R","BOSS","M","M","$","?","?","E","R","M","T","R","?","?","$","E"],"build_version":"2019-01-23","purchased_purges":0,"victory":false,"max_hp_per_floor":[70,70,70,70,70,70,70,70,70,70,70,70,70,70,70,70,70,70,70,70,70,70,70,70,70,70,70,70,70,70,70],"card_choices":[{"not_picked":["Night Terror","Tools of the Trade"],"picked":"Corpse Explosion","floor":0},{"not_picked":["Noxious Fumes","Dodge and Roll"],"picked":"Deadly Poison","floor":1},{"not_picked":["Outmaneuver","Cloak And Dagger","Flechettes"],"picked":"SKIP","floor":4},{"not_picked":["Crippling Poison","Doppelganger"],"picked":"Dash","floor":6},{"not_picked":["Riddle With Holes","Grand Finale"],"picked":"Crippling Poison","floor":8},{"not_picked":["Reflex","Dagger Spray"],"picked":"Noxious Fumes","floor":10},{"not_picked":["Deflect","Concentrate"],"picked":"Underhanded Strike","floor":12},{"not_picked":["Accuracy","Sucker Punch"],"picked":"Calculated Gamble","floor":13},{"not_picked":["Riddle With Holes","Cloak And Dagger","Dodge and Roll"],"picked":"SKIP","floor":14},{"not_picked":["Night Terror","Venomology"],"picked":"Envenom","floor":16},{"not_picked":["Slice+1","Dagger Spray"],"picked":"Deadly Poison+1","floor":18},{"not_picked":["Underhanded Strike","Dagger Spray+1"],"picked":"Bane","floor":19},{"not_picked":["Dodge and Roll","Flying Knee","Deflect"],"picked":"SKIP","floor":23},{"not_picked":["Infinite Blades","Reflex","Blade Dance"],"picked":"SKIP","floor":25},{"not_picked":["Prepared","Cloak And Dagger"],"picked":"Infinite Blades+1","floor":29}],"player_experience":267804,"relics_obtained":[{"floor":6,"key":"Calipers"},{"floor":8,"key":"Tiny Chest"},{"floor":10,"key":"Art of War"},{"floor":21,"key":"Nilry\u0027s Codex"},{"floor":22,"key":"Anchor"},{"floor":23,"key":"Unceasing Top"},{"floor":26,"key":"Bag of Preparation"},{"floor":28,"key":"Shuriken"}],"event_choices":[{"damage_healed":0,"gold_gain":75,"player_choice":"Gather Gold","damage_taken":11,"max_hp_gain":0,"max_hp_loss":0,"event_name":"World of Goop","floor":2,"gold_loss":0},{"damage_healed":0,"gold_gain":0,"player_choice":"Entered Light","damage_taken":14,"max_hp_gain":0,"max_hp_loss":0,"event_name":"Shining Light","floor":3,"gold_loss":0,"cards_upgraded":["Survivor","Defend_G"]},{"damage_healed":0,"gold_gain":0,"player_choice":"Obtained Book","damage_taken":16,"max_hp_gain":0,"max_hp_loss":0,"event_name":"Cursed Tome","floor":21,"gold_loss":0}],"is_beta":false,"boss_relics":[{"not_picked":["Snecko Eye","Empty Cage"],"picked":"Ring of the Serpent"}],"items_purged_floors":[],"is_endless":false,"potions_floor_spawned":[1,4,13,14,18,23],"killed_by":"Gremlin Leader","ascension_level":1}