{"gold_per_floor":[115,127,302,321,23,54,54,74,74,26,26,51,67,67,67,198,198,213,234,259,259],"floor_reached":21,"playtime":952,"items_purged":["Doubt"],"score":183,"play_id":"12227cb6-3cbd-48fa-8dcc-0d00d8acfb7a","local_time":"20180810182009","is_ascension_mode":false,"campfire_choices":[{"floor":7,"key":"REST"},{"data":"Berserk","floor":15,"key":"SMITH"}],"neow_cost":"NONE","seed_source_timestamp":90294882502377,"circlet_count":0,"master_deck":["Strike_R","Strike_R","Strike_R","Strike_R","Strike_R","Defend_R","Defend_R","Defend_R+1","Defend_R","Bash","Seeing Red+1","Armaments","Flame Barrier","Battle Trance","Iron Wave","Warcry","Pummel","Berserk+1","Heavy Blade","Headbutt","Perfected Strike","Feed","Infernal Blade+1","Shrug It Off","Rampage"],"relics":["Burning Blood","Vajra","Boot","War Paint","Golden Idol","Philosopher\u0027s Stone"],"potions_floor_usage":[16,16,18,19],"damage_taken":[{"damage":1,"enemies":"2 Louse","floor":1,"turns":3},{"damage":10,"enemies":"Jaw Worm","floor":2,"turns":4},{"damage":3,"enemies":"Small Slimes","floor":4,"turns":4},{"damage":29,"enemies":"3 Sentries","floor":6,"turns":9},{"damage":7,"enemies":"Blue Slaver","floor":8,"turns":2},{"damage":4,"enemies":"2 Fungi Beasts","floor":12,"turns":3},{"damage":7,"enemies":"Lots of Slimes","floor":13,"turns":3},{"damage":51,"enemies":"Hexaghost","floor":16,"turns":8},{"damage":18,"enemies":"Shell Parasite","floor":18,"turns":4},{"damage":47,"enemies":"2 Thieves","floor":19,"turns":4},{"damage":13,"enemies":"Centurion and Healer","floor":20,"turns":6},{"damage":27,"enemies":"Snake Plant","floor":21,"turns":3}],"seed_played":"3021642485559294034","potions_obtained":[{"floor":4,"key":"Ancient Potion"},{"floor":12,"key":"PowerPotion"},{"floor":16,"key":"FearPotion"},{"floor":18,"key":"Strength Potion"}],"is_trial":false,"path_per_floor":["M","M","?","M","$","E","R","M","T","$","?","M","M","?","R","B",null,"M","M","M"],"character_chosen":"IRONCLAD","items_purchased":["Vajra","Iron Wave","Warcry","Heavy Blade"],"campfire_rested":1,"item_purchase_floors":[5,5,5,10],"current_hp_per_floor":[80,76,76,79,79,56,80,79,79,79,74,74,73,73,73,28,74,62,27,23,0],"gold":259,"neow_bonus":"THREE_CARDS","is_prod":false,"is_daily":false,"chose_seed":false,"campfire_upgraded":1,"win_rate":0,"timestamp":1533918009,"path_taken":["M","M","?","M","$","E","R","M","T","$","?","M","M","?","R","BOSS","M","M","M","M"],"build_version":"2018-08-09","purchased_purges":1,"victory":false,"max_hp_per_floor":[80,80,80,80,80,80,80,80,80,80,74,74,74,74,74,74,74,74,80,83,83],"card_choices":[{"not_picked":["Body Slam","Heavy Blade"],"picked":"Seeing Red","floor":0},{"not_picked":["Heavy Blade","Hemokinesis"],"picked":"Armaments","floor":1},{"not_picked":["Seeing Red","Headbutt"],"picked":"Flame Barrier","floor":2},{"not_picked":["Clash","Havoc"],"picked":"Battle Trance","floor":4},{"not_picked":["Rampage","Evolve"],"picked":"Pummel","floor":6},{"not_picked":["Iron Wave","Body Slam"],"picked":"Berserk","floor":8},{"not_picked":["Warcry","Combust"],"picked":"Headbutt","floor":12},{"not_picked":["Iron Wave","Rupture"],"picked":"Perfected Strike","floor":13},{"not_picked":["Fiend Fire","Offering"],"picked":"Feed","floor":16},{"not_picked":["Heavy Blade","Warcry"],"picked":"Infernal Blade+1","floor":18},{"not_picked":["Headbutt","Warcry"],"picked":"Shrug It Off","floor":19},{"not_picked":["Havoc","Entrench"],"picked":"Rampage","floor":20}],"player_experience":163664,"relics_obtained":[{"floor":6,"key":"Boot"},{"floor":9,"key":"War Paint"}],"event_choices":[{"event_name":"Liars Game","player_choice":"agreed","floor":3,"damage_taken":0},{"event_name":"Golden Idol","player_choice":"Lose Max HP","floor":11,"damage_taken":0},{"event_name":"The Cleric","player_choice":"Leave","floor":14,"damage_taken":0}],"is_beta":false,"boss_relics":[{"not_picked":["Eternal Feather","Tiny House"],"picked":"Philosopher\u0027s Stone"}],"items_purged_floors":[5],"is_endless":false,"potions_floor_spawned":[4,12,16,18],"killed_by":"Snake Plant","ascension_level":0}