{"gold_per_floor":[111,111,91,102,19,53,64,64,115,143,156,189,199,211,211,290,290,309,234,254,204,224,224,224,224,224,244,277,306,306,356,356,356],"floor_reached":33,"playtime":831,"items_purged":["Strike_R"],"score":620,"play_id":"acd6c482-ceb3-4fb2-9308-7f53a019c026","local_time":"20190404225522","is_ascension_mode":true,"campfire_choices":[{"data":"Carnage","floor":8.0,"key":"SMITH"},{"data":"Inflame","floor":15.0,"key":"SMITH"},{"floor":23.0,"key":"REST"},{"data":"Immolate","floor":25.0,"key":"SMITH"},{"floor":30,"key":"REST"},{"data":"Seeing Red","floor":32,"key":"SMITH"}],"neow_cost":"NONE","seed_source_timestamp":92719950140378,"circlet_count":0,"master_deck":["AscendersBane","Strike_R","Strike_R","Strike_R","Defend_R","Defend_R","Defend_R","Defend_R","Bash","Twin Strike","Pommel Strike","Inflame+1","Sword Boomerang","Carnage+1","Cleave","Seeing Red+1","Immolate+1","Whirlwind+1","Rage"],"special_seed":0,"relics":["Burning Blood","NeowsBlessing","Smiling Mask","Lantern","Pantograph","Regal Pillow","Runic Pyramid","MutagenicStrength","The Courier","Red Mask","Vajra"],"potions_floor_usage":[29],"damage_taken":[{"damage":0.0,"enemies":"Cultist","floor":1.0,"turns":1.0},{"damage":0.0,"enemies":"2 Louse","floor":4.0,"turns":1.0},{"damage":0.0,"enemies":"Lagavulin","floor":6.0,"turns":1.0},{"damage":9.0,"enemies":"Jaw Worm","floor":7.0,"turns":3.0},{"damage":6.0,"enemies":"Gremlin Nob","floor":10.0,"turns":3.0},{"damage":0.0,"enemies":"Looter","floor":11.0,"turns":1.0},{"damage":35.0,"enemies":"Lagavulin","floor":12.0,"turns":6.0},{"damage":16.0,"enemies":"2 Fungi Beasts","floor":13.0,"turns":3.0},{"damage":13.0,"enemies":"Blue Slaver","floor":14.0,"turns":2.0},{"damage":39.0,"enemies":"Slime Boss","floor":16.0,"turns":11.0},{"damage":53.0,"enemies":"Shell Parasite","floor":18.0,"turns":5.0},{"damage":2.0,"enemies":"Chosen","floor":20.0,"turns":3.0},{"damage":24.0,"enemies":"3 Cultists","floor":22.0,"turns":4.0},{"damage":23.0,"enemies":"Centurion and Healer","floor":27.0,"turns":3.0},{"damage":0.0,"enemies":"Masked Bandits","floor":28.0,"turns":1.0},{"damage":38,"enemies":"Book of Stabbing","floor":29,"turns":4},{"damage":82,"enemies":"Automaton","floor":33,"turns":6}],"seed_played":"6327031997560689613","potions_obtained":[{"floor":3.0,"key":"BloodPotion"},{"floor":6.0,"key":"Ancient Potion"},{"floor":7.0,"key":"Weak Potion"},{"floor":11.0,"key":"Ancient Potion"},{"floor":12.0,"key":"BloodPotion"},{"floor":22.0,"key":"Weak Potion"},{"floor":29,"key":"Swift Potion"}],"is_trial":false,"path_per_floor":["M","T","?","M","$","E","M","R","T","E","M","E","M","M","R","B",null,"M","?","M","$","M","R","?","R","T","M","?","E","R","?","R","B"],"character_chosen":"IRONCLAD","items_purchased":["Inflame"],"campfire_rested":2,"item_purchase_floors":[5],"current_hp_per_floor":[74,74,74,75,75,75,72,72,72,72,75,46,36,29,29,21,62,29,29,33,33,15,52,52,52,52,35,41,9,46,46,46,0],"gold":356,"neow_bonus":"THREE_ENEMY_KILL","is_prod":false,"is_daily":false,"chose_seed":false,"campfire_upgraded":4,"win_rate":0,"timestamp":1554432922,"path_taken":["M","?","?","M","$","E","M","R","T","E","M","E","?","M","R","BOSS","M","?","M","$","M","R","?","R","T","M","?","E","R","?","R","BOSS"],"build_version":"2019-01-23","purchased_purges":1,"victory":false,"max_hp_per_floor":[75,75,75,75,75,75,75,75,75,75,75,75,75,75,75,75,75,75,75,75,75,75,75,75,75,75,75,75,75,75,75,75,75],"card_choices":[{"not_picked":["Clash","Shrug It Off"],"picked":"Twin Strike","floor":1.0},{"not_picked":["Thunderclap","Entrench"],"picked":"Pommel Strike","floor":4.0},{"not_picked":["Twin Strike","Combust"],"picked":"Sword Boomerang","floor":6.0},{"not_picked":["Intimidate","Searing Blow"],"picked":"Carnage","floor":7.0},{"not_picked":["Sword Boomerang","Havoc","Entrench"],"picked":"SKIP","floor":10.0},{"not_picked":["Body Slam","Dropkick"],"picked":"Cleave","floor":11.0},{"not_picked":["Pummel","Body Slam","Twin Strike"],"picked":"SKIP","floor":12.0},{"not_picked":["Inflame","Exhume"],"picked":"Seeing Red","floor":13.0},{"not_picked":["Cleave","Metallicize","Thunderclap"],"picked":"SKIP","floor":14.0},{"not_picked":["Bludgeon","Demon Form"],"picked":"Immolate","floor":16.0},{"not_picked":["Corruption","Body Slam","Clash"],"picked":"SKIP","floor":18.0},{"not_picked":["Cleave","Havoc","Twin Strike+1"],"picked":"SKIP","floor":20.0},{"not_picked":["Disarm","Flex"],"picked":"Whirlwind+1","floor":22.0},{"not_picked":["Wild Strike","Cleave+1","Sword Boomerang"],"picked":"SKIP","floor":27.0},{"not_picked":["Corruption+1","Fire Breathing"],"picked":"Rage","floor":29}],"player_experience":854692,"relics_obtained":[{"floor":6.0,"key":"Smiling Mask"},{"floor":9.0,"key":"Lantern"},{"floor":10.0,"key":"Pantograph"},{"floor":12.0,"key":"Regal Pillow"},{"floor":26.0,"key":"The Courier"},{"floor":28.0,"key":"Red Mask"},{"floor":29,"key":"Vajra"}],"event_choices":[{"damage_healed":0.0,"max_hp_gain":0.0,"max_hp_loss":0.0,"gold_gain":0.0,"event_name":"The Woman in Blue","player_choice":"Bought 1 Potion","floor":3.0,"gold_loss":0.0,"damage_taken":0.0},{"cards_removed":["Strike_R"],"damage_healed":0.0,"max_hp_gain":0.0,"max_hp_loss":0.0,"gold_gain":0.0,"event_name":"Beggar","player_choice":"Gave Gold","floor":19.0,"gold_loss":75.0,"damage_taken":0.0},{"damage_healed":0.0,"max_hp_gain":0.0,"max_hp_loss":0.0,"gold_gain":0.0,"event_name":"Drug Dealer","player_choice":"Inject Mutagens","floor":24.0,"gold_loss":0.0,"damage_taken":0.0,"relics_obtained":["MutagenicStrength"]},{"damage_healed":0.0,"max_hp_gain":0.0,"max_hp_loss":0.0,"gold_gain":0.0,"event_name":"Masked Bandits","player_choice":"Fought Bandits","floor":28.0,"gold_loss":0.0,"damage_taken":0.0},{"damage_healed":0,"gold_gain":50,"player_choice":"Stole From Cult","damage_taken":0,"max_hp_gain":0,"max_hp_loss":0,"event_name":"Nest","floor":31,"gold_loss":0}],"is_beta":false,"boss_relics":[{"not_picked":["Sozu","Philosopher\u0027s Stone"],"picked":"Runic Pyramid"}],"items_purged_floors":[21],"is_endless":false,"potions_floor_spawned":[6,7,11,12,14,22,29],"killed_by":"Automaton","ascension_level":20}