{"gold_per_floor":[359,377,5,15,29,29,29,52,52,84,27,27,47,65,65,140,140,151,201,201,11,21,21,39,39,39,139,165,165,176,194,194,269,269,284,384,399,399,0,0,19,19,73,89,89],"floor_reached":45,"playtime":2650,"items_purged":["Injury","Strike_R"],"score":969,"play_id":"7ee33538-6a94-4609-b9ba-c4cee50afb92","local_time":"20190127142027","is_ascension_mode":true,"campfire_choices":[{"data":"Demon Form","floor":6.0,"key":"SMITH"},{"data":"Whirlwind","floor":15.0,"key":"SMITH"},{"data":"Heavy Blade","floor":23.0,"key":"SMITH"},{"data":"Hemokinesis","floor":25.0,"key":"SMITH"},{"floor":29.0,"key":"REST"},{"floor":32.0,"key":"REST"},{"floor":40.0,"key":"REST"},{"data":"Impervious","floor":42.0,"key":"SMITH"}],"neow_cost":"CURSE","seed_source_timestamp":389064604983432,"circlet_count":0,"master_deck":["AscendersBane","Strike_R","Strike_R","Strike_R","Strike_R","Defend_R","Defend_R","Defend_R","Defend_R","Bash","Perfected Strike","Hemokinesis+1","True Grit","Demon Form+1","Hemokinesis","Whirlwind+1","Battle Trance","Metallicize","Offering","Evolve","Wild Strike","True Grit","Heavy Blade+1","Pummel","Second Wind","Impervious+1","True Grit+1","Disarm","Power Through+1","Ghostly Armor+1"],"special_seed":0,"relics":["Burning Blood","Membership Card","Omamori","Thread and Needle","Odd Mushroom","Letter Opener","Vajra","Mark of Pain","Lee\u0027s Waffle","Anchor","Nunchaku","Singing Bowl","Orichalcum","Sozu","Calipers","Red Mask","Dream Catcher"],"potions_floor_usage":[45],"damage_taken":[{"damage":5.0,"enemies":"2 Louse","floor":1.0,"turns":3.0},{"damage":14.0,"enemies":"Jaw Worm","floor":2.0,"turns":4.0},{"damage":9.0,"enemies":"Cultist","floor":4.0,"turns":3.0},{"damage":6.0,"enemies":"Large Slime","floor":5.0,"turns":6.0},{"damage":12.0,"enemies":"The Mushroom Lair","floor":8.0,"turns":4.0},{"damage":26.0,"enemies":"Gremlin Nob","floor":10.0,"turns":4.0},{"damage":5.0,"enemies":"Looter","floor":13.0,"turns":2.0},{"damage":2.0,"enemies":"Blue Slaver","floor":14.0,"turns":4.0},{"damage":12.0,"enemies":"Slime Boss","floor":16.0,"turns":7.0},{"damage":33.0,"enemies":"3 Byrds","floor":18.0,"turns":4.0},{"damage":15.0,"enemies":"2 Thieves","floor":22.0,"turns":4.0},{"damage":14.0,"enemies":"Shelled Parasite and Fungi","floor":24.0,"turns":2.0},{"damage":11.0,"enemies":"Colosseum Slavers","floor":27.0,"turns":4.0},{"damage":18.0,"enemies":"Colosseum Nobs","floor":27.0,"turns":4.0},{"damage":31.0,"enemies":"Slavers","floor":28.0,"turns":5.0},{"damage":6.0,"enemies":"Centurion and Healer","floor":30.0,"turns":5.0},{"damage":19.0,"enemies":"Snake Plant","floor":31.0,"turns":4.0},{"damage":18.0,"enemies":"Champ","floor":33.0,"turns":7.0},{"damage":0.0,"enemies":"3 Shapes","floor":35.0,"turns":2.0},{"damage":0.0,"enemies":"Mind Bloom Boss Battle","floor":36.0,"turns":5.0},{"damage":45.0,"enemies":"3 Darklings","floor":37.0,"turns":5.0},{"damage":9.0,"enemies":"Sphere and 2 Shapes","floor":41.0,"turns":6.0},{"damage":39.0,"enemies":"Maw","floor":44.0,"turns":7.0},{"damage":56,"enemies":"Transient","floor":45,"turns":4}],"seed_played":"8192808268140305384","potions_obtained":[{"floor":1.0,"key":"Explosive Potion"},{"floor":5.0,"key":"Energy Potion"},{"floor":10.0,"key":"Fire Potion"},{"floor":16.0,"key":"Energy Potion"},{"floor":30.0,"key":"Poison Potion"},{"floor":33.0,"key":"BloodPotion"}],"is_trial":false,"path_per_floor":["M","M","$","M","M","R","?","?","T","E","?","?","M","M","R","B",null,"M","?","?","$","M","R","M","R","T","?","E","R","M","M","R","B",null,"M","?","M","?","?","R","M","R","T","M","M"],"character_chosen":"IRONCLAD","items_purchased":["Membership Card","Omamori","Perfected Strike","Lee\u0027s Waffle","True Grit"],"campfire_rested":3,"item_purchase_floors":[3,3,3,21,21],"current_hp_per_floor":[69,61,61,58,58,58,58,52,52,32,32,32,33,37,37,31,64,37,37,37,82,73,73,65,65,65,48,25,50,50,39,64,52,78,84,86,49,49,49,75,72,72,72,39,0],"gold":89,"neow_bonus":"TWO_FIFTY_GOLD","is_prod":false,"is_daily":false,"chose_seed":false,"campfire_upgraded":5,"win_rate":0,"timestamp":1548616827,"path_taken":["M","M","$","M","M","R","?","?","T","E","?","?","M","M","R","BOSS","M","?","?","$","?","R","M","R","T","?","E","R","M","M","R","BOSS","M","?","M","?","?","R","M","R","T","M","M"],"build_version":"2019-01-23","purchased_purges":2,"victory":false,"max_hp_per_floor":[75,75,75,75,75,75,75,75,75,75,75,75,75,75,75,75,75,75,75,75,82,82,82,82,82,82,82,84,84,84,86,86,86,86,86,86,88,88,88,88,88,88,88,88,88],"card_choices":[{"not_picked":["True Grit","Warcry"],"picked":"Perfected Strike","floor":1.0},{"not_picked":["Wild Strike","Ghostly Armor"],"picked":"Hemokinesis","floor":2.0},{"not_picked":["Havoc","Dropkick"],"picked":"True Grit","floor":4.0},{"not_picked":["Sword Boomerang","Body Slam"],"picked":"Demon Form","floor":5.0},{"not_picked":["Headbutt","Seeing Red"],"picked":"Hemokinesis","floor":8.0},{"not_picked":["Reckless Charge","Pummel"],"picked":"Whirlwind","floor":10.0},{"not_picked":["Havoc","Body Slam"],"picked":"Battle Trance","floor":13.0},{"not_picked":["Wild Strike","Warcry"],"picked":"Metallicize","floor":14.0},{"not_picked":["Barricade","Fiend Fire"],"picked":"Offering","floor":16.0},{"not_picked":["Battle Trance","Dual Wield"],"picked":"Evolve","floor":18.0},{"not_picked":["Disarm","Uppercut"],"picked":"Heavy Blade","floor":22.0},{"not_picked":["Rage","Perfected Strike","Searing Blow"],"picked":"SKIP","floor":24.0},{"not_picked":["Clothesline","Body Slam"],"picked":"Pummel","floor":27.0},{"not_picked":["Headbutt","Clothesline","Burning Pact"],"picked":"Singing Bowl","floor":28.0},{"not_picked":["Flame Barrier","Headbutt"],"picked":"Second Wind","floor":30.0},{"not_picked":["Anger","Havoc+1","Disarm"],"picked":"Singing Bowl","floor":31.0},{"not_picked":["Feed","Dark Embrace"],"picked":"Impervious","floor":33.0},{"not_picked":["Flex","Rampage"],"picked":"True Grit+1","floor":35.0},{"not_picked":["Body Slam","Thunderclap"],"picked":"Disarm","floor":36.0},{"not_picked":["Perfected Strike+1","Second Wind","Shockwave"],"picked":"Singing Bowl","floor":37.0},{"not_picked":["Spot Weakness","Thunderclap"],"picked":"Power Through+1","floor":41.0},{"not_picked":["Sentinel+1","Havoc"],"picked":"Ghostly Armor+1","floor":44.0}],"player_experience":580695,"relics_obtained":[{"floor":8.0,"key":"Odd Mushroom"},{"floor":9.0,"key":"Letter Opener"},{"floor":10.0,"key":"Vajra"},{"floor":26.0,"key":"Anchor"},{"floor":27.0,"key":"Nunchaku"},{"floor":27.0,"key":"Singing Bowl"},{"floor":28.0,"key":"Orichalcum"},{"floor":36.0,"key":"Calipers"},{"floor":43.0,"key":"Dream Catcher"}],"event_choices":[{"damage_healed":0.0,"max_hp_gain":0.0,"max_hp_loss":0.0,"gold_gain":0.0,"event_name":"Big Fish","player_choice":"Box","floor":7.0,"gold_loss":0.0,"damage_taken":0.0,"relics_obtained":["Thread and Needle"],"cards_obtained":["Regret"]},{"damage_healed":0.0,"max_hp_gain":0.0,"max_hp_loss":0.0,"gold_gain":0.0,"event_name":"Mushrooms","player_choice":"Fought Mushrooms","floor":8.0,"gold_loss":0.0,"damage_taken":0.0},{"damage_healed":0.0,"max_hp_gain":0.0,"max_hp_loss":0.0,"gold_gain":0.0,"event_name":"World of Goop","player_choice":"Left Gold","floor":11.0,"gold_loss":57.0,"damage_taken":0.0},{"damage_healed":0.0,"max_hp_gain":0.0,"max_hp_loss":0.0,"gold_gain":0.0,"event_name":"The Cleric","player_choice":"Leave","floor":12.0,"gold_loss":0.0,"damage_taken":0.0},{"damage_healed":0.0,"max_hp_gain":0.0,"max_hp_loss":0.0,"gold_gain":50.0,"event_name":"Nest","player_choice":"Stole From Cult","floor":19.0,"gold_loss":0.0,"damage_taken":0.0},{"damage_healed":0.0,"max_hp_gain":0.0,"max_hp_loss":0.0,"gold_gain":0.0,"cards_transformed":["Perfected Strike"],"event_name":"Transmorgrifier","player_choice":"Transformed","floor":20.0,"gold_loss":0.0,"damage_taken":0.0,"cards_obtained":["Wild Strike"]},{"damage_healed":0.0,"max_hp_gain":0.0,"max_hp_loss":0.0,"gold_gain":0.0,"event_name":"Colosseum","player_choice":"Fight","floor":27.0,"gold_loss":0.0,"damage_taken":0.0},{"damage_healed":0.0,"max_hp_gain":0.0,"max_hp_loss":0.0,"gold_gain":0.0,"event_name":"Colosseum","player_choice":"Fought Nobs","floor":27.0,"gold_loss":0.0,"damage_taken":0.0},{"damage_healed":0.0,"max_hp_gain":0.0,"max_hp_loss":0.0,"gold_gain":0.0,"event_name":"MindBloom","player_choice":"Fight","floor":36.0,"gold_loss":0.0,"damage_taken":0.0},{"damage_healed":0.0,"max_hp_gain":0.0,"max_hp_loss":0.0,"gold_gain":0.0,"event_name":"Mysterious Sphere","player_choice":"Ignored","floor":38.0,"gold_loss":0.0,"damage_taken":0.0},{"damage_healed":0.0,"max_hp_gain":0.0,"max_hp_loss":0.0,"gold_gain":0.0,"event_name":"Tomb of Lord Red Mask","player_choice":"Paid","floor":39.0,"gold_loss":399.0,"damage_taken":0.0,"relics_obtained":["Red Mask"]}],"is_beta":false,"boss_relics":[{"not_picked":["Empty Cage","Lizard Tail"],"picked":"Mark of Pain"},{"not_picked":["White Beast Statue","Velvet Choker"],"picked":"Sozu"}],"items_purged_floors":[3,21],"is_endless":false,"potions_floor_spawned":[1,5,10,14,16,27,30,33,35,36,41],"killed_by":"Transient","ascension_level":17}