{"gold_per_floor":[118,138,156,126,143,168,168,186,186,186,186],"floor_reached":11,"playtime":523,"items_purged":[],"score":79,"play_id":"060360ca-9a48-46b7-b437-c472664d5026","local_time":"20190223020331","is_ascension_mode":true,"campfire_choices":[{"floor":7,"key":"REST"}],"neow_cost":"PERCENT_DAMAGE","seed_source_timestamp":27548035031710,"circlet_count":0,"master_deck":["Defend_G","Defend_G","Defend_G","Defend_G","Strike_G","Strike_G","Strike_G","Strike_G","Survivor","Neutralize","Wraith Form v2","Dodge and Roll","Predator","Caltrops","Flying Knee","Leg Sweep","Regret"],"relics":["Ring of the Snake","Dodecahedron","Matryoshka","The Courier"],"potions_floor_usage":[5,5,6],"damage_taken":[{"damage":5,"enemies":"Cultist","floor":1,"turns":6},{"damage":1,"enemies":"Small Slimes","floor":2,"turns":4},{"damage":1,"enemies":"Jaw Worm","floor":3,"turns":4},{"damage":4,"enemies":"Gremlin Gang","floor":5,"turns":2},{"damage":21,"enemies":"3 Sentries","floor":6,"turns":12},{"damage":0,"enemies":"Red Slaver","floor":8,"turns":6},{"damage":41,"enemies":"Lagavulin","floor":11,"turns":8}],"seed_played":"1606280188654920258","potions_obtained":[{"floor":1,"key":"Explosive Potion"},{"floor":4,"key":"LiquidBronze"},{"floor":4,"key":"PowerPotion"},{"floor":5,"key":"PowerPotion"}],"is_trial":false,"path_per_floor":["M","M","M","?","M","E","R","M","T","?","E"],"character_chosen":"THE_SILENT","items_purchased":[],"campfire_rested":1,"item_purchase_floors":[],"current_hp_per_floor":[44,43,42,42,38,17,38,38,38,38,0],"gold":186,"neow_bonus":"TRANSFORM_TWO_CARDS","is_prod":false,"is_daily":false,"chose_seed":false,"campfire_upgraded":0,"win_rate":0,"timestamp":1550887411,"path_taken":["M","M","M","?","?","E","R","M","T","?","E"],"build_version":"2019-01-23","purchased_purges":0,"victory":false,"max_hp_per_floor":[70,70,70,70,70,70,70,70,70,70,70],"card_choices":[{"not_picked":["Noxious Fumes","Cloak And Dagger"],"picked":"Predator","floor":1},{"not_picked":["Dagger Throw","Dodge and Roll"],"picked":"Caltrops","floor":2},{"not_picked":["Backflip","Dodge and Roll","Quick Slash"],"picked":"SKIP","floor":3},{"not_picked":["Slice","Blur"],"picked":"Flying Knee","floor":5},{"not_picked":["Sucker Punch","Setup","Outmaneuver"],"picked":"SKIP","floor":6},{"not_picked":["Expertise","Riddle With Holes"],"picked":"Leg Sweep","floor":8}],"player_experience":269685,"relics_obtained":[{"floor":6,"key":"Dodecahedron"},{"floor":9,"key":"Matryoshka"}],"event_choices":[{"damage_healed":0,"gold_gain":0,"player_choice":"Bought 2 Potions","damage_taken":0,"max_hp_gain":0,"max_hp_loss":0,"event_name":"The Woman in Blue","floor":4,"gold_loss":0},{"damage_healed":0,"gold_gain":0,"player_choice":"Box","damage_taken":0,"relics_obtained":["The Courier"],"max_hp_gain":0,"max_hp_loss":0,"event_name":"Big Fish","floor":10,"gold_loss":0,"cards_obtained":["Regret"]}],"is_beta":false,"boss_relics":[],"items_purged_floors":[],"is_endless":false,"potions_floor_spawned":[1,5],"killed_by":"Lagavulin","ascension_level":1}