{"path_per_floor":["M","?","T","M","M","R","?","E","T","$","?","M","M","M","R","B",null,"M","M","?","$","M"],"character_chosen":"IRONCLAD","items_purchased":["Twin Strike","Armaments"],"gold_per_floor":[109,109,133,145,161,161,161,194,194,50,30,46,64,78,78,173,173,192,207,107,7,20],"floor_reached":23,"campfire_rested":0,"playtime":3233,"current_hp_per_floor":[80,80,80,80,80,80,80,50,50,50,50,56,57,63,63,53,80,67,59,59,59,54],"items_purged":["Strike_R","Defend_R"],"gold":20,"score":193,"play_id":"a6e9ba0b-044e-4cc9-afa4-c6eceb97d1c5","is_prod":false,"is_daily":false,"is_ascension_mode":false,"campfire_upgraded":2,"path_taken":["M","?","?","M","M","R","?","E","T","?","?","M","M","M","R","BOSS","M","M","?","$","M","E"],"build_version":"2018-02-08-PROD1","purchased_purges":2,"victory":false,"master_deck":["Strike_R","Strike_R","Strike_R","Defend_R","Defend_R","Defend_R","Bash","Body Slam","Barricade+1","Cleave","Dark Shackles","Pommel Strike","Shrug It Off","Warcry","Twin Strike","Armaments+1","Headbutt","Body Slam","Bloodletting","Berserk","Shrug It Off+1","Flame Barrier+1","J.A.X.","Warcry"],"max_hp_per_floor":[80,80,80,80,80,80,80,80,80,80,80,80,80,80,80,80,80,80,80,80,80,80],"relics":["Burning Blood","Bag of Preparation","Vajra","Gremlin Horn","Question Card"],"card_choices":[{"not_picked":["Combust","Cleave"],"picked":"Body Slam"},{"not_picked":["Perfected Strike","Body Slam"],"picked":"Pommel Strike"},{"not_picked":["Cleave","Clash"],"picked":"Shrug It Off"},{"not_picked":["Brutality","Whirlwind"],"picked":"Warcry"},{"not_picked":["Perfected Strike","Twin Strike"],"picked":"Headbutt"},{"not_picked":["Warcry","Dual Wield"],"picked":"Body Slam"},{"not_picked":["Rampage","Rage"],"picked":"Bloodletting"},{"not_picked":["Dark Embrace","Demon Form"],"picked":"Berserk"},{"not_picked":["Flex","Whirlwind","Clothesline"],"picked":"Shrug It Off"},{"not_picked":["Shockwave","Sword Boomerang","Warcry"],"picked":"Flame Barrier"},{"not_picked":["Body Slam","Cleave","Clothesline"],"picked":"Warcry"}],"player_experience":0,"potions_floor_usage":[14,16,16,22],"damage_taken":[{"damage":5,"enemies":"Jaw Worm","floor":1,"turns":7},{"damage":4,"enemies":"Blue Slaver","floor":4,"turns":4},{"damage":6,"enemies":"Cultist","floor":5,"turns":3},{"damage":36,"enemies":"Gremlin Nob","floor":8,"turns":6},{"damage":0,"enemies":"Exordium Thugs","floor":12,"turns":5},{"damage":5,"enemies":"Looter","floor":13,"turns":4},{"damage":0,"enemies":"Large Slime","floor":14,"turns":4},{"damage":16,"enemies":"The Guardian","floor":16,"turns":6},{"damage":19,"enemies":"Chosen","floor":18,"turns":6},{"damage":14,"enemies":"2 Thieves","floor":19,"turns":5},{"damage":26,"enemies":"Centurion and Healer","floor":22,"turns":10},{"damage":57,"enemies":"Book of Stabbing","floor":23,"turns":6}],"event_choices":[{"event_name":"Match and Keep!","player_choice":"3 cards matched","floor":2,"damage_taken":0},{"event_name":"Living Wall","player_choice":"Forget","floor":7,"damage_taken":0},{"event_name":"The Woman in Blue","player_choice":"Bought 1 Potion","floor":11,"damage_taken":0},{"event_name":"Drug Dealer","player_choice":"Got JAXXED","floor":20,"damage_taken":0}],"boss_relics":[{"not_picked":["Orrery","Tiny House"],"picked":"Question Card"}],"potions_floor_spawned":[1,8,13,18,19],"seed_played":"4164322879138775479","killed_by":"Book of Stabbing","ascension_level":0,"is_trial":false}