{"gold_per_floor":[115,128,153,169,182,207,219,243,243,243,273,1,1,35,35,138,138,157,173,192,192,46,46,46],"floor_reached":24,"playtime":2316,"items_purged":[],"score":306,"play_id":"7523a4db-f1cc-45ab-9ef5-3550b354b6bf","local_time":"20180808201902","is_ascension_mode":true,"campfire_choices":[{"floor":10,"key":"REST"},{"floor":15,"key":"REST"}],"neow_cost":"NONE","seed_source_timestamp":1532324718130137,"circlet_count":0,"master_deck":["Strike_B+1","Strike_B+1","Strike_B+1","Strike_B+1","Defend_B+1","Defend_B+1","Defend_B+1","Defend_B+1","Zap","Dualcast","Rebound","Conserve Battery","Gash","Rip and Tear","Rebound","Biased Cognition","Reprogram","White Noise","Cold Snap","Melter","Hologram","Buffer","Gash","Ball Lightning","Hologram+1","Gash","Double Energy","Cold Snap"],"relics":["Cracked Core","Blood Vial","Ice Cream","Odd Mushroom","Gremlin Horn","Darkstone Periapt","Bottled Tornado","DataDisk","Sozu","Kunai"],"potions_floor_usage":[6,8,14,18],"damage_taken":[{"damage":0,"enemies":"Cultist","floor":1,"turns":3},{"damage":5,"enemies":"Jaw Worm","floor":2,"turns":3},{"damage":1,"enemies":"Small Slimes","floor":4,"turns":3},{"damage":14,"enemies":"Exordium Thugs","floor":5,"turns":4},{"damage":3,"enemies":"Gremlin Nob","floor":6,"turns":3},{"damage":1,"enemies":"Looter","floor":7,"turns":3},{"damage":26,"floor":8,"turns":3},{"damage":35,"enemies":"Lagavulin","floor":11,"turns":7},{"damage":18,"enemies":"3 Sentries","floor":14,"turns":3},{"damage":0,"enemies":"Slime Boss","floor":16,"turns":4},{"damage":22,"enemies":"2 Thieves","floor":18,"turns":3},{"damage":0,"enemies":"Spheric Guardian","floor":19,"turns":2},{"damage":24,"enemies":"Snake Plant","floor":20,"turns":3},{"damage":37,"enemies":"Book of Stabbing","floor":24,"turns":6}],"seed_played":"-3900813831362631990","potions_obtained":[{"floor":4,"key":"AttackPotion"},{"floor":7,"key":"SteroidPotion"},{"floor":11,"key":"PowerPotion"},{"floor":14,"key":"PowerPotion"}],"is_trial":false,"path_per_floor":["M","M","T","M","M","E","M","?","T","R","E","$","?","E","R","B",null,"M","M","M","?","$","?"],"character_chosen":"DEFECT","items_purchased":["Melter","Bottled Tornado","Gash","Double Energy","Cold Snap"],"campfire_rested":2,"item_purchase_floors":[12,12,22,22,22],"current_hp_per_floor":[75,70,70,71,59,58,59,35,35,57,24,24,24,8,30,32,75,53,55,33,33,33,33,0],"gold":46,"neow_bonus":"THREE_CARDS","is_prod":false,"is_daily":false,"chose_seed":false,"campfire_upgraded":0,"win_rate":0,"timestamp":1533773942,"path_taken":["M","M","?","M","M","E","M","?","T","R","E","?","?","E","R","BOSS","M","M","?","?","$","?","E"],"build_version":"2018-08-02","purchased_purges":0,"victory":false,"max_hp_per_floor":[75,75,75,75,75,75,75,75,75,75,75,75,75,75,75,75,75,75,75,75,75,75,75,75],"card_choices":[{"not_picked":["Gash","Consume"],"picked":"Rebound","floor":0},{"not_picked":["Hologram","Gash"],"picked":"Conserve Battery","floor":1},{"not_picked":["Turbo","Conserve Battery"],"picked":"Gash","floor":2},{"not_picked":["Cold Snap","White Noise"],"picked":"Rip and Tear","floor":4},{"not_picked":["Barrage","Coolheaded"],"picked":"Rebound","floor":5},{"not_picked":["Defragment","Sunder"],"picked":"Biased Cognition","floor":6},{"not_picked":["Capacitor","Compile Driver"],"picked":"Reprogram","floor":7},{"not_picked":["Ball Lightning","Tempest"],"picked":"White Noise","floor":8},{"not_picked":["Leap","Stack"],"picked":"Cold Snap","floor":11},{"not_picked":["Go for the Eyes","Redo"],"picked":"Hologram","floor":14},{"not_picked":["Biased Cognition","Seek"],"picked":"Buffer","floor":16},{"not_picked":["Reprogram+1","Cold Snap"],"picked":"Gash","floor":18},{"not_picked":["Rebound","Compile Driver+1"],"picked":"Ball Lightning","floor":19},{"not_picked":["Compile Driver","Rip and Tear"],"picked":"Hologram+1","floor":20}],"player_experience":174137,"relics_obtained":[{"floor":3,"key":"Blood Vial"},{"floor":6,"key":"Ice Cream"},{"floor":8,"key":"Odd Mushroom"},{"floor":9,"key":"Gremlin Horn"},{"floor":11,"key":"Darkstone Periapt"},{"floor":14,"key":"DataDisk"}],"event_choices":[{"event_name":"Mushrooms","player_choice":"Fought Mushrooms","floor":8,"damage_taken":0},{"event_name":"The Cleric","player_choice":"Leave","floor":13,"damage_taken":0},{"event_name":"Back to Basics","player_choice":"Simplicity","floor":21,"damage_taken":0},{"event_name":"The Mausoleum","player_choice":"Yes","floor":23,"damage_taken":0}],"is_beta":false,"boss_relics":[{"not_picked":["Tiny House","Pandora\u0027s Box"],"picked":"Sozu"}],"items_purged_floors":[],"is_endless":false,"potions_floor_spawned":[4,7,11,14,18,20],"killed_by":"Book of Stabbing","ascension_level":3}