{"gold_per_floor":[117,117,137,46,46,59,59,72,125,154,171,204,230,262,274,384,396,423,447,479,504,516,528,569,600,666,695,707,1019,1060,573,573,669,669,681,903,903,311,365,365,365,377,456,234,252,252,272,291,291,291],"floor_reached":51,"playtime":5177,"items_purged":["Acrobatics"],"score":731,"play_id":"5bab207c-a623-41f9-9676-e21370e2368f","local_time":"20190106190653","daily_mods":["SealedDeck"],"is_ascension_mode":false,"campfire_choices":[{"data":"Backflip","floor":7.0,"key":"SMITH"},{"data":"Underhanded Strike","floor":15.0,"key":"SMITH"},{"data":"Tools of the Trade","floor":23.0,"key":"SMITH"},{"data":"Footwork","floor":28.0,"key":"SMITH"},{"floor":32.0,"key":"REST"},{"floor":40.0,"key":"REST"},{"data":"Caltrops","floor":46,"key":"SMITH"},{"data":"Cloak And Dagger","floor":49,"key":"SMITH"}],"neow_cost":"","seed_source_timestamp":0,"circlet_count":0,"master_deck":["Dagger Throw+1","Dagger Throw+1","Cloak And Dagger+1","Backflip+1","Dodge and Roll+1","Dodge and Roll+1","Underhanded Strike+1","Underhanded Strike+1","Underhanded Strike+1","Neutralize+1","Finisher+1","Underhanded Strike+1","Backflip+1","Finisher+1","Dagger Throw+1","Footwork+1","Cloak And Dagger+1","Terror+1","Tools of the Trade+1","Backstab+1","Dagger Throw+1","Well Laid Plans+1","Cloak And Dagger+1","Finisher+1","Cloak And Dagger+1","Caltrops+1","Cloak And Dagger"],"special_seed":0,"relics":["Ring of the Serpent","Boot","Oddly Smooth Stone","MawBank","Sozu","Singing Bowl","Smiling Mask","Old Coin","Red Mask","Chemical X","Sundial","Mark of the Bloom","Omamori","ClockworkSouvenir","Dodecahedron","Gambling Chip","Paper Crane","Art of War"],"potions_floor_usage":[50],"damage_taken":[{"damage":0.0,"enemies":"Jaw Worm","floor":1.0,"turns":1.0},{"damage":0.0,"enemies":"Cultist","floor":3.0,"turns":2.0},{"damage":0.0,"enemies":"Small Slimes","floor":6.0,"turns":1.0},{"damage":0.0,"enemies":"2 Fungi Beasts","floor":8.0,"turns":2.0},{"damage":9.0,"enemies":"3 Sentries","floor":10.0,"turns":4.0},{"damage":0.0,"enemies":"Looter","floor":11.0,"turns":1.0},{"damage":2.0,"enemies":"Gremlin Nob","floor":12.0,"turns":5.0},{"damage":0.0,"enemies":"3 Louse","floor":13.0,"turns":2.0},{"damage":0.0,"enemies":"Exordium Wildlife","floor":14.0,"turns":2.0},{"damage":4.0,"enemies":"Hexaghost","floor":16.0,"turns":8.0},{"damage":2.0,"enemies":"2 Thieves","floor":18.0,"turns":3.0},{"damage":0.0,"enemies":"Spheric Guardian","floor":19.0,"turns":1.0},{"damage":0.0,"enemies":"Snecko","floor":20.0,"turns":2.0},{"damage":10.0,"enemies":"Sentry and Sphere","floor":21.0,"turns":5.0},{"damage":11.0,"enemies":"Slavers","floor":24.0,"turns":4.0},{"damage":0.0,"enemies":"3 Cultists","floor":25.0,"turns":4.0},{"damage":0.0,"enemies":"Shelled Parasite and Fungi","floor":27.0,"turns":3.0},{"damage":0.0,"enemies":"Masked Bandits","floor":30.0,"turns":2.0},{"damage":4.0,"enemies":"Automaton","floor":33.0,"turns":8.0},{"damage":0.0,"enemies":"3 Shapes","floor":35.0,"turns":4.0},{"damage":0.0,"enemies":"2 Orb Walkers","floor":39.0,"turns":3.0},{"damage":0,"enemies":"3 Darklings","floor":42,"turns":3},{"damage":0,"enemies":"Jaw Worm Horde","floor":45,"turns":3},{"damage":0,"enemies":"Sphere and 2 Shapes","floor":47,"turns":4},{"damage":9,"enemies":"Maw","floor":48,"turns":3},{"damage":6,"enemies":"Awakened One","floor":50,"turns":10}],"seed_played":"3500707663667700087","potions_obtained":[{"floor":1.0,"key":"Fire Potion"},{"floor":6.0,"key":"GamblersBrew"},{"floor":10.0,"key":"GhostInAJar"},{"floor":16.0,"key":"Regen Potion"}],"is_trial":true,"path_per_floor":["M","?","M","$","?","M","R","M","T","E","M","E","M","M","R","B",null,"M","M","M","M","?","R","E","M","T","M","R","?","?","$","R","B",null,"M","?","?","$","?","R","?","M","T","$","M","R","M","M","R","B",null],"character_chosen":"THE_SILENT","items_purchased":["Underhanded Strike","Backflip","Chemical X","Sundial","Omamori","ClockworkSouvenir","Dodecahedron","Art of War","Caltrops"],"campfire_rested":2,"item_purchase_floors":[4,4,31,31,38,38,38,44,44],"current_hp_per_floor":[70,70,70,70,70,70,70,70,70,61,61,59,59,59,59,55,70,68,68,68,58,58,58,47,47,47,49,49,49,51,51,73,71,76,78,78,78,78,78,78,78,78,78,78,78,78,78,69,69,63],"gold":291,"neow_bonus":"","is_prod":false,"is_daily":false,"chose_seed":true,"campfire_upgraded":6,"win_rate":0,"timestamp":1546819613,"path_taken":["M","?","?","?","?","M","R","M","T","E","M","E","M","M","R","BOSS","M","M","M","M","?","R","E","M","T","M","R","?","?","$","R","BOSS","M","?","?","$","?","R","?","M","T","$","M","R","M","M","R","BOSS"],"build_version":"2019-01-03v4","purchased_purges":1,"victory":true,"max_hp_per_floor":[70,70,70,70,70,70,70,70,70,70,70,70,70,70,70,70,70,70,70,70,70,70,70,70,70,70,72,72,72,74,74,74,76,76,78,78,78,78,78,78,78,78,78,78,80,80,82,82,82,82],"card_choices":[{"not_picked":["Slice","Infinite Blades","Flechettes"],"picked":"SKIP","floor":1.0},{"not_picked":["Tactician","Noxious Fumes"],"picked":"Finisher","floor":3.0},{"not_picked":["Deadly Poison","Blade Dance"],"picked":"Finisher","floor":6.0},{"not_picked":["Sucker Punch","Blade Dance"],"picked":"Dagger Throw","floor":8.0},{"not_picked":["Quick Slash","Backflip"],"picked":"Footwork","floor":10.0},{"not_picked":["Setup","PiercingWail"],"picked":"Cloak And Dagger","floor":11.0},{"not_picked":["Deadly Poison","Accuracy"],"picked":"Terror","floor":12.0},{"not_picked":["Bullet Time","Bane","Slice"],"picked":"SKIP","floor":13.0},{"not_picked":["Outmaneuver","Choke","Flying Knee"],"picked":"SKIP","floor":14.0},{"not_picked":["Wraith Form v2","Envenom"],"picked":"Tools of the Trade","floor":16.0},{"not_picked":["Prepared","Outmaneuver+1","Flechettes"],"picked":"SKIP","floor":18.0},{"not_picked":["Backflip","Accuracy"],"picked":"Backstab+1","floor":19.0},{"not_picked":["Masterful Stab","Deadly Poison","PiercingWail"],"picked":"SKIP","floor":20.0},{"not_picked":["Sucker Punch","Prepared"],"picked":"Dagger Throw","floor":21.0},{"not_picked":["Heel Hook","Caltrops+1"],"picked":"Well Laid Plans+1","floor":24.0},{"not_picked":["Heel Hook","Backflip+1"],"picked":"Cloak And Dagger+1","floor":25.0},{"not_picked":["Cloak And Dagger","Storm of Steel","All Out Attack"],"picked":"Singing Bowl","floor":27.0},{"not_picked":["Flechettes+1","Acrobatics","Dodge and Roll"],"picked":"Singing Bowl","floor":30.0},{"not_picked":["Envenom","Tools of the Trade","Die Die Die"],"picked":"Singing Bowl","floor":33.0},{"not_picked":["Deflect+1","Dagger Spray+1","Sucker Punch"],"picked":"Singing Bowl","floor":35.0},{"not_picked":["Riddle With Holes+1","Choke"],"picked":"Finisher+1","floor":39.0},{"not_picked":["Crippling Poison+1","Dodge and Roll+1"],"picked":"Cloak And Dagger","floor":42},{"not_picked":["Bane+1","Deadly Poison+1","Noxious Fumes"],"picked":"Singing Bowl","floor":45},{"not_picked":["Dagger Spray+1","A Thousand Cuts","Prepared+1"],"picked":"Singing Bowl","floor":47},{"not_picked":["Sucker Punch","Dodge and Roll"],"picked":"Cloak And Dagger","floor":48}],"player_experience":515729,"relics_obtained":[{"floor":9.0,"key":"Boot"},{"floor":10.0,"key":"Oddly Smooth Stone"},{"floor":12.0,"key":"MawBank"},{"floor":24.0,"key":"Singing Bowl"},{"floor":26.0,"key":"Smiling Mask"},{"floor":30.0,"key":"Red Mask"},{"floor":39.0,"key":"Gambling Chip"},{"floor":43,"key":"Paper Crane"}],"event_choices":[{"damage_healed":0.0,"max_hp_gain":0.0,"max_hp_loss":0.0,"gold_gain":0.0,"event_name":"Match and Keep!","player_choice":"2 cards matched","floor":2.0,"gold_loss":0.0,"damage_taken":0.0,"cards_obtained":["Neutralize","PiercingWail"]},{"damage_healed":0.0,"max_hp_gain":0.0,"max_hp_loss":0.0,"gold_gain":0.0,"event_name":"Liars Game","player_choice":"Ignored","floor":5.0,"gold_loss":0.0,"damage_taken":0.0},{"cards_removed":["PiercingWail"],"damage_healed":0.0,"max_hp_gain":0.0,"max_hp_loss":0.0,"gold_gain":0.0,"event_name":"Back to Basics","player_choice":"Elegance","floor":22.0,"gold_loss":0.0,"damage_taken":0.0},{"damage_healed":0.0,"max_hp_gain":0.0,"max_hp_loss":0.0,"gold_gain":0.0,"event_name":"The Mausoleum","player_choice":"Opened","floor":29.0,"gold_loss":0.0,"damage_taken":0.0,"relics_obtained":["Old Coin"]},{"damage_healed":0.0,"max_hp_gain":0.0,"max_hp_loss":0.0,"gold_gain":0.0,"event_name":"Masked Bandits","player_choice":"Fought Bandits","floor":30.0,"gold_loss":0.0,"damage_taken":0.0},{"damage_healed":0.0,"max_hp_gain":0.0,"max_hp_loss":0.0,"gold_gain":222.0,"event_name":"Tomb of Lord Red Mask","player_choice":"Wore Mask","floor":36.0,"gold_loss":0.0,"damage_taken":0.0},{"damage_healed":0.0,"max_hp_gain":0.0,"max_hp_loss":0.0,"gold_gain":0.0,"event_name":"MindBloom","player_choice":"Upgrade","floor":37.0,"gold_loss":0.0,"damage_taken":0.0,"cards_upgraded":["Dagger Throw","Dagger Throw","Cloak And Dagger","Backflip","Dodge and Roll","Dodge and Roll","Underhanded Strike","Underhanded Strike","Underhanded Strike","Neutralize","Finisher","Finisher","Dagger Throw","Cloak And Dagger","Terror","Dagger Throw"],"relics_obtained":["Mark of the Bloom"]},{"damage_healed":0.0,"max_hp_gain":0.0,"max_hp_loss":0.0,"gold_gain":0.0,"event_name":"Mysterious Sphere","player_choice":"Fight","floor":39.0,"gold_loss":0.0,"damage_taken":0.0},{"damage_healed":0,"gold_gain":0,"player_choice":"Ignored","damage_taken":0,"max_hp_gain":0,"max_hp_loss":0,"event_name":"Transmorgrifier","floor":41,"gold_loss":0}],"is_beta":false,"boss_relics":[{"not_picked":["Eternal Feather","Coffee Dripper"],"picked":"Sozu"},{"not_picked":["Cursed Key","Tiny House"],"picked":"Ring of the Serpent"}],"items_purged_floors":[31],"is_endless":false,"potions_floor_spawned":[1,6,10,16,18,19,21,27,30,35,45,47],"ascension_level":0}