{"gold_per_floor":[112,129,141,161,225,257,257,276,326,291,311,39,64,78,78,181,181,181,181,27,27,27,27,27,27,27,27,27,27,27,27,27,27,27,27,0,0,0,0,0,0,0,0,0,0,0,0,0,0,0],"floor_reached":50,"playtime":3270,"items_purged":["Strike_B"],"score":849,"play_id":"9c175412-10a4-4969-ba2b-cf610011a981","local_time":"20181029171940","is_ascension_mode":true,"campfire_choices":[{"floor":7.0,"key":"REST"},{"data":"Reinforced Body","floor":15.0,"key":"SMITH"},{"floor":24.0,"key":"REST"},{"floor":28.0,"key":"REST"},{"floor":32.0,"key":"REST"},{"floor":40,"key":"REST"},{"floor":47,"key":"REST"},{"floor":49,"key":"REST"}],"neow_cost":"NONE","seed_source_timestamp":127448531872985,"circlet_count":0,"master_deck":["Strike_B","Strike_B","Strike_B","Defend_B","Defend_B","Defend_B+1","Defend_B","Zap","Dualcast","AscendersBane","Streamline+1","Compile Driver","Coolheaded","Self Repair","Reinforced Body+1","Sweeping Beam","Streamline","Scrape","Machine Learning","Auto Shields+1","Rebound+1","Leap+1","Rebound","Streamline+1","Core Surge","Multi-Cast","Stack+1","Rebound+1","Trip","Leap+1","Redo","Madness","Madness","Hologram+1"],"special_seed":0,"relics":["Cracked Core","Blood Vial","Omamori","ClockworkSouvenir","Symbiotic Virus","Ectoplasm","War Paint","Regal Pillow","Matryoshka","Vajra","Happy Flower","Nuclear Battery","Red Mask","The Courier","Kunai","Bottled Lightning"],"potions_floor_usage":[50,50],"damage_taken":[{"damage":0.0,"enemies":"Jaw Worm","floor":1.0,"turns":3.0},{"damage":10.0,"enemies":"Small Slimes","floor":2.0,"turns":3.0},{"damage":0.0,"enemies":"Cultist","floor":3.0,"turns":2.0},{"damage":8.0,"enemies":"Blue Slaver","floor":4.0,"turns":5.0},{"damage":42.0,"enemies":"Lagavulin","floor":6.0,"turns":7.0},{"damage":0.0,"enemies":"Large Slime","floor":8.0,"turns":6.0},{"damage":8.0,"enemies":"3 Louse","floor":11.0,"turns":3.0},{"damage":32.0,"enemies":"Gremlin Nob","floor":13.0,"turns":5.0},{"damage":10.0,"enemies":"Looter","floor":14.0,"turns":3.0},{"damage":49.0,"enemies":"Hexaghost","floor":16.0,"turns":10.0},{"damage":19.0,"enemies":"Spheric Guardian","floor":18.0,"turns":4.0},{"damage":10.0,"enemies":"Shell Parasite","floor":19.0,"turns":6.0},{"damage":14.0,"enemies":"Centurion and Healer","floor":21.0,"turns":5.0},{"damage":8.0,"enemies":"Cultist and Chosen","floor":22.0,"turns":7.0},{"damage":16.0,"enemies":"Slavers","floor":23.0,"turns":9.0},{"damage":28.0,"enemies":"Snake Plant","floor":25.0,"turns":4.0},{"damage":54.0,"enemies":"Gremlin Leader","floor":27.0,"turns":9.0},{"damage":16.0,"enemies":"Shelled Parasite and Fungi","floor":29.0,"turns":5.0},{"damage":41.0,"enemies":"Slavers","floor":30.0,"turns":8.0},{"damage":39.0,"enemies":"Collector","floor":33.0,"turns":10.0},{"damage":10.0,"enemies":"3 Shapes","floor":35.0,"turns":5.0},{"damage":5.0,"enemies":"Orb Walker","floor":37.0,"turns":4.0},{"damage":33,"enemies":"Writhing Mass","floor":39,"turns":6},{"damage":49,"enemies":"Nemesis","floor":41,"turns":7},{"damage":20,"enemies":"Spire Growth","floor":44,"turns":5},{"damage":0,"enemies":"4 Shapes","floor":45,"turns":6},{"damage":22,"enemies":"Sphere and 2 Shapes","floor":48,"turns":5},{"damage":92,"enemies":"Donu and Deca","floor":50,"turns":10}],"seed_played":"-7540522256551188592","potions_obtained":[{"floor":1.0,"key":"PowerPotion"},{"floor":3.0,"key":"Swift Potion"},{"floor":4.0,"key":"SpeedPotion"},{"floor":14.0,"key":"Dexterity Potion"},{"floor":22.0,"key":"SpeedPotion"},{"floor":23.0,"key":"SpeedPotion"},{"floor":25.0,"key":"Regen Potion"},{"floor":27.0,"key":"Explosive Potion"},{"floor":30.0,"key":"GamblersBrew"},{"floor":41,"key":"SpeedPotion"}],"is_trial":false,"path_per_floor":["M","M","M","M","?","E","R","M","T","?","M","$","E","M","R","B",null,"M","M","$","M","M","E","R","M","T","E","R","M","E","$","R","B",null,"M","?","M","?","M","R","E","?","T","M","M","?","R","M","R"],"character_chosen":"DEFECT","items_purchased":["ClockworkSouvenir","War Paint"],"campfire_rested":7,"item_purchase_floors":[12,20],"current_hp_per_floor":[75,65,65,57,57,22,46,55,55,75,76,76,53,52,52,12,65,55,54,54,49,43,36,75,56,56,11,50,43,19,19,58,21,67,59,59,63,63,39,78,31,31,31,20,29,19,58,45,82,0],"gold":0,"neow_bonus":"TEN_PERCENT_HP_BONUS","is_prod":false,"is_daily":false,"chose_seed":false,"campfire_upgraded":1,"win_rate":0,"timestamp":1540847980,"path_taken":["M","M","M","M","?","E","R","M","T","?","M","$","E","M","R","BOSS","M","M","$","M","M","E","R","M","T","E","R","?","E","$","R","BOSS","M","?","M","?","?","R","E","?","T","M","M","?","R","M","R","BOSS"],"build_version":"2018-10-25v2","purchased_purges":1,"victory":false,"max_hp_per_floor":[82,82,82,82,82,82,82,82,82,82,82,82,82,82,82,82,82,82,82,82,82,82,82,82,82,82,82,82,82,82,82,82,82,82,82,82,82,82,82,82,82,82,82,82,82,82,82,82,82,82],"card_choices":[{"not_picked":["Streamline","Beam Cell","Chaos"],"picked":"SKIP","floor":1.0},{"not_picked":["Beam Cell","Chaos"],"picked":"Streamline","floor":1.0},{"not_picked":["Rip and Tear","Redo"],"picked":"Compile Driver","floor":2.0},{"not_picked":["Fusion","Compile Driver"],"picked":"Coolheaded","floor":3.0},{"not_picked":["Scrape","Sunder"],"picked":"Self Repair","floor":4.0},{"not_picked":["Ball Lightning","Multi-Cast"],"picked":"Reinforced Body","floor":6.0},{"not_picked":["Gash","Leap"],"picked":"Sweeping Beam","floor":8.0},{"not_picked":["Beam Cell","Self Repair","Stack"],"picked":"SKIP","floor":11.0},{"not_picked":["Gash","Coolheaded"],"picked":"Streamline","floor":13.0},{"not_picked":["Defragment","Double Energy"],"picked":"Scrape","floor":14.0},{"not_picked":["Fission","Thunder Strike"],"picked":"Machine Learning","floor":16.0},{"not_picked":["Sweeping Beam","Recycle"],"picked":"Auto Shields","floor":18.0},{"not_picked":["Scrape","Streamline"],"picked":"Rebound+1","floor":19.0},{"not_picked":["Steam","Recycle+1"],"picked":"Leap+1","floor":21.0},{"not_picked":["FTL","Capacitor","Skim"],"picked":"SKIP","floor":22.0},{"not_picked":["Static Discharge","Go for the Eyes","Leap"],"picked":"SKIP","floor":23.0},{"not_picked":["Doom and Gloom","Conserve Battery+1"],"picked":"Rebound","floor":25.0},{"not_picked":["Compile Driver","Lockon"],"picked":"Streamline+1","floor":27.0},{"not_picked":["Turbo","Steam+1"],"picked":"Core Surge","floor":29.0},{"not_picked":["Beam Cell","Heatsinks","Steam"],"picked":"SKIP","floor":30.0},{"not_picked":["Electrodynamics","Creative AI"],"picked":"Multi-Cast","floor":33.0},{"not_picked":["Steam+1","Turbo"],"picked":"Stack+1","floor":35.0},{"not_picked":["Gash","Conserve Battery"],"picked":"Rebound+1","floor":37.0},{"not_picked":["Swift Strike","Deep Breath"],"picked":"Trip","floor":38.0},{"not_picked":["Stack","Beam Cell+1"],"picked":"Leap+1","floor":39},{"not_picked":["Steam+1","Hyperbeam","Static Discharge+1"],"picked":"SKIP","floor":41},{"not_picked":["Steam+1","Gash","Sweeping Beam"],"picked":"SKIP","floor":44},{"not_picked":["Compile Driver","Coolheaded"],"picked":"Redo","floor":45},{"not_picked":["Buffer","Barrage+1"],"picked":"Hologram+1","floor":48}],"player_experience":393073,"relics_obtained":[{"floor":6.0,"key":"Blood Vial"},{"floor":9.0,"key":"Omamori"},{"floor":13.0,"key":"Symbiotic Virus"},{"floor":23.0,"key":"Regal Pillow"},{"floor":26.0,"key":"Matryoshka"},{"floor":27.0,"key":"Vajra"},{"floor":30.0,"key":"Happy Flower"},{"floor":41,"key":"The Courier"},{"floor":43,"key":"Kunai"},{"floor":43,"key":"Bottled Lightning"}],"event_choices":[{"damage_healed":0.0,"max_hp_gain":0.0,"max_hp_loss":0.0,"gold_gain":64.0,"event_name":"Golden Wing","player_choice":"Gained Gold","floor":5.0,"gold_loss":0.0,"damage_taken":0.0},{"damage_healed":20.0,"max_hp_gain":0.0,"max_hp_loss":0.0,"gold_gain":0.0,"event_name":"The Cleric","player_choice":"Healed","floor":10.0,"gold_loss":35.0,"damage_taken":0.0},{"damage_healed":0.0,"max_hp_gain":0.0,"max_hp_loss":0.0,"gold_gain":0.0,"event_name":"Tomb of Lord Red Mask","player_choice":"Paid","floor":36.0,"gold_loss":27.0,"damage_taken":0.0,"relics_obtained":["Red Mask"]},{"damage_healed":0.0,"max_hp_gain":0.0,"max_hp_loss":0.0,"gold_gain":0.0,"event_name":"SensoryStone","player_choice":"Memory 1","floor":38.0,"gold_loss":0.0,"damage_taken":0.0},{"damage_healed":0,"gold_gain":0,"player_choice":"Upgraded","damage_taken":0,"max_hp_gain":0,"max_hp_loss":0,"event_name":"Upgrade Shrine","floor":42,"gold_loss":0,"cards_upgraded":["Streamline"]},{"damage_healed":0,"gold_gain":0,"player_choice":"Embrace Madness","damage_taken":10,"max_hp_gain":0,"max_hp_loss":0,"event_name":"Winding Halls","floor":46,"gold_loss":0,"cards_obtained":["Madness","Madness"]}],"is_beta":false,"boss_relics":[{"not_picked":["Black Star","Coffee Dripper"],"picked":"Ectoplasm"},{"not_picked":["Astrolabe","Philosopher\u0027s Stone"],"picked":"Nuclear Battery"}],"items_purged_floors":[12],"is_endless":false,"potions_floor_spawned":[1,3,4,14,16,22,23,25,27,30,37,41,45],"killed_by":"Donu and Deca","ascension_level":11}