{"gold_per_floor":[144,144,144,189,39,129,53,143,143,233,233,278,368,436,436,736,736,781,826,826,871,921,1011,1056,1146,1146,1171,1261,1306,656,746,746,1046,1046,1091,280,280,325,75,165,210,300,300,345,435,435,435,525,525,525],"floor_reached":51,"playtime":3233,"items_purged":[],"score":1394,"play_id":"0028642f-d279-457b-9eda-9e45737bcc69","local_time":"20180727225136","daily_mods":["Shiny","Midas","Elite Swarm"],"is_ascension_mode":false,"campfire_choices":[{"floor":11.0,"key":"REST"},{"floor":15.0,"key":"REST"},{"floor":32,"key":"REST"},{"floor":47,"key":"REST"},{"data":"Sunder","floor":49,"key":"PURGE"}],"neow_cost":"","seed_source_timestamp":0,"circlet_count":0,"master_deck":["Multi-Cast","Hyperbeam","Thunder Strike","Biased Cognition","Machine Learning","Electrodynamics","Buffer+1","Rainbow","Seek","Meteor Strike","Echo Form","All For One","Reboot","Amplify","Creative AI","Fission","Core Surge","Beam Cell","Glacier","Rainbow","Double Energy","Machine Learning","Electrodynamics","Auto Shields","Cold Snap","Creative AI","Rebound","Biased Cognition","Turbo","Turbo","Cold Snap+1","Biased Cognition","Hologram","Rainbow","Hologram","Buffer","Cold Snap","Amplify","Aggregate+1","Storm","Conserve Battery+1","Biased Cognition","Turbo+1","Buffer","Conserve Battery+1","Buffer","Conserve Battery","Meteor Strike"],"special_seed":17740,"relics":["Cracked Core","Lantern","Dream Catcher","Cables","Gremlin Horn","Incense Burner","Sundial","Potion Belt","Runic Dome","Anchor","Pantograph","StoneCalendar","Orichalcum","Dead Branch","Ice Cream","Strange Spoon","Juzu Bracelet","Strawberry","Sozu","Symbiotic Virus","Ornamental Fan","HandDrill","Bottled Tornado","Oddly Smooth Stone","Darkstone Periapt","The Courier","Blood Vial","Peace Pipe"],"potions_floor_usage":[23,33],"damage_taken":[{"damage":0.0,"enemies":"Jaw Worm","floor":1.0,"turns":4.0},{"damage":0.0,"enemies":"2 Louse","floor":4.0,"turns":1.0},{"damage":0.0,"enemies":"Gremlin Nob","floor":6.0,"turns":5.0},{"damage":0.0,"enemies":"Lagavulin","floor":8.0,"turns":4.0},{"damage":0.0,"enemies":"Gremlin Nob","floor":10.0,"turns":5.0},{"damage":0.0,"enemies":"Small Slimes","floor":12.0,"turns":1.0},{"damage":0.0,"enemies":"3 Sentries","floor":13.0,"turns":3.0},{"damage":21.0,"enemies":"Hexaghost","floor":16.0,"turns":6.0},{"damage":10.0,"enemies":"Chosen","floor":18.0,"turns":3.0},{"damage":0.0,"enemies":"Shell Parasite","floor":19.0,"turns":2.0},{"damage":15.0,"enemies":"Snake Plant","floor":21.0,"turns":3.0},{"damage":0,"enemies":"Book of Stabbing","floor":23,"turns":3},{"damage":24,"enemies":"Snecko","floor":24,"turns":4},{"damage":4,"enemies":"Slavers","floor":25,"turns":4},{"damage":0,"enemies":"Gremlin Leader","floor":28,"turns":7},{"damage":0,"enemies":"3 Cultists","floor":29,"turns":2},{"damage":0,"enemies":"Book of Stabbing","floor":31,"turns":2},{"damage":0,"enemies":"Champ","floor":33,"turns":8},{"damage":0,"enemies":"Orb Walker","floor":35,"turns":3},{"damage":6,"enemies":"3 Shapes","floor":38,"turns":2},{"damage":0,"enemies":"Giant Head","floor":40,"turns":5},{"damage":0,"enemies":"Spire Growth","floor":41,"turns":4},{"damage":0,"enemies":"2 Orb Walkers","floor":42,"turns":3},{"damage":0,"enemies":"3 Darklings","floor":44,"turns":2},{"damage":0,"enemies":"Giant Head","floor":45,"turns":7},{"damage":0,"enemies":"2 Orb Walkers","floor":48,"turns":2},{"damage":0,"enemies":"Donu and Deca","floor":50,"turns":5}],"seed_played":"2203350338382633815","potions_obtained":[{"floor":6.0,"key":"FearPotion"},{"floor":8.0,"key":"FearPotion"},{"floor":10.0,"key":"PowerPotion"},{"floor":13.0,"key":"Energy Potion"},{"floor":18.0,"key":"Energy Potion"},{"floor":19.0,"key":"Regen Potion"},{"floor":24,"key":"Swift Potion"},{"floor":29,"key":"Explosive Potion"}],"is_trial":false,"path_per_floor":["M","?","?","M","$","E","$","E","T","E","R","M","E","?","R","B",null,"M","M","?","M","?","E","M","E","T","T","E","M","$","E","R","B",null,"M","$","?","M","$","E","M","E","T","M","E","?","R","E","R","B"],"character_chosen":"DEFECT","items_purchased":["Dream Catcher","Double Energy","Ice Cream","Strange Spoon","Juzu Bracelet","Symbiotic Virus","Ornamental Fan","Storm","HandDrill","Sunder","Bottled Tornado"],"campfire_rested":4,"item_purchase_floors":[5,7,30,30,30,36,36,36,36,36,39],"current_hp_per_floor":[75,63,63,63,63,63,63,63,63,63,75,75,75,75,75,54,75,65,65,65,50,50,59,35,31,31,31,31,38,38,45,69,82,82,82,82,82,76,76,76,76,76,76,76,76,76,82,82,82,82],"gold":525,"neow_bonus":"","is_prod":false,"is_daily":true,"chose_seed":false,"campfire_upgraded":0,"win_rate":0,"timestamp":1532746296,"path_taken":["M","?","?","?","$","E","$","E","T","E","R","M","E","?","R","BOSS","M","M","?","M","?","E","?","E","T","?","E","M","$","E","R","BOSS","M","$","?","M","?","E","M","E","T","M","E","?","R","E","R","BOSS"],"build_version":"2018-07-26","purchased_purges":0,"victory":true,"max_hp_per_floor":[75,75,75,75,75,75,75,75,75,75,75,75,75,75,75,75,75,75,75,75,75,75,75,75,75,75,75,75,75,75,82,82,82,82,82,82,82,82,82,82,82,82,82,82,82,82,82,82,82,82],"card_choices":[{"not_picked":["Barrage","Ball Lightning"],"picked":"Beam Cell","floor":1.0},{"not_picked":["Auto Shields","Ball Lightning"],"picked":"Glacier","floor":4.0},{"not_picked":["Thunder Strike","Buffer"],"picked":"Rainbow","floor":6.0},{"not_picked":["Core Surge","Thunder Strike"],"picked":"Machine Learning","floor":8.0},{"not_picked":["Amplify","Echo Form"],"picked":"Electrodynamics","floor":10.0},{"not_picked":["Beam Cell","Scrape"],"picked":"Auto Shields","floor":11.0},{"not_picked":["Go for the Eyes","Doom and Gloom"],"picked":"Cold Snap","floor":12.0},{"not_picked":["Fission","Multi-Cast"],"picked":"Creative AI","floor":13.0},{"not_picked":["Redo","Barrage"],"picked":"Rebound","floor":15.0},{"not_picked":["Thunder Strike","Amplify"],"picked":"Biased Cognition","floor":16.0},{"not_picked":["Stack","Gash"],"picked":"Turbo","floor":18.0},{"not_picked":["Stack","Beam Cell"],"picked":"Turbo","floor":19.0},{"not_picked":["Sweeping Beam+1","Barrage+1"],"picked":"Cold Snap+1","floor":21.0},{"not_picked":["Seek","Thunder Strike"],"picked":"Biased Cognition","floor":23},{"not_picked":["Gash+1","Barrage+1"],"picked":"Hologram","floor":24},{"not_picked":["Seek","Core Surge"],"picked":"Rainbow","floor":25},{"not_picked":["Machine Learning","Amplify","Meteor Strike"],"picked":"SKIP","floor":28},{"not_picked":["Compile Driver","Auto Shields"],"picked":"Hologram","floor":29},{"not_picked":["Hyperbeam","Thunder Strike"],"picked":"Buffer","floor":31},{"not_picked":["Leap","Barrage"],"picked":"Cold Snap","floor":32},{"not_picked":["Machine Learning","Fission"],"picked":"Amplify","floor":33},{"not_picked":["Turbo","Stack+1"],"picked":"Aggregate","floor":35},{"not_picked":["Stack+1","Steam+1"],"picked":"Conserve Battery+1","floor":38},{"not_picked":["Seek","Electrodynamics"],"picked":"Biased Cognition","floor":40},{"not_picked":["Barrage","Sweeping Beam+1"],"picked":"Turbo+1","floor":41},{"not_picked":["Electrodynamics","Machine Learning"],"picked":"Buffer","floor":42},{"not_picked":["Barrage","Stack+1"],"picked":"Conserve Battery+1","floor":44},{"not_picked":["Creative AI","Fission"],"picked":"Buffer","floor":45},{"not_picked":["Chill","Ball Lightning"],"picked":"Conserve Battery","floor":47},{"not_picked":["Echo Form","Seek"],"picked":"Meteor Strike","floor":48}],"player_experience":142292,"relics_obtained":[{"floor":6.0,"key":"Cables"},{"floor":8.0,"key":"Gremlin Horn"},{"floor":9.0,"key":"Incense Burner"},{"floor":10.0,"key":"Sundial"},{"floor":13.0,"key":"Potion Belt"},{"floor":23,"key":"Anchor"},{"floor":25,"key":"Pantograph"},{"floor":26,"key":"StoneCalendar"},{"floor":27,"key":"Orichalcum"},{"floor":28,"key":"Dead Branch"},{"floor":31,"key":"Strawberry"},{"floor":40,"key":"Oddly Smooth Stone"},{"floor":42,"key":"Darkstone Periapt"},{"floor":43,"key":"The Courier"},{"floor":45,"key":"Blood Vial"},{"floor":48,"key":"Peace Pipe"}],"event_choices":[{"event_name":"Scrap Ooze","player_choice":"success","floor":2.0,"damage_taken":12.0},{"event_name":"Living Wall","player_choice":"Grow","floor":3.0,"damage_taken":0.0},{"event_name":"Golden Wing","player_choice":"Gained Gold","floor":14.0,"damage_taken":0.0},{"event_name":"Beggar","player_choice":"Ignored","floor":20.0,"damage_taken":0.0},{"event_name":"The Joust","player_choice":"Bet on Murderer","floor":22,"damage_taken":0},{"event_name":"Tomb of Lord Red Mask","player_choice":"Ignored","floor":37,"damage_taken":0},{"event_name":"Upgrade Shrine","player_choice":"Upgraded","floor":46,"damage_taken":0}],"is_beta":false,"boss_relics":[{"not_picked":["Empty Cage","Runic Pyramid"],"picked":"Runic Dome"},{"not_picked":["Orrery","Tiny House"],"picked":"Sozu"}],"items_purged_floors":[],"is_endless":false,"potions_floor_spawned":[6,8,10,13,18,19,24,29,31,40,42,45],"ascension_level":0}