{"gold_per_floor":[111,124,38,58,58,86,86,106,106,106],"floor_reached":10,"playtime":433,"items_purged":[],"score":136,"play_id":"e768aee6-10fe-47c2-a856-7c75e260a85e","local_time":"20190422190601","is_ascension_mode":true,"campfire_choices":[{"data":"Zap","floor":7,"key":"SMITH"}],"neow_cost":"NONE","seed_source_timestamp":1896384751430476,"circlet_count":0,"master_deck":["AscendersBane","Strike_B","Strike_B","Strike_B","Strike_B","Defend_B","Defend_B","Defend_B","Defend_B","Zap+1","Dualcast","Streamline","FTL","Hologram","Regret","Gash"],"relics":["Cracked Core","NeowsBlessing","Incense Burner","Question Card","Prayer Wheel"],"potions_floor_usage":[6,6],"damage_taken":[{"damage":0,"enemies":"Cultist","floor":1,"turns":1},{"damage":0,"enemies":"Small Slimes","floor":2,"turns":1},{"damage":0,"enemies":"Jaw Worm","floor":4,"turns":1},{"damage":31,"enemies":"3 Sentries","floor":6,"turns":7},{"damage":13,"enemies":"3 Louse","floor":8,"turns":3},{"damage":25,"enemies":"Large Slime","floor":10,"turns":3}],"seed_played":"8090386782132460485","potions_obtained":[{"floor":2,"key":"Strength Potion"},{"floor":4,"key":"Dexterity Potion"},{"floor":8,"key":"Ancient Potion"}],"is_trial":false,"path_per_floor":["M","M","$","M","?","E","R","M","T","M"],"character_chosen":"DEFECT","items_purchased":["FTL"],"campfire_rested":0,"item_purchase_floors":[3],"current_hp_per_floor":[64,64,64,64,64,33,33,20,20,0],"gold":106,"neow_bonus":"THREE_ENEMY_KILL","is_prod":false,"is_daily":false,"chose_seed":false,"campfire_upgraded":1,"win_rate":0,"timestamp":1555977961,"path_taken":["M","?","$","M","?","E","R","M","T","M"],"build_version":"2019-01-23","purchased_purges":0,"victory":false,"max_hp_per_floor":[71,71,71,71,71,71,71,71,71,71],"card_choices":[{"not_picked":["Go for the Eyes","Barrage"],"picked":"Streamline","floor":1},{"not_picked":["Leap","Double Energy","Sweeping Beam"],"picked":"SKIP","floor":2},{"not_picked":["Streamline","Go for the Eyes"],"picked":"Hologram","floor":4},{"not_picked":["Lockon","Tempest"],"picked":"Gash","floor":6},{"not_picked":["Compile Driver","Sweeping Beam","Defragment","Streamline"],"picked":"SKIP","floor":8}],"player_experience":673422,"relics_obtained":[{"floor":6,"key":"Question Card"},{"floor":9,"key":"Prayer Wheel"}],"event_choices":[{"damage_healed":0,"gold_gain":0,"player_choice":"Box","damage_taken":0,"relics_obtained":["Incense Burner"],"max_hp_gain":0,"max_hp_loss":0,"event_name":"Big Fish","floor":5,"gold_loss":0,"cards_obtained":["Regret"]}],"is_beta":false,"boss_relics":[],"items_purged_floors":[],"is_endless":false,"potions_floor_spawned":[2,4,8],"killed_by":"Large Slime","ascension_level":20}