{"gold_per_floor":[115,115,128,143,161,161,8,21,46,46,73,34,34,67,67,141,141,154,154,74,91,104,130,130,161,161,161,186,246,246,296,296,370,370,387,492,542,291,341,341,376,426,449,449,516,316,316,345,345,345,345,345,345,27,27],"floor_reached":55,"playtime":3713,"items_purged":["Strike_R"],"score":2074,"play_id":"43e67f84-6db3-4eb7-86fd-5a5b6dc5becf","local_time":"20190327095705","is_ascension_mode":true,"campfire_choices":[{"data":"Twin Strike","floor":6.0,"key":"SMITH"},{"data":"Inflame","floor":10.0,"key":"SMITH"},{"data":"Thunderclap","floor":13.0,"key":"SMITH"},{"data":"Uppercut","floor":15.0,"key":"SMITH"},{"floor":24.0,"key":"REST"},{"data":"Feed","floor":27.0,"key":"SMITH"},{"data":"Disarm","floor":30.0,"key":"SMITH"},{"data":"Power Through","floor":32.0,"key":"SMITH"},{"floor":40.0,"key":"REST"},{"floor":44.0,"key":"RECALL"},{"data":"Limit Break","floor":47.0,"key":"SMITH"},{"floor":49.0,"key":"REST"},{"floor":53.0,"key":"REST"}],"neow_cost":"NONE","seed_source_timestamp":1179055518197904,"circlet_count":0,"master_deck":["AscendersBane","Defend_R","Defend_R","Defend_R","Bash","Warcry","Uppercut+1","Twin Strike+1","Anger","Thunderclap+1","Offering","Inflame+1","Power Through+1","Cleave","Battle Trance","Shrug It Off","Feed+1","Shockwave+1","Entrench+1","Headbutt+1","Whirlwind+1","Spot Weakness","Armaments+1","Shrug It Off","Evolve","Immolate","Shrug It Off+1","Spot Weakness+1","Disarm+1","Limit Break+1","Corruption+1","Shrug It Off","Mayhem+1","Dark Shackles","Blind","Sword Boomerang","Headbutt","Heavy Blade","Double Tap","Headbutt"],"special_seed":0,"relics":["Burning Blood","Regal Pillow","Boot","Dream Catcher","Astrolabe","SsserpentHead","Omamori","Red Skull","Frozen Egg 2","Bottled Tornado","Cursed Key","Thread and Needle","Lantern","Calipers","Ornamental Fan","War Paint","Letter Opener","FossilizedHelix"],"potions_floor_usage":[],"damage_taken":[{"damage":0.0,"enemies":"Small Slimes","floor":1.0,"turns":3.0},{"damage":1.0,"enemies":"Cultist","floor":3.0,"turns":3.0},{"damage":7.0,"enemies":"Jaw Worm","floor":4.0,"turns":3.0},{"damage":8.0,"enemies":"Looter","floor":5.0,"turns":4.0},{"damage":13.0,"enemies":"Gremlin Gang","floor":8.0,"turns":3.0},{"damage":6.0,"enemies":"Gremlin Nob","floor":11.0,"turns":2.0},{"damage":3.0,"enemies":"Lagavulin","floor":14.0,"turns":6.0},{"damage":9.0,"enemies":"Slime Boss","floor":16.0,"turns":6.0},{"damage":17.0,"enemies":"3 Byrds","floor":18.0,"turns":4.0},{"damage":9.0,"enemies":"Chosen","floor":21.0,"turns":3.0},{"damage":24.0,"enemies":"Snake Plant","floor":22.0,"turns":3.0},{"damage":21.0,"enemies":"Book of Stabbing","floor":23.0,"turns":4.0},{"damage":24.0,"enemies":"Slavers","floor":25.0,"turns":5.0},{"damage":30.0,"enemies":"Book of Stabbing","floor":28.0,"turns":4.0},{"damage":6.0,"enemies":"Centurion and Healer","floor":29.0,"turns":2.0},{"damage":48.0,"enemies":"Champ","floor":33.0,"turns":8.0},{"damage":12.0,"enemies":"Orb Walker","floor":35.0,"turns":4.0},{"damage":33.0,"enemies":"2 Orb Walkers","floor":36.0,"turns":2.0},{"damage":14.0,"enemies":"Reptomancer","floor":41.0,"turns":4.0},{"damage":20.0,"enemies":"3 Shapes","floor":45.0,"turns":7.0},{"damage":16.0,"enemies":"Giant Head","floor":48.0,"turns":6.0},{"damage":44.0,"enemies":"Awakened One","floor":50.0,"turns":8.0},{"damage":40.0,"enemies":"Donu and Deca","floor":51.0,"turns":6.0},{"damage":106,"enemies":"Shield and Spear","floor":55,"turns":5}],"seed_played":"-5096507791078379513","potions_obtained":[{"floor":1.0,"key":"Swift Potion"},{"floor":3.0,"key":"SteroidPotion"},{"floor":11.0,"key":"SkillPotion"},{"floor":16.0,"key":"SkillPotion"},{"floor":23.0,"key":"BloodPotion"},{"floor":25.0,"key":"Ancient Potion"},{"floor":33.0,"key":"SkillPotion"},{"floor":35.0,"key":"Strength Potion"}],"is_trial":false,"path_per_floor":["M","?","M","M","M","R","$","M","T","R","E","$","R","E","R","B",null,"M","?","$","M","M","E","R","E","T","R","E","M","R","?","R","B",null,"M","?","?","$","?","R","E","T","T","R","M","$","R","E","R","B","B",null,"R","$","E"],"character_chosen":"IRONCLAD","items_purchased":["Inflame","Battle Trance","Spot Weakness","Lantern","Corruption+1","Shrug It Off","Double Tap","War Paint","FossilizedHelix"],"campfire_rested":4,"item_purchase_floors":[7,12,20,38,38,38,46,46,54],"current_hp_per_floor":[74,74,75,74,72,72,72,65,65,65,65,65,65,68,68,65,73,65,65,65,65,50,38,79,72,72,72,52,52,52,71,71,29,78,72,45,45,45,35,76,68,68,68,68,58,58,58,48,90,52,22,78,97,97,0],"gold":27,"neow_bonus":"TRANSFORM_CARD","is_prod":false,"is_daily":false,"chose_seed":false,"campfire_upgraded":8,"win_rate":0,"timestamp":1553698625,"path_taken":["M","?","?","M","M","R","?","M","T","R","E","?","R","E","R","BOSS","M","?","$","M","M","E","R","E","T","R","E","?","R","?","R","BOSS","M","?","?","$","?","R","E","?","T","R","?","?","R","E","R","BOSS","BOSS","R","$","E"],"build_version":"2019-01-23","purchased_purges":1,"victory":false,"max_hp_per_floor":[75,75,75,75,75,75,75,75,75,75,75,75,75,75,75,75,75,78,78,78,81,84,87,87,90,90,90,94,94,94,94,94,94,94,94,94,89,89,89,89,89,89,89,89,93,93,93,93,93,93,97,97,97,97,97],"card_choices":[{"not_picked":["Metallicize","Perfected Strike"],"picked":"Uppercut","floor":1.0},{"not_picked":["Heavy Blade","Havoc"],"picked":"Anger","floor":3.0},{"not_picked":["Dual Wield","Sword Boomerang"],"picked":"Thunderclap","floor":4.0},{"not_picked":["Bloodletting","Cleave"],"picked":"Offering","floor":5.0},{"not_picked":["Wild Strike","Clothesline"],"picked":"Power Through","floor":8.0},{"not_picked":["Heavy Blade","Havoc"],"picked":"Cleave","floor":11.0},{"not_picked":["Armaments","Iron Wave"],"picked":"Shrug It Off","floor":14.0},{"not_picked":["Fiend Fire","Berserk"],"picked":"Feed","floor":16.0},{"not_picked":["Flex","Warcry"],"picked":"Whirlwind+1","floor":18.0},{"not_picked":["Warcry","Heavy Blade"],"picked":"Armaments+1","floor":21.0},{"not_picked":["Warcry","Burning Pact"],"picked":"Shrug It Off","floor":22.0},{"not_picked":["Iron Wave","Hemokinesis"],"picked":"Evolve","floor":23.0},{"not_picked":["Armaments","Uppercut"],"picked":"Immolate","floor":24.0},{"not_picked":["Rage","Iron Wave"],"picked":"Shrug It Off","floor":25.0},{"not_picked":["Rupture+1","Flex"],"picked":"Spot Weakness","floor":28.0},{"not_picked":["Wild Strike","Shrug It Off"],"picked":"Disarm","floor":29.0},{"not_picked":["Barricade+1","Double Tap"],"picked":"Limit Break","floor":33.0},{"not_picked":["Armaments","True Grit","Dropkick"],"picked":"SKIP","floor":35.0},{"not_picked":["Jack Of All Trades","PanicButton"],"picked":"Mayhem+1","floor":39.0},{"not_picked":["Purity","HandOfGreed"],"picked":"Dark Shackles","floor":39.0},{"not_picked":["Discovery","Deep Breath"],"picked":"Blind","floor":39.0},{"not_picked":["Spot Weakness+1","Warcry"],"picked":"Sword Boomerang","floor":40.0},{"not_picked":["Inflame+1","Seeing Red"],"picked":"Headbutt","floor":41.0},{"not_picked":["Anger+1","Perfected Strike"],"picked":"Heavy Blade","floor":45.0},{"not_picked":["Barricade+1","Clash","True Grit"],"picked":"SKIP","floor":48.0},{"not_picked":["Warcry","Anger+1"],"picked":"Headbutt","floor":53.0}],"player_experience":936416,"relics_obtained":[{"floor":9.0,"key":"Regal Pillow"},{"floor":11.0,"key":"Boot"},{"floor":14.0,"key":"Dream Catcher"},{"floor":23.0,"key":"Omamori"},{"floor":25.0,"key":"Red Skull"},{"floor":26.0,"key":"Frozen Egg 2"},{"floor":28.0,"key":"Bottled Tornado"},{"floor":36.0,"key":"Thread and Needle"},{"floor":41.0,"key":"Calipers"},{"floor":42.0,"key":"Ornamental Fan"},{"floor":48.0,"key":"Letter Opener"}],"event_choices":[{"damage_healed":0.0,"max_hp_gain":0.0,"max_hp_loss":0.0,"gold_gain":0.0,"cards_transformed":["Strike_R"],"event_name":"Transmorgrifier","player_choice":"Transformed","floor":2.0,"gold_loss":0.0,"damage_taken":0.0,"cards_obtained":["Twin Strike"]},{"damage_healed":0.0,"max_hp_gain":0.0,"max_hp_loss":0.0,"gold_gain":0.0,"event_name":"FaceTrader","player_choice":"Trade","floor":19.0,"gold_loss":0.0,"damage_taken":0.0,"relics_obtained":["SsserpentHead"]},{"damage_healed":19.0,"max_hp_gain":0.0,"max_hp_loss":0.0,"gold_gain":0.0,"event_name":"The Library","player_choice":"Heal","floor":31.0,"gold_loss":0.0,"damage_taken":0.0},{"damage_healed":0.0,"max_hp_gain":0.0,"max_hp_loss":0.0,"gold_gain":0.0,"event_name":"Mysterious Sphere","player_choice":"Fight","floor":36.0,"gold_loss":0.0,"damage_taken":0.0},{"damage_healed":0.0,"max_hp_gain":0.0,"max_hp_loss":5.0,"gold_gain":0.0,"event_name":"Winding Halls","player_choice":"Max HP","floor":37.0,"gold_loss":0.0,"damage_taken":0.0},{"damage_healed":0.0,"max_hp_gain":0.0,"max_hp_loss":0.0,"gold_gain":0.0,"event_name":"SensoryStone","player_choice":"Memory 3","floor":39.0,"gold_loss":0.0,"damage_taken":10.0}],"is_beta":false,"boss_relics":[{"not_picked":["Runic Cube","Philosopher\u0027s Stone"],"picked":"Astrolabe"},{"not_picked":["Black Star","Snecko Eye"],"picked":"Cursed Key"}],"items_purged_floors":[7],"is_endless":false,"potions_floor_spawned":[1,3,4,11,16,18,23,25,33,35,48],"killed_by":"Shield and Spear","ascension_level":20}