{"gold_per_floor":[118,118,135,38,48,83,83,83,83,8,8,26,41,60,60,135,135,135,135,35,0,0,0,0,0,0,0,0,0,0,0,0,0,0,0,0,0,0,0,0,0,0,0,0,0,0,0,0,0,0,0],"floor_reached":52,"playtime":2563,"items_purged":["Strike_R","Clash"],"score":1821,"play_id":"72ddd77b-4373-451f-a4ee-be2bb2514440","local_time":"20190417055457","is_ascension_mode":true,"campfire_choices":[{"data":"Spot Weakness","floor":7.0,"key":"SMITH"},{"data":"Feed","floor":11.0,"key":"SMITH"},{"data":"Disarm","floor":15.0,"key":"SMITH"},{"data":"Whirlwind","floor":23.0,"key":"SMITH"},{"data":"1","floor":25.0,"key":"LIFT"},{"data":"2","floor":28.0,"key":"LIFT"},{"floor":32,"key":"REST"},{"data":"3","floor":40,"key":"LIFT"},{"data":"Demon Form","floor":44,"key":"SMITH"},{"data":"Metallicize","floor":46,"key":"SMITH"},{"data":"Heavy Blade","floor":49,"key":"SMITH"}],"neow_cost":"TEN_PERCENT_HP_LOSS","seed_source_timestamp":1414729051455301,"circlet_count":0,"master_deck":["AscendersBane","Strike_R+1","Strike_R+1","Strike_R+1","Strike_R+1","Defend_R+1","Defend_R+1","Defend_R+1","Defend_R+1","Bash","Feed+1","Metallicize","Flash of Steel","Spot Weakness+1","Disarm+1","Heavy Blade+1","Impervious","Whirlwind+1","Battle Trance","Demon Form+1","Metallicize+1","Limit Break","Heavy Blade"],"special_seed":0,"relics":["Burning Blood","Mercury Hourglass","Art of War","Ectoplasm","MutagenicStrength","Girya","Pen Nib","Blood Vial","Velvet Choker","Ice Cream","Bronze Scales","Pantograph"],"potions_floor_usage":[38,47,50,50],"damage_taken":[{"damage":5.0,"enemies":"Small Slimes","floor":1.0,"turns":3.0},{"damage":8.0,"enemies":"Cultist","floor":3.0,"turns":5.0},{"damage":7.0,"enemies":"Jaw Worm","floor":5.0,"turns":4.0},{"damage":16.0,"enemies":"3 Sentries","floor":6.0,"turns":8.0},{"damage":0.0,"enemies":"Large Slime","floor":12.0,"turns":2.0},{"damage":8.0,"enemies":"Blue Slaver","floor":13.0,"turns":2.0},{"damage":0.0,"enemies":"2 Fungi Beasts","floor":14.0,"turns":3.0},{"damage":20.0,"enemies":"Hexaghost","floor":16.0,"turns":9.0},{"damage":4.0,"enemies":"3 Byrds","floor":18.0,"turns":5.0},{"damage":12.0,"enemies":"2 Thieves","floor":21.0,"turns":3.0},{"damage":40.0,"enemies":"Book of Stabbing","floor":24.0,"turns":7.0},{"damage":14,"enemies":"Snake Plant","floor":29,"turns":4},{"damage":0,"enemies":"Centurion and Healer","floor":30,"turns":1},{"damage":37,"enemies":"Champ","floor":33,"turns":8},{"damage":12,"enemies":"3 Shapes","floor":35,"turns":5},{"damage":4,"enemies":"Mind Bloom Boss Battle","floor":38,"turns":6},{"damage":0,"enemies":"Orb Walker","floor":39,"turns":2},{"damage":1,"enemies":"Nemesis","floor":42,"turns":5},{"damage":16,"enemies":"Sphere and 2 Shapes","floor":45,"turns":5},{"damage":7,"enemies":"Spire Growth","floor":47,"turns":4},{"damage":42,"enemies":"Awakened One","floor":50,"turns":6},{"damage":40,"enemies":"Donu and Deca","floor":51,"turns":6}],"seed_played":"-2292357101542091689","potions_obtained":[{"floor":1.0,"key":"Strength Potion"},{"floor":6.0,"key":"Dexterity Potion"},{"floor":12.0,"key":"AttackPotion"},{"floor":16.0,"key":"Poison Potion"},{"floor":29,"key":"SpeedPotion"},{"floor":33,"key":"FearPotion"},{"floor":42,"key":"SkillPotion"},{"floor":47,"key":"Dexterity Potion"}],"is_trial":false,"path_per_floor":["M","?","M","$","M","E","R","?","T","$","R","M","M","M","R","B",null,"M","?","$","M","?","R","E","R","T","T","R","M","M","?","R","B",null,"M","$","?","?","M","R","T","E","T","R","M","R","M","$","R","B","B",null],"character_chosen":"IRONCLAD","items_purchased":["Flash of Steel"],"campfire_rested":1,"item_purchase_floors":[4],"current_hp_per_floor":[68,68,69,69,71,64,64,41,41,41,41,51,53,63,63,49,79,85,85,85,83,83,83,49,49,49,49,49,43,51,51,80,51,86,86,86,86,94,102,102,102,105,105,105,99,99,100,100,100,73,66],"gold":0,"neow_bonus":"THREE_RARE_CARDS","is_prod":false,"is_daily":false,"chose_seed":false,"campfire_upgraded":7,"win_rate":0,"timestamp":1555498497,"path_taken":["M","?","M","$","?","E","R","?","T","$","R","M","M","M","R","BOSS","M","?","$","M","?","R","E","R","T","?","R","M","M","?","R","BOSS","M","$","?","?","M","R","?","E","T","R","M","R","?","?","R","BOSS","BOSS"],"build_version":"2019-01-23","purchased_purges":2,"victory":true,"max_hp_per_floor":[68,68,71,71,74,77,77,77,77,77,77,81,85,89,89,89,89,93,93,93,97,97,97,97,97,97,97,97,97,97,97,97,97,97,101,101,101,105,105,105,105,105,105,105,109,109,109,109,109,109,109],"card_choices":[{"not_picked":["Juggernaut","Dark Embrace"],"picked":"Feed","floor":0.0},{"not_picked":["Power Through","Shockwave"],"picked":"Metallicize","floor":1.0},{"not_picked":["Twin Strike","Reckless Charge","Havoc"],"picked":"SKIP","floor":3.0},{"not_picked":["Twin Strike","Entrench"],"picked":"Spot Weakness","floor":5.0},{"not_picked":["Sever Soul","Searing Blow","Body Slam"],"picked":"SKIP","floor":6.0},{"not_picked":["Cleave","Rupture"],"picked":"Disarm","floor":12.0},{"not_picked":["Dual Wield","Armaments","Perfected Strike"],"picked":"SKIP","floor":13.0},{"not_picked":["Headbutt","Intimidate"],"picked":"Heavy Blade","floor":14.0},{"not_picked":["Feed","Juggernaut"],"picked":"Impervious","floor":16.0},{"not_picked":["Bloodletting","Perfected Strike","Twin Strike"],"picked":"SKIP","floor":18.0},{"not_picked":["Entrench","Spot Weakness"],"picked":"Whirlwind","floor":21.0},{"not_picked":["Warcry","Flex+1"],"picked":"Battle Trance","floor":24.0},{"not_picked":["Armaments","Rampage"],"picked":"Demon Form","floor":29},{"not_picked":["Infernal Blade","Flex"],"picked":"Metallicize","floor":30},{"not_picked":["Berserk","Immolate"],"picked":"Limit Break","floor":33},{"not_picked":["True Grit","Anger","Combust"],"picked":"SKIP","floor":35},{"not_picked":["Uppercut","Body Slam","Cleave"],"picked":"SKIP","floor":39},{"not_picked":["Havoc","Uppercut"],"picked":"Heavy Blade","floor":42},{"not_picked":["Pommel Strike+1","Flex","Reckless Charge"],"picked":"SKIP","floor":45},{"not_picked":["Heavy Blade","Searing Blow","Dropkick"],"picked":"SKIP","floor":47}],"player_experience":664052,"relics_obtained":[{"floor":6.0,"key":"Mercury Hourglass"},{"floor":9.0,"key":"Art of War"},{"floor":24.0,"key":"Girya"},{"floor":26.0,"key":"Pen Nib"},{"floor":27.0,"key":"Blood Vial"},{"floor":38,"key":"Ice Cream"},{"floor":41,"key":"Bronze Scales"},{"floor":42,"key":"Pantograph"}],"event_choices":[{"damage_healed":0.0,"max_hp_gain":0.0,"max_hp_loss":0.0,"gold_gain":0.0,"event_name":"Match and Keep!","player_choice":"1 cards matched","floor":2.0,"gold_loss":0.0,"damage_taken":0.0,"cards_obtained":["Clash"]},{"damage_healed":0.0,"max_hp_gain":0.0,"max_hp_loss":0.0,"gold_gain":0.0,"event_name":"Match and Keep!","player_choice":"1 cards matched","floor":2.0,"gold_loss":0.0,"damage_taken":0.0,"cards_obtained":["Clash"]},{"damage_healed":0.0,"max_hp_gain":0.0,"max_hp_loss":0.0,"gold_gain":0.0,"event_name":"Shining Light","player_choice":"Entered Light","floor":8.0,"gold_loss":0.0,"damage_taken":23.0,"cards_upgraded":["Strike_R","Strike_R"]},{"damage_healed":0.0,"max_hp_gain":0.0,"max_hp_loss":0.0,"gold_gain":0.0,"event_name":"Drug Dealer","player_choice":"Inject Mutagens","floor":19.0,"gold_loss":0.0,"damage_taken":0.0,"relics_obtained":["MutagenicStrength"]},{"damage_healed":0.0,"max_hp_gain":0.0,"max_hp_loss":0.0,"gold_gain":0.0,"event_name":"Back to Basics","player_choice":"Simplicity","floor":22.0,"gold_loss":0.0,"damage_taken":0.0,"cards_upgraded":["Strike_R","Strike_R","Defend_R","Defend_R","Defend_R","Defend_R"]},{"damage_healed":0,"gold_gain":0,"player_choice":"Ignored","damage_taken":0,"max_hp_gain":0,"max_hp_loss":0,"event_name":"The Mausoleum","floor":31,"gold_loss":0},{"damage_healed":0,"gold_gain":0,"player_choice":"Memory 1","damage_taken":0,"max_hp_gain":0,"max_hp_loss":0,"event_name":"SensoryStone","floor":37,"gold_loss":0},{"damage_healed":0,"gold_gain":0,"player_choice":"Fight","damage_taken":0,"max_hp_gain":0,"max_hp_loss":0,"event_name":"MindBloom","floor":38,"gold_loss":0}],"is_beta":false,"boss_relics":[{"not_picked":["Busted Crown","Philosopher\u0027s Stone"],"picked":"Ectoplasm"},{"not_picked":["Runic Dome","Runic Cube"],"picked":"Velvet Choker"}],"items_purged_floors":[10,20],"is_endless":false,"potions_floor_spawned":[1,6,12,13,16,29,33,42,47],"ascension_level":20}