{"gold_per_floor":[10,27,27,27,46,79,19,33,112,183,183,209,15,41,41,41],"floor_reached":16,"playtime":547,"items_purged":[],"score":211,"play_id":"3a3d4377-8a43-48a8-8921-e3d2ba2e4f4c","local_time":"20190218043446","is_ascension_mode":true,"campfire_choices":[{"floor":11,"key":"DIG"},{"floor":15,"key":"DIG"}],"neow_cost":"NO_GOLD","seed_source_timestamp":62960244965743,"circlet_count":0,"master_deck":["AscendersBane","Strike_R","Strike_R","Strike_R","Strike_R","Strike_R","Defend_R","Defend_R","Defend_R","Defend_R","Bash+1","Cleave","Evolve","Shrug It Off","Carnage","Spot Weakness","Power Through","Uppercut+1"],"special_seed":0,"relics":["Burning Blood","Charon\u0027s Ashes","Shovel","The Courier","Ancient Tea Set","Juzu Bracelet","Blood Vial","Molten Egg 2","Dream Catcher"],"potions_floor_usage":[6,14,14],"damage_taken":[{"damage":5.0,"enemies":"2 Louse","floor":1.0,"turns":3.0},{"damage":7.0,"enemies":"Small Slimes","floor":2.0,"turns":3.0},{"damage":9.0,"enemies":"Jaw Worm","floor":5.0,"turns":4.0},{"damage":32,"enemies":"Gremlin Nob","floor":6,"turns":4},{"damage":13,"enemies":"3 Louse","floor":8,"turns":3},{"damage":15,"enemies":"Lagavulin","floor":14,"turns":5},{"damage":34,"enemies":"The Guardian","floor":16,"turns":8}],"seed_played":"-4600408211612173619","potions_obtained":[{"floor":2.0,"key":"Strength Potion"},{"floor":5.0,"key":"SpeedPotion"},{"floor":6,"key":"FearPotion"}],"is_trial":false,"path_per_floor":["M","M","$","?","M","E","?","M","T","?","R","T","$","E","R","B"],"character_chosen":"IRONCLAD","items_purchased":["Power Through","Blood Vial"],"campfire_rested":0,"item_purchase_floors":[13,13],"current_hp_per_floor":[69,68,68,68,65,39,39,32,32,32,32,32,32,25,25,0],"gold":41,"neow_bonus":"ONE_RARE_RELIC","is_prod":false,"is_daily":false,"chose_seed":false,"campfire_upgraded":0,"win_rate":0,"timestamp":1550486086,"path_taken":["M","M","$","?","M","E","?","M","T","?","R","?","$","E","R","BOSS"],"build_version":"2019-01-23","purchased_purges":0,"victory":false,"max_hp_per_floor":[75,75,75,75,75,75,75,75,75,75,75,75,75,75,75,75],"card_choices":[{"not_picked":["Headbutt","Bloodletting"],"picked":"Cleave","floor":1.0},{"not_picked":["Dual Wield","Wild Strike"],"picked":"Evolve","floor":2.0},{"not_picked":["Rampage","Warcry"],"picked":"Shrug It Off","floor":5.0},{"not_picked":["Flex","Heavy Blade"],"picked":"Carnage","floor":6},{"not_picked":["Rage","Blood for Blood"],"picked":"Spot Weakness","floor":8},{"not_picked":["Impervious","Sever Soul"],"picked":"Uppercut","floor":14}],"player_experience":611300,"relics_obtained":[{"floor":6,"key":"Shovel"},{"floor":9,"key":"The Courier"},{"floor":11,"key":"Ancient Tea Set"},{"floor":12,"key":"Juzu Bracelet"},{"floor":14,"key":"Molten Egg 2"},{"floor":15,"key":"Dream Catcher"}],"event_choices":[{"damage_healed":0.0,"max_hp_gain":0.0,"max_hp_loss":0.0,"gold_gain":0.0,"event_name":"Living Wall","player_choice":"Grow","floor":4.0,"gold_loss":0.0,"damage_taken":0.0,"cards_upgraded":["Bash"]},{"damage_healed":0,"gold_gain":0,"player_choice":"Left Gold","damage_taken":0,"max_hp_gain":0,"max_hp_loss":0,"event_name":"World of Goop","floor":7,"gold_loss":60},{"damage_healed":0,"gold_gain":71,"player_choice":"Gained Gold","damage_taken":0,"max_hp_gain":0,"max_hp_loss":0,"event_name":"Golden Wing","floor":10,"gold_loss":0}],"is_beta":false,"boss_relics":[],"items_purged_floors":[],"is_endless":false,"potions_floor_spawned":[2,5,6],"killed_by":"The Guardian","ascension_level":19}