{"gold_per_floor":[18,193,209,209,174,218,22,22,47,70,103,121,121,121,121,121],"floor_reached":16,"playtime":1169,"items_purged":[],"score":147,"play_id":"3772642d-2470-4c71-b995-4fd4beebfed7","local_time":"20181019173804","is_ascension_mode":true,"campfire_choices":[{"floor":8,"key":"REST"},{"data":"Genetic Algorithm","floor":13,"key":"SMITH"},{"floor":15,"key":"REST"}],"neow_cost":"NO_GOLD","seed_source_timestamp":320729750225194,"circlet_count":0,"master_deck":["Strike_B","Strike_B","Strike_B","Strike_B","Defend_B","Defend_B","Defend_B","Defend_B","Zap","Dualcast","AscendersBane","Conserve Battery","Genetic Algorithm+1","Defragment","Dagger Spray","Dodge and Roll","Cloak And Dagger"],"relics":["Cracked Core","Golden Idol","Lantern","PrismaticShard","Regal Pillow","Odd Mushroom"],"potions_floor_usage":[16,16],"damage_taken":[{"damage":5,"enemies":"Small Slimes","floor":1,"turns":3},{"damage":7,"enemies":"Jaw Worm","floor":3,"turns":4},{"damage":38,"enemies":"Lagavulin","floor":6,"turns":8},{"damage":1,"enemies":"Cultist","floor":10,"turns":4},{"damage":29,"enemies":"The Mushroom Lair","floor":11,"turns":5},{"damage":5,"enemies":"2 Fungi Beasts","floor":12,"turns":4},{"damage":62,"enemies":"Hexaghost","floor":16,"turns":12}],"seed_played":"565354005787500742","potions_obtained":[{"floor":3,"key":"FocusPotion"},{"floor":11,"key":"PowerPotion"},{"floor":12,"key":"SkillPotion"}],"is_trial":false,"path_per_floor":["M","?","M","?","?","E","$","R","T","M","?","M","R","?","R"],"character_chosen":"DEFECT","items_purchased":["PrismaticShard"],"campfire_rested":2,"item_purchase_floors":[7],"current_hp_per_floor":[77,77,70,70,70,32,32,56,56,55,26,21,21,21,60,0],"gold":121,"neow_bonus":"TWENTY_PERCENT_HP_BONUS","is_prod":false,"is_daily":false,"chose_seed":false,"campfire_upgraded":1,"win_rate":0,"timestamp":1539985084,"path_taken":["M","?","M","?","?","E","$","R","T","M","?","M","R","?","R","BOSS"],"build_version":"2018-10-18","purchased_purges":0,"victory":false,"max_hp_per_floor":[89,89,89,82,82,82,82,82,82,82,82,82,82,82,82,82],"card_choices":[{"not_picked":["Streamline","Barrage"],"picked":"Conserve Battery","floor":1},{"not_picked":["Beam Cell","Reprogram"],"picked":"Genetic Algorithm","floor":3},{"not_picked":["Consume","Barrage"],"picked":"Defragment","floor":6},{"not_picked":["Pommel Strike","Steam"],"picked":"Dagger Spray","floor":10},{"not_picked":["Aggregate","Gash"],"picked":"Dodge and Roll","floor":11},{"not_picked":["Deflect","Swift Strike"],"picked":"Cloak And Dagger","floor":12}],"player_experience":363142,"relics_obtained":[{"floor":6,"key":"Lantern"},{"floor":9,"key":"Regal Pillow"},{"floor":11,"key":"Odd Mushroom"}],"event_choices":[{"damage_healed":0,"gold_gain":175,"player_choice":"AGREE","damage_taken":0,"max_hp_gain":0,"max_hp_loss":0,"event_name":"Liars Game","floor":2,"gold_loss":0,"cards_obtained":["Doubt"]},{"damage_healed":0,"gold_gain":0,"player_choice":"Lose Max HP","damage_taken":0,"relics_obtained":["Golden Idol"],"max_hp_gain":0,"max_hp_loss":7,"event_name":"Golden Idol","floor":4,"gold_loss":0},{"damage_healed":0,"gold_gain":0,"player_choice":"Left Gold","damage_taken":0,"max_hp_gain":0,"max_hp_loss":0,"event_name":"World of Goop","floor":5,"gold_loss":35},{"damage_healed":0,"gold_gain":0,"player_choice":"Fought Mushrooms","damage_taken":0,"max_hp_gain":0,"max_hp_loss":0,"event_name":"Mushrooms","floor":11,"gold_loss":0},{"cards_removed":["Doubt"],"damage_healed":0,"gold_gain":0,"player_choice":"Removed Curses","damage_taken":0,"max_hp_gain":0,"max_hp_loss":0,"event_name":"Fountain of Cleansing","floor":14,"gold_loss":0}],"is_beta":false,"boss_relics":[],"items_purged_floors":[],"is_endless":false,"potions_floor_spawned":[3,11,12],"killed_by":"Hexaghost","ascension_level":10}