{"gold_per_floor":[117,117,137,151,226,258,258,285,285,310,329,329,329,344,344,470,470,483,502,520,520,545,584,584,603,603,626,626,657,671,696,696,820,820,835,1834,1834,1847,1867,1867,1900,1900,1923,1923,1958,1983,1983,1983,1983,1983],"floor_reached":51,"playtime":2724,"items_purged":[],"score":1016,"play_id":"36e40407-26f8-44d1-a0e6-21fc314233fe","local_time":"20180727004633","is_ascension_mode":true,"campfire_choices":[{"data":"Survivor","floor":7.0,"key":"SMITH"},{"floor":12.0,"key":"REST"},{"floor":15.0,"key":"REST"},{"data":"Catalyst","floor":24.0,"key":"SMITH"},{"data":"Terror","floor":28.0,"key":"SMITH"},{"floor":32.0,"key":"REST"},{"data":"Bouncing Flask","floor":40.0,"key":"SMITH"},{"data":"Apotheosis","floor":44.0,"key":"SMITH"},{"data":"Mind Blast","floor":47.0,"key":"SMITH"},{"floor":49.0,"key":"REST"}],"neow_cost":"CURSE","seed_source_timestamp":0,"circlet_count":0,"master_deck":["Defend_G+1","Defend_G","Defend_G","Defend_G","Defend_G","Strike_G","Strike_G","Strike_G","Strike_G","Strike_G","Survivor+1","Neutralize","Parasite","Dodge and Roll+1","Deadly Poison","PiercingWail","Bane","Quick Slash","Backflip","Outmaneuver","Injury","Poisoned Stab","Die Die Die","Parasite","Regret","Parasite","Terror+1","Backflip+1","Distraction+1","RitualDagger","Flying Knee","Catalyst+1","Slice+1","Bouncing Flask+1","Crippling Poison+1","Quick Slash","Corpse Explosion+1","Poisoned Stab+1","Normality","Normality","Dagger Spray","Glass Knife","Panacea","Apotheosis+1","Mind Blast+1","Dodge and Roll+1","Underhanded Strike+1","Madness","Madness"],"special_seed":0,"relics":["Ring of the Snake","Ice Cream","Snake Skull","Du-Vu Doll","Darkstone Periapt","The Specimen","Golden Idol","Calling Bell","Anchor","Ninja Scroll","Tough Bandages","Boot","Paper Crane","Gremlin Horn","Eternal Feather","Frozen Egg 2","Bag of Preparation","War Paint"],"potions_floor_usage":[50,50,50],"damage_taken":[{"damage":0.0,"enemies":"Cultist","floor":1.0,"turns":4.0},{"damage":0.0,"enemies":"Jaw Worm","floor":3.0,"turns":5.0},{"damage":0.0,"enemies":"2 Louse","floor":4.0,"turns":2.0},{"damage":10.0,"enemies":"Lagavulin","floor":6.0,"turns":10.0},{"damage":19.0,"enemies":"3 Sentries","floor":8.0,"turns":12.0},{"damage":25.0,"enemies":"Lagavulin","floor":10.0,"turns":6.0},{"damage":0.0,"enemies":"Large Slime","floor":11.0,"turns":3.0},{"damage":1.0,"enemies":"2 Fungi Beasts","floor":14.0,"turns":4.0},{"damage":38.0,"enemies":"The Guardian","floor":16.0,"turns":12.0},{"damage":0.0,"enemies":"Shell Parasite","floor":18.0,"turns":3.0},{"damage":0.0,"enemies":"Spheric Guardian","floor":19.0,"turns":3.0},{"damage":0.0,"enemies":"Centurion and Healer","floor":20.0,"turns":4.0},{"damage":6.0,"enemies":"Snake Plant","floor":22.0,"turns":2.0},{"damage":5.0,"enemies":"Gremlin Leader","floor":23.0,"turns":6.0},{"damage":14.0,"enemies":"Sentry and Sphere","floor":25.0,"turns":5.0},{"damage":15.0,"enemies":"Centurion and Healer","floor":27.0,"turns":3.0},{"damage":3.0,"enemies":"Slavers","floor":29.0,"turns":5.0},{"damage":4.0,"enemies":"Cultist and Chosen","floor":30.0,"turns":3.0},{"damage":0.0,"enemies":"3 Cultists","floor":31.0,"turns":3.0},{"damage":29.0,"enemies":"Collector","floor":33.0,"turns":4.0},{"damage":5.0,"enemies":"3 Shapes","floor":35.0,"turns":3.0},{"damage":0.0,"enemies":"Orb Walker","floor":38.0,"turns":2.0},{"damage":2.0,"enemies":"Transient","floor":39.0,"turns":5.0},{"damage":45.0,"enemies":"2 Orb Walkers","floor":41.0,"turns":4.0},{"damage":55.0,"enemies":"Giant Head","floor":45.0,"turns":7.0},{"damage":0.0,"enemies":"Flame Bruiser 2 Orb","floor":46.0,"turns":1.0},{"damage":74,"enemies":"Awakened One","floor":50,"turns":13}],"seed_played":"-8811604657273228185","potions_obtained":[{"floor":1.0,"key":"FearPotion"},{"floor":4.0,"key":"Weak Potion"},{"floor":6.0,"key":"GamblersBrew"},{"floor":10.0,"key":"GamblersBrew"},{"floor":19.0,"key":"EssenceOfSteel"},{"floor":22.0,"key":"Weak Potion"},{"floor":30.0,"key":"PowerPotion"},{"floor":31.0,"key":"Poison Potion"},{"floor":33.0,"key":"EssenceOfSteel"},{"floor":35.0,"key":"FearPotion"},{"floor":41.0,"key":"GhostInAJar"}],"is_trial":false,"path_per_floor":["M","?","M","M","?","E","R","E","T","E","M","R","?","M","R","B",null,"M","M","M","?","M","E","R","M","T","M","R","E","M","M","R","B",null,"M","?","?","M","M","R","E","?","T","R","E","M","R","?","R","B"],"character_chosen":"THE_SILENT","items_purchased":[],"campfire_rested":4,"item_purchase_floors":[],"current_hp_per_floor":[70,70,70,70,59,49,49,30,30,5,5,26,32,31,53,15,94,94,94,94,88,82,77,77,63,63,48,48,45,41,41,69,40,94,89,101,101,101,99,106,61,51,51,78,23,23,50,37,95,21],"gold":1983,"neow_bonus":"ONE_RARE_RELIC","is_prod":false,"is_daily":false,"chose_seed":false,"campfire_upgraded":6,"win_rate":0,"timestamp":1532666793,"path_taken":["M","?","M","M","?","E","R","E","T","E","M","R","?","?","R","BOSS","M","M","M","?","?","E","R","M","T","M","R","E","M","M","R","BOSS","M","?","?","?","M","R","E","?","T","R","E","M","R","?","R","BOSS"],"build_version":"2018-07-26","purchased_purges":0,"victory":true,"max_hp_per_floor":[70,70,70,70,70,70,70,70,70,70,70,70,76,76,76,76,94,94,94,94,94,94,94,94,94,94,94,94,94,94,94,94,94,94,94,106,106,106,106,106,106,106,106,106,106,106,106,106,106,106],"card_choices":[{"not_picked":["Tactician","Footwork"],"picked":"Dodge and Roll","floor":1.0},{"not_picked":["Endless Agony","Cloak And Dagger"],"picked":"Deadly Poison","floor":3.0},{"not_picked":["Reflex","Backflip"],"picked":"PiercingWail","floor":4.0},{"not_picked":["Quick Slash","Dagger Throw"],"picked":"Bane","floor":6.0},{"not_picked":["Accuracy","Heel Hook"],"picked":"Quick Slash","floor":8.0},{"not_picked":["Infinite Blades","Calculated Gamble"],"picked":"Backflip","floor":10.0},{"not_picked":["Sucker Punch","Quick Slash"],"picked":"Outmaneuver","floor":11.0},{"not_picked":["Dagger Throw","Caltrops"],"picked":"Poisoned Stab","floor":14.0},{"not_picked":["Night Terror","Tools of the Trade"],"picked":"Die Die Die","floor":16.0},{"not_picked":["Expertise","Dagger Throw"],"picked":"Terror","floor":18.0},{"not_picked":["Setup","Sucker Punch"],"picked":"Backflip+1","floor":19.0},{"not_picked":["Sucker Punch","Underhanded Strike"],"picked":"Distraction+1","floor":20.0},{"not_picked":["Sucker Punch","Backflip"],"picked":"Flying Knee","floor":22.0},{"not_picked":["Deadly Poison","Finisher+1"],"picked":"Catalyst","floor":23.0},{"not_picked":["Dodge and Roll","Underhanded Strike"],"picked":"Slice+1","floor":25.0},{"not_picked":["Escape Plan","Deadly Poison"],"picked":"Bouncing Flask","floor":27.0},{"not_picked":["Wraith Form v2","Cloak And Dagger"],"picked":"Crippling Poison+1","floor":29.0},{"not_picked":["Backflip","Underhanded Strike","Deflect"],"picked":"SKIP","floor":30.0},{"not_picked":["Infinite Blades+1","Dash"],"picked":"Quick Slash","floor":31.0},{"not_picked":["Glass Knife","Doppelganger"],"picked":"Corpse Explosion","floor":33.0},{"not_picked":["Quick Slash+1","Cloak And Dagger+1"],"picked":"Poisoned Stab+1","floor":35.0},{"not_picked":["Reflex","Finisher+1"],"picked":"Dagger Spray","floor":38.0},{"not_picked":["Finisher+1","Slice","Heel Hook"],"picked":"SKIP","floor":39.0},{"not_picked":["Acrobatics+1","Reflex"],"picked":"Glass Knife","floor":41.0},{"not_picked":["Thinking Ahead","Finesse"],"picked":"Panacea","floor":42.0},{"not_picked":["Magnetism+1","Enlightenment"],"picked":"Apotheosis","floor":42.0},{"not_picked":["Dark Shackles","Flash of Steel"],"picked":"Mind Blast","floor":42.0},{"not_picked":["Dash","Sucker Punch"],"picked":"Dodge and Roll+1","floor":45.0},{"not_picked":["PiercingWail","Accuracy+1"],"picked":"Underhanded Strike+1","floor":46.0}],"player_experience":139568,"relics_obtained":[{"floor":6.0,"key":"Snake Skull"},{"floor":8.0,"key":"Du-Vu Doll"},{"floor":9.0,"key":"Darkstone Periapt"},{"floor":10.0,"key":"The Specimen"},{"floor":17.0,"key":"Anchor"},{"floor":17.0,"key":"Ninja Scroll"},{"floor":17.0,"key":"Tough Bandages"},{"floor":23.0,"key":"Boot"},{"floor":26.0,"key":"Paper Crane"},{"floor":29.0,"key":"Gremlin Horn"},{"floor":41.0,"key":"Frozen Egg 2"},{"floor":43.0,"key":"Bag of Preparation"},{"floor":45.0,"key":"War Paint"}],"event_choices":[{"event_name":"Living Wall","player_choice":"Grow","floor":2.0,"damage_taken":0.0},{"event_name":"World of Goop","player_choice":"Gather Gold","floor":5.0,"damage_taken":0.0},{"event_name":"Golden Idol","player_choice":"Take Wound","floor":13.0,"damage_taken":0.0},{"event_name":"Nest","player_choice":"Joined the Cult","floor":21.0,"damage_taken":0.0},{"event_name":"MindBloom","player_choice":"Gold","floor":36.0,"damage_taken":0.0},{"event_name":"Tomb of Lord Red Mask","player_choice":"Ignored","floor":37.0,"damage_taken":0.0},{"event_name":"SensoryStone","player_choice":"Memory 3","floor":42.0,"damage_taken":0.0},{"event_name":"Winding Halls","player_choice":"Embrace Madness","floor":48.0,"damage_taken":0.0}],"is_beta":false,"boss_relics":[{"not_picked":["Sozu","Tiny House"],"picked":"Calling Bell"},{"not_picked":["Astrolabe","Lizard Tail"],"picked":"Eternal Feather"}],"items_purged_floors":[],"is_endless":false,"potions_floor_spawned":[1,4,6,10,19,22,30,31,33,35,41,46],"ascension_level":2}