{"gold_per_floor":[112,127,51,16,16,16,32,62,110,110,130,162,182,207,207,279,279,298,314,52,64,76,76,76,93,117,127,127,27,38,54,54,54],"floor_reached":33,"playtime":2265,"items_purged":["Strike_G","Strike_G"],"score":515,"play_id":"8fb93484-52ab-48b9-a17f-7821179b7645","local_time":"20190128163838","is_ascension_mode":true,"campfire_choices":[{"data":"Noxious Fumes","floor":6.0,"key":"SMITH"},{"data":"Noxious Fumes","floor":10.0,"key":"SMITH"},{"data":"Malaise","floor":15.0,"key":"SMITH"},{"floor":23.0,"key":"REST"},{"floor":28.0,"key":"REST"},{"floor":32.0,"key":"REST"}],"neow_cost":"NONE","seed_source_timestamp":484689688242752,"circlet_count":0,"master_deck":["AscendersBane","Defend_G","Defend_G","Defend_G","Defend_G","Defend_G","Strike_G","Strike_G","Survivor","Neutralize","Poisoned Stab","Dash+1","Noxious Fumes+1","Bane","Noxious Fumes+1","Masterful Stab","Malaise+1","Concentrate","Unload","Well Laid Plans","Mayhem","Dodge and Roll","Leg Sweep","Blur+1","Predator","Dash","Escape Plan"],"special_seed":0,"relics":["Ring of the Snake","Dream Catcher","Potion Belt","Blue Candle","Bottled Tornado","Sozu","Omamori"],"potions_floor_usage":[33],"damage_taken":[{"damage":6.0,"enemies":"Cultist","floor":1.0,"turns":5.0},{"damage":1.0,"enemies":"2 Louse","floor":2.0,"turns":4.0},{"damage":2.0,"enemies":"Jaw Worm","floor":7.0,"turns":4.0},{"damage":17.0,"enemies":"3 Sentries","floor":8.0,"turns":7.0},{"damage":0.0,"enemies":"2 Fungi Beasts","floor":11.0,"turns":4.0},{"damage":8.0,"enemies":"Gremlin Nob","floor":12.0,"turns":3.0},{"damage":6.0,"enemies":"Lots of Slimes","floor":13.0,"turns":3.0},{"damage":19.0,"enemies":"3 Sentries","floor":14.0,"turns":7.0},{"damage":2.0,"enemies":"Hexaghost","floor":16.0,"turns":8.0},{"damage":16.0,"enemies":"2 Thieves","floor":18.0,"turns":5.0},{"damage":1.0,"enemies":"3 Byrds","floor":19.0,"turns":4.0},{"damage":5.0,"enemies":"Centurion and Healer","floor":21.0,"turns":7.0},{"damage":22.0,"enemies":"3 Cultists","floor":22.0,"turns":5.0},{"damage":9.0,"enemies":"Cultist and Chosen","floor":25.0,"turns":6.0},{"damage":12.0,"enemies":"Shelled Parasite and Fungi","floor":27.0,"turns":7.0},{"damage":12.0,"enemies":"Snake Plant","floor":30.0,"turns":4.0},{"damage":1.0,"enemies":"Centurion and Healer","floor":31.0,"turns":6.0},{"damage":46,"enemies":"Automaton","floor":33,"turns":8}],"seed_played":"-6507385453582681751","potions_obtained":[{"floor":1.0,"key":"SpeedPotion"},{"floor":8.0,"key":"Fire Potion"},{"floor":11.0,"key":"SneckoOil"},{"floor":14.0,"key":"Poison Potion"},{"floor":16.0,"key":"Fire Potion"}],"is_trial":false,"path_per_floor":["M","M","$","?","?","R","M","E","T","R","M","E","M","E","R","B",null,"M","M","$","M","M","R","?","M","T","M","R","$","M","M","R","B"],"character_chosen":"THE_SILENT","items_purchased":["Noxious Fumes","Mayhem"],"campfire_rested":3,"item_purchase_floors":[3,20],"current_hp_per_floor":[59,58,58,72,72,72,70,53,53,53,53,45,39,20,20,18,59,43,42,42,37,15,36,36,27,27,15,36,36,24,23,44,0],"gold":54,"neow_bonus":"TEN_PERCENT_HP_BONUS","is_prod":false,"is_daily":false,"chose_seed":false,"campfire_upgraded":3,"win_rate":0,"timestamp":1548711518,"path_taken":["M","M","$","?","?","R","M","E","T","R","?","E","M","E","R","BOSS","M","M","$","M","M","R","?","?","T","M","R","$","M","M","R","BOSS"],"build_version":"2019-01-23","purchased_purges":2,"victory":false,"max_hp_per_floor":[72,72,72,72,72,72,72,72,72,72,72,72,72,72,72,72,72,72,72,72,72,72,72,72,72,72,72,72,72,72,72,72,72],"card_choices":[{"not_picked":["Terror","Underhanded Strike"],"picked":"Poisoned Stab","floor":1.0},{"not_picked":["Caltrops","Cloak And Dagger"],"picked":"Dash","floor":2.0},{"not_picked":["Poisoned Stab","Cloak And Dagger"],"picked":"Bane","floor":7.0},{"not_picked":["Expertise","Backstab"],"picked":"Noxious Fumes","floor":8.0},{"not_picked":["Eviscerate","Caltrops"],"picked":"Masterful Stab","floor":11.0},{"not_picked":["Dodge and Roll","Footwork"],"picked":"Malaise","floor":12.0},{"not_picked":["Dodge and Roll","Dagger Throw","Deadly Poison"],"picked":"SKIP","floor":13.0},{"not_picked":["Underhanded Strike","Riddle With Holes"],"picked":"Concentrate","floor":14.0},{"not_picked":["Storm of Steel","Grand Finale"],"picked":"Unload","floor":16.0},{"not_picked":["Riddle With Holes","Crippling Poison"],"picked":"Well Laid Plans","floor":18.0},{"not_picked":["Poisoned Stab","Deflect","Prepared"],"picked":"SKIP","floor":19.0},{"not_picked":["Infinite Blades+1","Prepared+1","Underhanded Strike"],"picked":"SKIP","floor":21.0},{"not_picked":["Bane","Deflect"],"picked":"Dodge and Roll","floor":22.0},{"not_picked":["Dodge and Roll","Dagger Throw"],"picked":"Leg Sweep","floor":23.0},{"not_picked":["Backflip","Bouncing Flask"],"picked":"Blur+1","floor":25.0},{"not_picked":["Outmaneuver","Prepared"],"picked":"Predator","floor":27.0},{"not_picked":["Backstab+1","Die Die Die"],"picked":"Dash","floor":28.0},{"not_picked":["Underhanded Strike","Dagger Spray","Prepared"],"picked":"SKIP","floor":30.0},{"not_picked":["Backflip","Masterful Stab"],"picked":"Escape Plan","floor":31.0}],"player_experience":592244,"relics_obtained":[{"floor":8.0,"key":"Dream Catcher"},{"floor":9.0,"key":"Potion Belt"},{"floor":12.0,"key":"Blue Candle"},{"floor":14.0,"key":"Bottled Tornado"},{"floor":26.0,"key":"Omamori"}],"event_choices":[{"damage_healed":18.0,"max_hp_gain":0.0,"max_hp_loss":0.0,"gold_gain":0.0,"event_name":"The Cleric","player_choice":"Healed","floor":4.0,"gold_loss":35.0,"damage_taken":0.0},{"damage_healed":0.0,"max_hp_gain":0.0,"max_hp_loss":0.0,"gold_gain":0.0,"event_name":"Living Wall","player_choice":"Grow","floor":5.0,"gold_loss":0.0,"damage_taken":0.0,"cards_upgraded":["Dash"]},{"cards_removed":["Strike_G"],"damage_healed":0.0,"max_hp_gain":0.0,"max_hp_loss":0.0,"gold_gain":0.0,"event_name":"Purifier","player_choice":"Purged","floor":24.0,"gold_loss":0.0,"damage_taken":0.0}],"is_beta":false,"boss_relics":[{"not_picked":["Runic Dome","Cursed Key"],"picked":"Sozu"}],"items_purged_floors":[20,29],"is_endless":false,"potions_floor_spawned":[1,8,11,14,16,19,21,22,27],"killed_by":"Automaton","ascension_level":18}