{"gold_per_floor":[113,131,146,146,164,164,174,174,200,350,376,278,296,38,38,112,112,132,132,147,47,47,47,82,96,96,0,0,0],"floor_reached":29,"playtime":1104,"items_purged":["Doubt","Strike_B"],"score":443,"play_id":"c4ff5983-d3a6-4b78-9b10-c80ee7b0a867","local_time":"20190313033423","is_ascension_mode":true,"campfire_choices":[{"data":"Beam Cell","floor":6,"key":"SMITH"},{"floor":8,"key":"REST"},{"floor":15,"key":"REST"},{"floor":23,"key":"REST"},{"floor":28,"key":"REST"}],"neow_cost":"NONE","seed_source_timestamp":208143239531509,"circlet_count":0,"master_deck":["AscendersBane","Strike_B","Strike_B","Strike_B","Defend_B","Defend_B","Defend_B","Defend_B","Zap","Dualcast","White Noise","Streamline","Sunder+1","Beam Cell+1","Finesse","BootSequence","Self Repair","Flash of Steel","Core Surge","Rebound","Echo Form","Chill"],"relics":["Nuclear Battery","Vajra","Omamori","Fusion Hammer","Orichalcum","Girya"],"potions_floor_usage":[16,16,20,25,29],"damage_taken":[{"damage":12,"enemies":"Cultist","floor":1,"turns":5},{"damage":4,"enemies":"Small Slimes","floor":2,"turns":4},{"damage":12,"enemies":"Jaw Worm","floor":3,"turns":4},{"damage":8,"enemies":"Blue Slaver","floor":5,"turns":2},{"damage":12,"enemies":"Large Slime","floor":7,"turns":4},{"damage":0,"enemies":"Looter","floor":13,"turns":1},{"damage":16,"enemies":"The Guardian","floor":16,"turns":10},{"damage":26,"enemies":"Shell Parasite","floor":18,"turns":4},{"damage":6,"enemies":"Spheric Guardian","floor":20,"turns":3},{"damage":66,"enemies":"Slavers","floor":24,"turns":8},{"damage":6,"enemies":"Cultist and Chosen","floor":25,"turns":5},{"damage":30,"enemies":"Snecko","floor":29,"turns":5}],"seed_played":"-4522206311988656785","potions_obtained":[{"floor":1,"key":"SkillPotion"},{"floor":2,"key":"EntropicBrew"},{"floor":3,"key":"Dexterity Potion"},{"floor":18,"key":"Swift Potion"},{"floor":24,"key":"Fire Potion"},{"floor":25,"key":"Block Potion"}],"is_trial":false,"path_per_floor":["M","M","M","?","M","R","M","R","T","?","T","$","M","$","R","B",null,"M","?","M","$","?","R","E","M","T","?","R","M"],"character_chosen":"DEFECT","items_purchased":["Finesse","Self Repair","Flash of Steel"],"campfire_rested":4,"item_purchase_floors":[12,14,14],"current_hp_per_floor":[52,48,36,36,28,28,16,37,37,37,37,37,37,37,58,49,66,47,47,48,48,48,69,10,4,4,4,25,0],"gold":0,"neow_bonus":"BOSS_RELIC","is_prod":false,"is_daily":false,"chose_seed":false,"campfire_upgraded":1,"win_rate":0,"timestamp":1552466063,"path_taken":["M","M","?","?","?","R","?","R","T","?","?","?","M","$","R","BOSS","M","?","M","$","?","R","E","M","T","?","R","M"],"build_version":"2019-01-23","purchased_purges":2,"victory":false,"max_hp_per_floor":[71,71,71,71,71,71,71,71,71,71,71,71,71,71,71,71,71,71,71,71,71,71,71,71,71,71,71,71,71],"card_choices":[{"not_picked":["Go for the Eyes","Beam Cell"],"picked":"White Noise","floor":1},{"not_picked":["Barrage","White Noise"],"picked":"Streamline","floor":2},{"not_picked":["Double Energy","Chaos"],"picked":"Sunder","floor":3},{"not_picked":["Stack","Conserve Battery"],"picked":"Beam Cell","floor":5},{"not_picked":["Consume","Beam Cell","Sweeping Beam"],"picked":"SKIP","floor":7},{"not_picked":["Multi-Cast","Sweeping Beam"],"picked":"BootSequence","floor":13},{"not_picked":["Multi-Cast","Meteor Strike"],"picked":"Core Surge","floor":16},{"not_picked":["Turbo","Steam"],"picked":"Rebound","floor":18},{"not_picked":["Storm","Static Discharge"],"picked":"Echo Form","floor":20},{"not_picked":["Chaos","Fusion"],"picked":"Chill","floor":24},{"not_picked":["Loop","Compile Driver","Beam Cell+1"],"picked":"SKIP","floor":25}],"player_experience":630666,"relics_obtained":[{"floor":9,"key":"Vajra"},{"floor":11,"key":"Omamori"},{"floor":24,"key":"Orichalcum"},{"floor":26,"key":"Girya"}],"event_choices":[{"damage_healed":0,"gold_gain":0,"player_choice":"Forge","damage_taken":0,"max_hp_gain":0,"max_hp_loss":0,"event_name":"Accursed Blacksmith","floor":4,"gold_loss":0,"cards_upgraded":["Sunder"]},{"damage_healed":0,"gold_gain":150,"player_choice":"AGREE","damage_taken":0,"max_hp_gain":0,"max_hp_loss":0,"event_name":"Liars Game","floor":10,"gold_loss":0,"cards_obtained":["Doubt"]},{"damage_healed":0,"gold_gain":0,"player_choice":"Ignored","damage_taken":0,"max_hp_gain":0,"max_hp_loss":0,"event_name":"Vampires","floor":19,"gold_loss":0},{"damage_healed":0,"gold_gain":0,"player_choice":"Ignored","damage_taken":0,"max_hp_gain":0,"max_hp_loss":0,"event_name":"The Mausoleum","floor":22,"gold_loss":0},{"damage_healed":0,"gold_gain":0,"player_choice":"Paid Fearfully","damage_taken":0,"max_hp_gain":0,"max_hp_loss":0,"event_name":"Masked Bandits","floor":27,"gold_loss":96}],"is_beta":false,"boss_relics":[{"not_picked":["Orrery","Busted Crown"],"picked":"Fusion Hammer"}],"items_purged_floors":[14,21],"is_endless":false,"potions_floor_spawned":[1,2,3,13,18,24,25],"killed_by":"Snecko","ascension_level":18}