{"gold_per_floor":[112,34,34,54,69,69,28,28,28,28,46,71,90,102,102,102],"floor_reached":16,"playtime":597,"items_purged":[],"score":189,"play_id":"2df74820-9ee5-4cee-85fa-57f1333520fd","local_time":"20190127121556","is_ascension_mode":true,"campfire_choices":[{"data":"Cleave","floor":6.0,"key":"SMITH"},{"data":"Carnage","floor":10.0,"key":"SMITH"},{"floor":15,"key":"REST"}],"neow_cost":"NONE","seed_source_timestamp":384528232679407,"circlet_count":0,"master_deck":["AscendersBane","Strike_R","Strike_R","Strike_R","Strike_R","Defend_R","Defend_R","Defend_R","Defend_R","Bash","Cleave+1","Cleave","Evolve","Feel No Pain","Carnage+1","Flame Barrier","Warcry","Flame Barrier","Headbutt"],"special_seed":0,"relics":["Burning Blood","Letter Opener","Ornamental Fan","Bag of Preparation"],"potions_floor_usage":[16],"damage_taken":[{"damage":9.0,"enemies":"2 Louse","floor":1.0,"turns":2.0},{"damage":7.0,"enemies":"Small Slimes","floor":4.0,"turns":4.0},{"damage":7.0,"enemies":"Jaw Worm","floor":5.0,"turns":3.0},{"damage":18.0,"enemies":"Exordium Thugs","floor":11.0,"turns":3.0},{"damage":30.0,"enemies":"Lagavulin","floor":12.0,"turns":5.0},{"damage":6,"enemies":"Blue Slaver","floor":13,"turns":6},{"damage":6,"enemies":"Looter","floor":14,"turns":3},{"damage":35,"enemies":"Slime Boss","floor":16,"turns":3}],"seed_played":"3306116317351552169","potions_obtained":[{"floor":4.0,"key":"AttackPotion"},{"floor":11.0,"key":"Fire Potion"},{"floor":12.0,"key":"Dexterity Potion"}],"is_trial":false,"path_per_floor":["M","$","?","M","M","R","$","?","T","R","M","E","M","M","R","B"],"character_chosen":"IRONCLAD","items_purchased":["Evolve","Carnage"],"campfire_rested":1,"item_purchase_floors":[2,7],"current_hp_per_floor":[65,65,58,57,56,56,56,45,45,45,33,9,9,9,31,0],"gold":102,"neow_bonus":"THREE_CARDS","is_prod":false,"is_daily":false,"chose_seed":false,"campfire_upgraded":2,"win_rate":0,"timestamp":1548609356,"path_taken":["M","$","?","M","M","R","$","?","T","R","M","E","M","M","R","BOSS"],"build_version":"2019-01-23","purchased_purges":0,"victory":false,"max_hp_per_floor":[75,75,75,75,75,75,75,75,75,75,75,75,75,75,75,75],"card_choices":[{"not_picked":["Headbutt","True Grit"],"picked":"Cleave","floor":0.0},{"not_picked":["Perfected Strike","Clash"],"picked":"Cleave","floor":1.0},{"not_picked":["Sword Boomerang","Whirlwind","Cleave"],"picked":"SKIP","floor":4.0},{"not_picked":["Headbutt","Perfected Strike"],"picked":"Feel No Pain","floor":5.0},{"not_picked":["Iron Wave","Twin Strike"],"picked":"Flame Barrier","floor":11.0},{"not_picked":["Entrench","Clash"],"picked":"Warcry","floor":12.0},{"not_picked":["Body Slam","Limit Break"],"picked":"Flame Barrier","floor":13},{"not_picked":["Flex","Anger"],"picked":"Headbutt","floor":14}],"player_experience":580098,"relics_obtained":[{"floor":9.0,"key":"Ornamental Fan"},{"floor":12.0,"key":"Bag of Preparation"}],"event_choices":[{"cards_removed":["Strike_R"],"damage_healed":0.0,"max_hp_gain":0.0,"max_hp_loss":0.0,"gold_gain":0.0,"event_name":"Golden Wing","player_choice":"Card Removal","floor":3.0,"gold_loss":0.0,"damage_taken":7.0},{"damage_healed":0.0,"max_hp_gain":0.0,"max_hp_loss":0.0,"gold_gain":0.0,"event_name":"Scrap Ooze","player_choice":"Success","floor":8.0,"gold_loss":0.0,"damage_taken":11.0,"relics_obtained":["Letter Opener"]}],"is_beta":false,"boss_relics":[],"items_purged_floors":[],"is_endless":false,"potions_floor_spawned":[4,11,12],"killed_by":"Slime Boss","ascension_level":17}