{"gold_per_floor":[118,23,36,54,73,73,101,117,170,170,170,182,196,206,206,310,310,323,323,50,63,83,83,100,200,200,210,4,24,41,55,55,150,150,163,163,163,163,176,176,194,194,287,28,40,40,59,5,5,5],"floor_reached":50,"playtime":2097,"items_purged":[],"score":502,"play_id":"06ade73a-1a19-4638-b0aa-a9abcfa228e0","local_time":"20181118173713","is_ascension_mode":false,"campfire_choices":[{"floor":6,"key":"REST"},{"floor":10,"key":"REST"},{"floor":15,"key":"REST"},{"floor":23,"key":"REST"},{"floor":32,"key":"REST"},{"floor":40,"key":"REST"},{"floor":49,"key":"REST"}],"neow_cost":"NONE","seed_source_timestamp":80810459351644,"circlet_count":0,"master_deck":["Strike_R","Strike_R","Strike_R","Strike_R","Strike_R","Defend_R","Defend_R","Defend_R","Defend_R","Bash","Clothesline","Armaments+1","Evolve","Thunderclap","Perfected Strike","Perfected Strike","Spot Weakness","Thunderclap","Reckless Charge","Double Tap","Ghostly Armor","Offering","Flex","RitualDagger","Uppercut","BootSequence","Fusion+1","Shrug It Off+1","Rampage","Searing Blow","Well Laid Plans+1","Envenom+1","Battle Trance+1","Headbutt","Spot Weakness","Hello World+1","Self Repair+1","Power Through+1","Madness","Madness","Loop+1","Leg Sweep+1","Berserk+1","Entrench","Steam Power+1","Uppercut+1","Metallicize+1"],"relics":["Runic Cube","Mango","Pen Nib","Frozen Egg 2","Sozu","PrismaticShard","Bottled Lightning","Lee\u0027s Waffle","Orrery","MawBank","The Courier","Anchor"],"potions_floor_usage":[7,21,21,22],"damage_taken":[{"damage":13,"enemies":"Cultist","floor":1,"turns":5},{"damage":7,"enemies":"Small Slimes","floor":3,"turns":5},{"damage":8,"enemies":"2 Louse","floor":4,"turns":3},{"damage":11,"enemies":"Blue Slaver","floor":5,"turns":3},{"damage":21,"enemies":"Gremlin Nob","floor":7,"turns":4},{"damage":16,"enemies":"Lots of Slimes","floor":8,"turns":4},{"damage":12,"enemies":"Red Slaver","floor":12,"turns":4},{"damage":10,"enemies":"Looter","floor":13,"turns":3},{"damage":6,"enemies":"3 Louse","floor":14,"turns":2},{"damage":36,"enemies":"The Guardian","floor":16,"turns":9},{"damage":23,"enemies":"2 Thieves","floor":18,"turns":2},{"damage":0,"enemies":"Shell Parasite","floor":21,"turns":1},{"damage":25,"enemies":"Shelled Parasite and Fungi","floor":22,"turns":4},{"damage":32,"enemies":"Snecko","floor":24,"turns":6},{"damage":7,"enemies":"Snake Plant","floor":27,"turns":3},{"damage":13,"enemies":"Centurion and Healer","floor":29,"turns":4},{"damage":11,"enemies":"3 Cultists","floor":30,"turns":4},{"damage":12,"enemies":"Snake Plant","floor":31,"turns":3},{"damage":66,"enemies":"Automaton","floor":33,"turns":9},{"damage":25,"enemies":"3 Darklings","floor":35,"turns":3},{"damage":11,"enemies":"3 Shapes","floor":39,"turns":5},{"damage":10,"enemies":"Transient","floor":41,"turns":5},{"damage":31,"enemies":"Writhing Mass","floor":45,"turns":5},{"damage":35,"enemies":"Sphere and 2 Shapes","floor":47,"turns":4},{"damage":78,"enemies":"Time Eater","floor":50,"turns":8}],"seed_played":"-225031048849708765","potions_obtained":[{"floor":1,"key":"LiquidBronze"},{"floor":12,"key":"Swift Potion"},{"floor":13,"key":"Ancient Potion"},{"floor":14,"key":"Energy Potion"}],"is_trial":false,"path_per_floor":["M","$","M","M","M","R","E","M","T","R","?","M","M","M","R","B",null,"M","?","$","M","M","R","M","?","T","M","$","M","M","M","R","B",null,"M","?","?","?","M","R","M","?","T","$","M","$","M","$","R","B"],"character_chosen":"IRONCLAD","items_purchased":["Armaments","Evolve","PrismaticShard","Uppercut","Lee\u0027s Waffle","Berserk+1","Anchor","Entrench","Metallicize+1"],"campfire_rested":7,"item_purchase_floors":[2,2,20,20,28,44,44,44,48],"current_hp_per_floor":[67,67,60,52,41,65,58,42,42,70,70,58,48,42,70,34,94,71,65,65,65,40,68,36,36,36,29,101,88,77,65,95,29,101,86,73,73,73,62,92,92,92,92,92,71,71,36,36,66,0],"gold":5,"neow_bonus":"BOSS_RELIC","is_prod":false,"is_daily":false,"chose_seed":false,"campfire_upgraded":0,"win_rate":0,"timestamp":1542559033,"path_taken":["M","?","M","M","M","R","E","M","T","R","?","M","?","M","R","BOSS","M","?","$","M","M","R","M","?","T","M","$","M","?","M","R","BOSS","M","?","?","?","?","R","M","?","T","$","?","?","M","?","R","BOSS"],"build_version":"2018-11-15","purchased_purges":0,"victory":false,"max_hp_per_floor":[80,80,80,80,80,80,94,94,94,94,94,94,94,94,94,94,94,94,94,94,94,94,94,94,94,94,94,101,101,101,101,101,101,101,101,101,101,101,101,101,101,101,101,101,101,101,101,101,101,101],"card_choices":[{"not_picked":["Dual Wield","Anger"],"picked":"Clothesline","floor":1},{"not_picked":["Warcry","Sword Boomerang"],"picked":"Thunderclap","floor":3},{"not_picked":["Thunderclap","Bludgeon"],"picked":"Perfected Strike","floor":4},{"not_picked":["Iron Wave","Twin Strike"],"picked":"Perfected Strike","floor":5},{"not_picked":["True Grit","Shrug It Off"],"picked":"Spot Weakness","floor":7},{"not_picked":["Cleave","Sentinel"],"picked":"Thunderclap","floor":8},{"not_picked":["Iron Wave","Sentinel"],"picked":"Reckless Charge","floor":12},{"not_picked":["Thunderclap","Cleave"],"picked":"Double Tap","floor":13},{"not_picked":["Havoc","Cleave"],"picked":"Ghostly Armor","floor":14},{"not_picked":["Reaper","Exhume"],"picked":"Offering","floor":16},{"not_picked":["Shrug It Off","Carnage"],"picked":"Flex","floor":18},{"not_picked":["Havoc","Force Field+1"],"picked":"BootSequence","floor":21},{"not_picked":["Heavy Blade","Uppercut"],"picked":"Fusion+1","floor":22},{"not_picked":["Armaments","Cloak And Dagger"],"picked":"Leap","floor":24},{"not_picked":["Go for the Eyes","Barrage"],"picked":"Shrug It Off+1","floor":27},{"not_picked":["Bane","Caltrops+1"],"picked":"Rampage","floor":29},{"not_picked":["Grand Finale","PanicButton"],"picked":"Searing Blow","floor":30},{"not_picked":["Iron Wave","Go for the Eyes"],"picked":"Well Laid Plans+1","floor":31},{"not_picked":["Fiend Fire","Berserk+1"],"picked":"Envenom+1","floor":33},{"not_picked":["Consume","Twin Strike"],"picked":"Battle Trance+1","floor":34},{"not_picked":["Intimidate","Deflect+1"],"picked":"Headbutt","floor":34},{"not_picked":["PanicButton","Deflect"],"picked":"Spot Weakness","floor":34},{"not_picked":["Entrench","True Grit"],"picked":"Hello World+1","floor":34},{"not_picked":["Cloak And Dagger","Cleave"],"picked":"Self Repair+1","floor":34},{"not_picked":["Acrobatics+1","Steam"],"picked":"Power Through+1","floor":35},{"not_picked":["Finisher","Carnage"],"picked":"Loop+1","floor":39},{"not_picked":["Quick Slash+1","Streamline"],"picked":"Leg Sweep+1","floor":41},{"not_picked":["Anger","Coolheaded"],"picked":"Steam Power+1","floor":45},{"not_picked":["Impatience","Uppercut"],"picked":"Uppercut+1","floor":47}],"player_experience":290815,"relics_obtained":[{"floor":7,"key":"Mango"},{"floor":9,"key":"Pen Nib"},{"floor":11,"key":"Frozen Egg 2"},{"floor":26,"key":"Bottled Lightning"},{"floor":43,"key":"The Courier"}],"event_choices":[{"damage_healed":0,"gold_gain":0,"player_choice":"Relic","damage_taken":0,"max_hp_gain":0,"max_hp_loss":0,"event_name":"Wheel of Change","floor":11,"gold_loss":0},{"damage_healed":0,"gold_gain":0,"player_choice":"Joined the Cult","damage_taken":6,"max_hp_gain":0,"max_hp_loss":0,"event_name":"Nest","floor":19,"gold_loss":0,"cards_obtained":["RitualDagger"]},{"damage_healed":0,"gold_gain":100,"player_choice":"Pray","damage_taken":0,"max_hp_gain":0,"max_hp_loss":0,"event_name":"Golden Shrine","floor":25,"gold_loss":0},{"damage_healed":0,"gold_gain":0,"player_choice":"Embrace Madness","damage_taken":13,"max_hp_gain":0,"max_hp_loss":0,"event_name":"Winding Halls","floor":36,"gold_loss":0,"cards_obtained":["Madness","Madness"]},{"damage_healed":0,"gold_gain":0,"player_choice":"Ignored","damage_taken":0,"max_hp_gain":0,"max_hp_loss":0,"event_name":"Tomb of Lord Red Mask","floor":37,"gold_loss":0},{"damage_healed":0,"gold_gain":0,"player_choice":"Upgraded","damage_taken":0,"max_hp_gain":0,"max_hp_loss":0,"event_name":"Upgrade Shrine","floor":38,"gold_loss":0,"cards_upgraded":["Armaments"]},{"cards_removed":["Leap"],"damage_healed":0,"gold_gain":0,"player_choice":"Gave Card","damage_taken":0,"relics_obtained":["MawBank"],"max_hp_gain":0,"max_hp_loss":0,"event_name":"WeMeetAgain","floor":42,"gold_loss":0}],"is_beta":false,"boss_relics":[{"not_picked":["Black Star","Velvet Choker"],"picked":"Sozu"},{"not_picked":["Astrolabe","Runic Pyramid"],"picked":"Orrery"}],"items_purged_floors":[],"is_endless":false,"potions_floor_spawned":[1,12,13,14,27,29,30,31,39],"killed_by":"Time Eater","ascension_level":0}