{"gold_per_floor":[114,126,137,148,148,148,177,177,177,177,177,177,195,208,208,331,394,419,433,446,361,361,361,385,345,369,43,56,56,72,87,87,207,207,223,237,0,15,15,15,30,30,106,106,167,10,31,31,31,31],"floor_reached":51,"playtime":2132,"items_purged":[],"score":726,"play_id":"ba5f28d6-bf0f-4c1a-9938-497cca8aff48","local_time":"20190214163004","is_ascension_mode":false,"campfire_choices":[{"data":"Zap","floor":6.0,"key":"SMITH"},{"data":"Dualcast","floor":8.0,"key":"SMITH"},{"floor":12.0,"key":"REST"},{"data":"Redo","floor":15.0,"key":"SMITH"},{"data":"Beam Cell","floor":23.0,"key":"SMITH"},{"floor":29.0,"key":"REST"},{"floor":32.0,"key":"REST"},{"data":"Coolheaded","floor":40.0,"key":"SMITH"},{"floor":42.0,"key":"REST"},{"data":"Coolheaded","floor":44.0,"key":"SMITH"},{"data":"Hologram","floor":49.0,"key":"SMITH"}],"neow_cost":"NONE","seed_source_timestamp":0,"circlet_count":0,"master_deck":["Strike_B+1","Strike_B","Defend_B","Defend_B","Defend_B","Defend_B","Zap+1","Dualcast+1","Streamline+1","Conserve Battery+1","Go for the Eyes","Rebound","Gash","Redo+1","Beam Cell+1","Steam","Cold Snap+1","Ball Lightning","Conserve Battery+1","Ball Lightning","Leap","Coolheaded+1","Rebound","Coolheaded+1","Go for the Eyes+1","Gash","Leap+1","Barrage+1","Gash+1","Leap","Hologram+1","Leap+1","Doubt"],"special_seed":0,"relics":["Cracked Core","NeowsBlessing","The Courier","Shuriken","Golden Idol","Smiling Mask","Tiny House","Pen Nib","MutagenicStrength","Dream Catcher","Ice Cream","Empty Cage","Pocketwatch","Darkstone Periapt","Turnip","Regal Pillow"],"potions_floor_usage":[50,50,50],"damage_taken":[{"damage":0.0,"enemies":"Cultist","floor":1.0,"turns":1.0},{"damage":0.0,"enemies":"Small Slimes","floor":2.0,"turns":1.0},{"damage":0.0,"enemies":"2 Louse","floor":3.0,"turns":1.0},{"damage":9.0,"enemies":"Large Slime","floor":4.0,"turns":5.0},{"damage":24.0,"enemies":"Lagavulin","floor":7.0,"turns":4.0},{"damage":0.0,"enemies":"2 Fungi Beasts","floor":13.0,"turns":2.0},{"damage":10.0,"enemies":"Exordium Thugs","floor":14.0,"turns":5.0},{"damage":30.0,"enemies":"The Guardian","floor":16.0,"turns":11.0},{"damage":21.0,"enemies":"Shell Parasite","floor":18.0,"turns":5.0},{"damage":8.0,"enemies":"2 Thieves","floor":19.0,"turns":4.0},{"damage":9.0,"enemies":"3 Cultists","floor":20.0,"turns":5.0},{"damage":15.0,"enemies":"Snake Plant","floor":24.0,"turns":4.0},{"damage":10.0,"enemies":"Cultist and Chosen","floor":28.0,"turns":5.0},{"damage":9.0,"enemies":"Centurion and Healer","floor":30.0,"turns":5.0},{"damage":11.0,"enemies":"Snake Plant","floor":31.0,"turns":3.0},{"damage":17.0,"enemies":"Champ","floor":33.0,"turns":9.0},{"damage":8.0,"enemies":"3 Darklings","floor":35.0,"turns":6.0},{"damage":0.0,"enemies":"3 Shapes","floor":36.0,"turns":8.0},{"damage":19.0,"enemies":"Sphere and 2 Shapes","floor":38.0,"turns":6.0},{"damage":16.0,"enemies":"Transient","floor":41.0,"turns":5.0},{"damage":19.0,"enemies":"2 Orb Walkers","floor":45.0,"turns":6.0},{"damage":30.0,"enemies":"Jaw Worm Horde","floor":47.0,"turns":4.0},{"damage":80,"enemies":"Donu and Deca","floor":50,"turns":10}],"seed_played":"2580129250583854256","potions_obtained":[{"floor":2.0,"key":"PowerPotion"},{"floor":3.0,"key":"FocusPotion"},{"floor":14.0,"key":"Weak Potion"},{"floor":17.0,"key":"Block Potion"},{"floor":20.0,"key":"SteroidPotion"},{"floor":31.0,"key":"AttackPotion"},{"floor":33.0,"key":"Block Potion"},{"floor":41.0,"key":"Strength Potion"},{"floor":45.0,"key":"Poison Potion"}],"is_trial":false,"path_per_floor":["M","M","M","M","?","R","E","R","T","?","?","R","M","M","R","B",null,"M","M","M","?","?","R","M","?","T","$","M","R","M","M","R","B",null,"M","M","$","M","?","R","M","R","T","R","?","$","M","?","R","B",null],"character_chosen":"DEFECT","items_purchased":["Leap","Coolheaded","Ice Cream","Pocketwatch","Regal Pillow","SteroidPotion"],"campfire_rested":4,"item_purchase_floors":[27,27,27,37,46,46],"current_hp_per_floor":[75,75,75,66,66,66,42,42,42,24,24,46,46,36,36,6,80,59,51,42,42,42,42,27,27,27,27,17,41,32,21,45,28,80,72,72,72,53,53,53,37,59,59,59,40,40,10,82,82,2],"gold":31,"neow_bonus":"THREE_ENEMY_KILL","is_prod":false,"is_daily":false,"chose_seed":false,"campfire_upgraded":7,"win_rate":0,"timestamp":1550179804,"path_taken":["M","?","M","M","?","R","E","R","T","?","?","R","M","?","R","BOSS","M","M","M","?","?","R","M","?","T","$","?","R","M","?","R","BOSS","M","M","$","M","?","R","M","R","T","R","?","$","M","?","R","BOSS"],"build_version":"2019-01-23","purchased_purges":0,"victory":true,"max_hp_per_floor":[75,75,75,75,75,75,75,75,75,75,75,75,75,75,75,75,80,80,80,80,80,80,80,80,80,80,80,80,80,80,80,80,80,80,80,80,80,80,76,76,76,76,76,76,76,76,76,82,82,82],"card_choices":[{"not_picked":["Rebound","BootSequence"],"picked":"Streamline","floor":1.0},{"not_picked":["Stack","Turbo"],"picked":"Conserve Battery","floor":2.0},{"not_picked":["Conserve Battery","Beam Cell"],"picked":"Go for the Eyes","floor":3.0},{"not_picked":["Self Repair","Streamline"],"picked":"Rebound","floor":4.0},{"not_picked":["Streamline","Sweeping Beam"],"picked":"Gash","floor":7.0},{"not_picked":["Tempest","Self Repair"],"picked":"Redo","floor":13.0},{"not_picked":["Capacitor","Skim"],"picked":"Beam Cell","floor":14.0},{"not_picked":["Sweeping Beam","Storm"],"picked":"Steam","floor":17.0},{"not_picked":["Barrage","Go for the Eyes+1"],"picked":"Cold Snap+1","floor":18.0},{"not_picked":["Rebound","Force Field"],"picked":"Ball Lightning","floor":19.0},{"not_picked":["Stack","Echo Form"],"picked":"Conserve Battery+1","floor":20.0},{"not_picked":["FTL","Conserve Battery"],"picked":"Ball Lightning","floor":24.0},{"not_picked":["Beam Cell","Melter+1"],"picked":"Rebound","floor":28.0},{"not_picked":["Barrage","Meteor Strike"],"picked":"Coolheaded","floor":30.0},{"not_picked":["Scrape","Compile Driver"],"picked":"Go for the Eyes+1","floor":31.0},{"not_picked":["Beam Cell","Steam+1"],"picked":"Gash","floor":35.0},{"not_picked":["Ball Lightning+1","Steam"],"picked":"Leap+1","floor":36.0},{"not_picked":["Scrape","Heatsinks"],"picked":"Barrage+1","floor":38.0},{"not_picked":["Defragment+1","Hologram+1"],"picked":"Gash+1","floor":41.0},{"not_picked":["Recycle","Reinforced Body"],"picked":"Leap","floor":42.0},{"not_picked":["Glacier","Static Discharge"],"picked":"Hologram","floor":45.0},{"not_picked":["Genetic Algorithm","Stack"],"picked":"Leap+1","floor":47.0}],"player_experience":660335,"relics_obtained":[{"floor":7.0,"key":"The Courier"},{"floor":9.0,"key":"Shuriken"},{"floor":11.0,"key":"Smiling Mask"},{"floor":26.0,"key":"Dream Catcher"},{"floor":43.0,"key":"Darkstone Periapt"},{"floor":45.0,"key":"Turnip"}],"event_choices":[{"damage_healed":0.0,"max_hp_gain":0.0,"max_hp_loss":0.0,"gold_gain":0.0,"event_name":"Living Wall","player_choice":"Grow","floor":5.0,"gold_loss":0.0,"damage_taken":0.0,"cards_upgraded":["Streamline"]},{"damage_healed":0.0,"max_hp_gain":0.0,"max_hp_loss":0.0,"gold_gain":0.0,"event_name":"Golden Idol","player_choice":"Take Damage","floor":10.0,"gold_loss":0.0,"damage_taken":18.0,"relics_obtained":["Golden Idol"]},{"damage_healed":0.0,"max_hp_gain":0.0,"max_hp_loss":0.0,"gold_gain":0.0,"event_name":"Wheel of Change","player_choice":"Relic","floor":11.0,"gold_loss":0.0,"damage_taken":0.0},{"damage_healed":0.0,"max_hp_gain":0.0,"max_hp_loss":0.0,"gold_gain":0.0,"event_name":"Addict","player_choice":"Obtained Relic","floor":21.0,"gold_loss":85.0,"damage_taken":0.0,"relics_obtained":["Pen Nib"]},{"damage_healed":0.0,"max_hp_gain":0.0,"max_hp_loss":0.0,"gold_gain":0.0,"event_name":"Drug Dealer","player_choice":"Inject Mutagens","floor":22.0,"gold_loss":0.0,"damage_taken":0.0,"relics_obtained":["MutagenicStrength"]},{"damage_healed":0.0,"max_hp_gain":0.0,"max_hp_loss":0.0,"gold_gain":0.0,"event_name":"Designer","player_choice":"Upgrade","floor":25.0,"gold_loss":40.0,"damage_taken":0.0,"cards_upgraded":["Conserve Battery"]},{"damage_healed":0.0,"max_hp_gain":0.0,"max_hp_loss":4.0,"gold_gain":0.0,"event_name":"Winding Halls","player_choice":"Max HP","floor":39.0,"gold_loss":0.0,"damage_taken":0.0},{"damage_healed":0.0,"max_hp_gain":0.0,"max_hp_loss":0.0,"gold_gain":0.0,"event_name":"Mysterious Sphere","player_choice":"Fight","floor":45.0,"gold_loss":0.0,"damage_taken":0.0},{"damage_healed":66.0,"max_hp_gain":0.0,"max_hp_loss":0.0,"gold_gain":0.0,"event_name":"MindBloom","player_choice":"Heal","floor":48.0,"gold_loss":0.0,"damage_taken":0.0,"cards_obtained":["Doubt"]}],"is_beta":false,"boss_relics":[{"not_picked":["Philosopher\u0027s Stone","Ectoplasm"],"picked":"Tiny House"},{"not_picked":["Calling Bell","Cursed Key"],"picked":"Empty Cage"}],"items_purged_floors":[],"is_endless":false,"potions_floor_spawned":[2,3,14,20,30,31,33,41,45],"ascension_level":0}