{"gold_per_floor":[367,367,387,402,178,178,205,205,205,236,236,267,40,53,53,131,131,141,12,27,40,40,40,55,89,89,109,128,128,139,139,139,210,210,223,235,235,251,67,97,0,13,13,67,0,0,29,49,49,49],"floor_reached":51,"playtime":4838,"items_purged":["Parasite"],"score":1439,"play_id":"9decdf5c-bf01-4b41-a9d6-140afdd59557","local_time":"20190128203850","is_ascension_mode":true,"campfire_choices":[{"data":"Armaments","floor":6.0,"key":"SMITH"},{"data":"Perfected Strike","floor":15.0,"key":"SMITH"},{"data":"Bash","floor":23.0,"key":"SMITH"},{"floor":32,"key":"REST"},{"floor":46,"key":"REST"},{"floor":49,"key":"REST"}],"neow_cost":"TEN_PERCENT_HP_LOSS","seed_source_timestamp":501322075803873,"circlet_count":0,"master_deck":["AscendersBane","Strike_R+1","Strike_R","Strike_R","Strike_R","Strike_R","Defend_R","Defend_R","Bash+1","Perfected Strike+1","Armaments+1","Wild Strike","Perfected Strike+1","Flame Barrier","Uppercut+1","Brutality","Shrug It Off","Swift Strike+1","Headbutt+1","Demon Form","Headbutt+1","Twin Strike+1","Dropkick+1","True Grit","Perfected Strike+1","Pain","Sword Boomerang+1","Power Through+1","Seeing Red","Uppercut+1","Iron Wave+1","Burning Pact+1","Whirlwind+1","Flash of Steel+1","Thunderclap+1","Twin Strike+1","Shockwave","Power Through","Shame","True Grit","Battle Trance"],"special_seed":0,"relics":["Burning Blood","Regal Pillow","Dodecahedron","Meat on the Bone","Molten Egg 2","Gremlin Horn","Cursed Key","Orichalcum","Oddly Smooth Stone","Nilry\u0027s Codex","Fusion Hammer","Bottled Tornado","Pantograph","Mango","Red Mask","Self Forming Clay"],"potions_floor_usage":[29,33,44,47],"damage_taken":[{"damage":5.0,"enemies":"Small Slimes","floor":1.0,"turns":5.0},{"damage":1.0,"enemies":"Cultist","floor":3.0,"turns":3.0},{"damage":4.0,"enemies":"2 Louse","floor":4.0,"turns":3.0},{"damage":20.0,"enemies":"Lagavulin","floor":7.0,"turns":5.0},{"damage":15.0,"enemies":"3 Sentries","floor":10.0,"turns":8.0},{"damage":22.0,"enemies":"Gremlin Nob","floor":12.0,"turns":4.0},{"damage":0.0,"enemies":"2 Fungi Beasts","floor":14.0,"turns":2.0},{"damage":26.0,"enemies":"Slime Boss","floor":16.0,"turns":7.0},{"damage":2.0,"enemies":"Chosen","floor":18.0,"turns":3.0},{"damage":4.0,"enemies":"Spheric Guardian","floor":20.0,"turns":3.0},{"damage":13.0,"enemies":"Cultist and Chosen","floor":21.0,"turns":4.0},{"damage":0.0,"enemies":"Snake Plant","floor":22.0,"turns":1.0},{"damage":11,"enemies":"Centurion and Healer","floor":24,"turns":3},{"damage":3,"enemies":"Gremlin Leader","floor":25,"turns":4},{"damage":21,"enemies":"3 Cultists","floor":27,"turns":5},{"damage":39,"enemies":"Snecko","floor":28,"turns":7},{"damage":0,"enemies":"Book of Stabbing","floor":29,"turns":1},{"damage":0,"enemies":"Sentry and Sphere","floor":30,"turns":3},{"damage":12,"enemies":"Collector","floor":33,"turns":6},{"damage":1,"enemies":"Orb Walker","floor":35,"turns":2},{"damage":6,"enemies":"3 Darklings","floor":36,"turns":3},{"damage":10,"enemies":"Spire Growth","floor":38,"turns":4},{"damage":48,"enemies":"Giant Head","floor":40,"turns":6},{"damage":20,"enemies":"4 Shapes","floor":42,"turns":9},{"damage":28,"enemies":"2 Orb Walkers","floor":44,"turns":4},{"damage":37,"enemies":"Reptomancer","floor":47,"turns":6},{"damage":47,"enemies":"Jaw Worm Horde","floor":48,"turns":5},{"damage":36,"enemies":"Donu and Deca","floor":50,"turns":7}],"seed_played":"5542427207106144635","potions_obtained":[{"floor":3.0,"key":"Ancient Potion"},{"floor":12.0,"key":"PowerPotion"},{"floor":14.0,"key":"SmokeBomb"},{"floor":21.0,"key":"Ancient Potion"},{"floor":28,"key":"SmokeBomb"},{"floor":38,"key":"FairyPotion"},{"floor":40,"key":"AttackPotion"},{"floor":44,"key":"SkillPotion"}],"is_trial":false,"path_per_floor":["M","?","M","M","$","R","E","?","T","E","?","E","$","M","R","B",null,"M","$","M","M","M","R","M","E","T","M","M","E","M","?","R","B",null,"M","M","?","M","$","E","$","M","T","?","?","R","E","M","R","B",null],"character_chosen":"IRONCLAD","items_purchased":["Perfected Strike","Regal Pillow","Swift Strike+1","Headbutt+1","Twin Strike+1","Dropkick+1","Whirlwind+1","Flash of Steel+1","Twin Strike+1","Shockwave"],"campfire_rested":3,"item_purchase_floors":[5,5,13,13,19,19,39,39,41,41],"current_hp_per_floor":[68,48,53,55,55,55,41,58,58,49,49,45,45,51,51,43,60,64,64,65,58,64,64,59,62,62,47,26,44,50,29,63,57,63,65,65,65,61,61,31,31,29,29,33,33,71,52,23,61,49],"gold":49,"neow_bonus":"TWO_FIFTY_GOLD","is_prod":false,"is_daily":false,"chose_seed":false,"campfire_upgraded":3,"win_rate":0,"timestamp":1548725930,"path_taken":["M","?","M","M","$","R","E","?","T","E","?","E","$","M","R","BOSS","M","$","M","M","M","R","M","E","T","M","M","E","M","?","R","BOSS","M","M","?","?","$","E","$","M","T","?","?","R","E","M","R","BOSS"],"build_version":"2019-01-23","purchased_purges":1,"victory":true,"max_hp_per_floor":[68,68,68,68,68,68,68,68,68,68,68,68,65,65,65,65,65,65,65,65,65,65,65,65,65,65,65,65,65,65,65,65,65,65,65,65,65,65,65,65,65,65,65,79,79,79,79,79,79,79],"card_choices":[{"not_picked":["Heavy Blade","Headbutt"],"picked":"Perfected Strike","floor":1.0},{"not_picked":["Reckless Charge","Body Slam"],"picked":"Armaments","floor":3.0},{"not_picked":["Ghostly Armor","Burning Pact"],"picked":"Wild Strike","floor":4.0},{"not_picked":["Bloodletting","Entrench"],"picked":"Flame Barrier","floor":7.0},{"not_picked":["Havoc","Clothesline"],"picked":"Uppercut","floor":10.0},{"not_picked":["Flame Barrier","Infernal Blade"],"picked":"Shrug It Off","floor":12.0},{"not_picked":["Brutality","Body Slam+1","Flex"],"picked":"SKIP","floor":14.0},{"not_picked":["Limit Break","Berserk"],"picked":"Demon Form","floor":16.0},{"not_picked":["Sword Boomerang+1","Anger+1"],"picked":"Headbutt+1","floor":18.0},{"not_picked":["Headbutt+1","Carnage+1"],"picked":"True Grit","floor":20.0},{"not_picked":["Body Slam+1","Spot Weakness+1","True Grit"],"picked":"SKIP","floor":21.0},{"not_picked":["Carnage+1","Whirlwind+1"],"picked":"Perfected Strike+1","floor":24},{"not_picked":["Bloodletting","Clothesline+1","Fiend Fire+1"],"picked":"SKIP","floor":25},{"not_picked":["Clothesline+1","Searing Blow+1"],"picked":"Sword Boomerang+1","floor":27},{"not_picked":["Armaments+1","Dual Wield+1"],"picked":"Power Through+1","floor":28},{"not_picked":["Anger+1","Clash+1"],"picked":"Seeing Red","floor":30},{"not_picked":["Anger+1","Armaments+1"],"picked":"Uppercut+1","floor":35},{"not_picked":["Rampage+1","True Grit","Inflame+1"],"picked":"SKIP","floor":36},{"not_picked":["Twin Strike+1","Shrug It Off"],"picked":"Burning Pact+1","floor":38},{"not_picked":["Exhume","Clothesline+1"],"picked":"Thunderclap+1","floor":40},{"not_picked":["Feel No Pain","Wild Strike+1"],"picked":"Power Through","floor":42},{"not_picked":["Searing Blow+1","Rampage+1"],"picked":"True Grit","floor":44},{"not_picked":["Spot Weakness","Heavy Blade+1","Anger+1"],"picked":"SKIP","floor":47},{"not_picked":["Pummel+1","Flame Barrier"],"picked":"Battle Trance","floor":48}],"player_experience":594509,"relics_obtained":[{"floor":7.0,"key":"Dodecahedron"},{"floor":9.0,"key":"Meat on the Bone"},{"floor":10.0,"key":"Molten Egg 2"},{"floor":12.0,"key":"Gremlin Horn"},{"floor":25,"key":"Orichalcum"},{"floor":26,"key":"Oddly Smooth Stone"},{"floor":31,"key":"Nilry\u0027s Codex"},{"floor":40,"key":"Bottled Tornado"},{"floor":43,"key":"Pantograph"},{"floor":44,"key":"Mango"},{"floor":47,"key":"Self Forming Clay"}],"event_choices":[{"damage_healed":0.0,"max_hp_gain":0.0,"max_hp_loss":0.0,"gold_gain":0.0,"event_name":"Shining Light","player_choice":"Entered Light","floor":2.0,"gold_loss":0.0,"damage_taken":20.0,"cards_upgraded":["Perfected Strike","Strike_R"]},{"damage_healed":17.0,"max_hp_gain":0.0,"max_hp_loss":0.0,"gold_gain":0.0,"event_name":"Mushrooms","player_choice":"Healed and dodged fight","floor":8.0,"gold_loss":0.0,"damage_taken":0.0,"cards_obtained":["Parasite"]},{"damage_healed":0.0,"max_hp_gain":0.0,"max_hp_loss":0.0,"gold_gain":0.0,"cards_transformed":["Defend_R"],"event_name":"Transmorgrifier","player_choice":"Transformed","floor":11.0,"gold_loss":0.0,"damage_taken":0.0,"cards_obtained":["Brutality"]},{"damage_healed":0,"gold_gain":0,"player_choice":"Obtained Book","damage_taken":21,"max_hp_gain":0,"max_hp_loss":0,"event_name":"Cursed Tome","floor":31,"gold_loss":0},{"damage_healed":0,"gold_gain":0,"cards_transformed":["Defend_R"],"player_choice":"Transformed","damage_taken":0,"max_hp_gain":0,"max_hp_loss":0,"event_name":"Transmorgrifier","floor":37,"gold_loss":0,"cards_obtained":["Iron Wave"]},{"damage_healed":0,"gold_gain":0,"player_choice":"Fight","damage_taken":0,"max_hp_gain":0,"max_hp_loss":0,"event_name":"Mysterious Sphere","floor":44,"gold_loss":0},{"damage_healed":0,"gold_gain":0,"player_choice":"Paid","damage_taken":0,"relics_obtained":["Red Mask"],"max_hp_gain":0,"max_hp_loss":0,"event_name":"Tomb of Lord Red Mask","floor":45,"gold_loss":67}],"is_beta":false,"boss_relics":[{"not_picked":["Calling Bell","Philosopher\u0027s Stone"],"picked":"Cursed Key"},{"not_picked":["Runic Pyramid","Coffee Dripper"],"picked":"Fusion Hammer"}],"items_purged_floors":[13],"is_endless":false,"potions_floor_spawned":[3,12,14,21,22,28,29,38,40,42,44],"ascension_level":18}