{"gold_per_floor":[117,117,67,87,102,130,130,159,159,159,171,46,221,250,250,346,346,359,29,29,45,65,65],"floor_reached":23,"playtime":1138,"items_purged":["Parasite"],"score":234,"play_id":"425cf320-f058-4233-b17f-f2a4355b9790","local_time":"20180716221659","is_ascension_mode":false,"campfire_choices":[{"floor":7.0,"key":"REST"},{"floor":15,"key":"REST"}],"neow_cost":"","seed_source_timestamp":495915977011726,"circlet_count":0,"master_deck":["Defend_G","Defend_G","Defend_G","Defend_G","Defend_G","Strike_G","Strike_G","Strike_G","Survivor","Neutralize","Outmaneuver","All Out Attack","Bouncing Flask","Bane","Underhanded Strike","Noxious Fumes","Underhanded Strike","Backstab","Doubt","Sucker Punch","Night Terror","Bane","Poisoned Stab","Blur+1","Backstab"],"special_seed":0,"relics":["Ring of the Snake","Smiling Mask","Mercury Hourglass","Bottled Flame","Kunai","Busted Crown","Matryoshka"],"potions_floor_usage":[14,16,23],"damage_taken":[{"damage":0.0,"enemies":"2 Louse","floor":1.0,"turns":3.0},{"damage":0.0,"enemies":"Jaw Worm","floor":4.0,"turns":6.0},{"damage":12.0,"enemies":"Small Slimes","floor":5.0,"turns":3.0},{"damage":47.0,"enemies":"3 Sentries","floor":6.0,"turns":9.0},{"damage":20.0,"enemies":"Gremlin Nob","floor":8.0,"turns":5.0},{"damage":0.0,"enemies":"Looter","floor":11.0,"turns":2.0},{"damage":0,"enemies":"3 Sentries","floor":14,"turns":3},{"damage":25,"enemies":"Hexaghost","floor":16,"turns":8},{"damage":10,"enemies":"Chosen","floor":18,"turns":4},{"damage":26,"enemies":"Spheric Guardian","floor":21,"turns":4},{"damage":11,"enemies":"Snecko","floor":22,"turns":5},{"damage":21,"enemies":"Slavers","floor":23,"turns":2}],"seed_played":"6957747346395080015","potions_obtained":[{"floor":4.0,"key":"Dexterity Potion"},{"floor":8.0,"key":"Fire Potion"},{"floor":14,"key":"SkillPotion"},{"floor":16,"key":"FearPotion"}],"is_trial":false,"path_per_floor":["M","?","?","M","M","E","R","E","T","?","M","$","?","E","R","B",null,"M","$","?","M","M"],"character_chosen":"THE_SILENT","items_purchased":["Backstab","Matryoshka","Bane","Poisoned Stab"],"campfire_rested":2,"item_purchase_floors":[12,19,19,19],"current_hp_per_floor":[70,70,70,70,58,11,32,12,12,29,29,29,29,29,49,24,67,57,57,57,31,20,0],"gold":65,"neow_bonus":"","is_prod":false,"is_daily":false,"chose_seed":false,"campfire_upgraded":0,"win_rate":0,"timestamp":1531793819,"path_taken":["M","?","?","M","M","E","R","E","T","?","?","$","?","E","R","BOSS","M","$","?","?","M","E"],"build_version":"2018-07-12","purchased_purges":1,"victory":false,"max_hp_per_floor":[70,70,70,70,70,70,70,70,70,70,70,67,67,67,67,67,67,67,67,67,67,67,67],"card_choices":[{"not_picked":["PiercingWail","Noxious Fumes"],"picked":"Outmaneuver","floor":1.0},{"not_picked":["Dodge and Roll","Eviscerate"],"picked":"Bouncing Flask","floor":4.0},{"not_picked":["Slice","Flying Knee"],"picked":"Bane","floor":5.0},{"not_picked":["Dash","Escape Plan"],"picked":"Underhanded Strike","floor":6.0},{"not_picked":["Night Terror","Distraction"],"picked":"Noxious Fumes","floor":8.0},{"not_picked":["Quick Slash","Deflect"],"picked":"Underhanded Strike","floor":11.0},{"not_picked":["Distraction","Predator"],"picked":"Sucker Punch","floor":14},{"not_picked":["Die Die Die","Bullet Time"],"picked":"Night Terror","floor":16},{"not_picked":["PiercingWail"],"picked":"SKIP","floor":18},{"not_picked":[],"picked":"Blur+1","floor":21},{"not_picked":[],"picked":"Backstab","floor":22}],"player_experience":73225,"relics_obtained":[{"floor":6.0,"key":"Smiling Mask"},{"floor":8.0,"key":"Mercury Hourglass"},{"floor":9.0,"key":"Bottled Flame"},{"floor":14,"key":"Kunai"}],"event_choices":[{"event_name":"Living Wall","player_choice":"Change","floor":2.0,"damage_taken":0.0},{"event_name":"The Cleric","player_choice":"Card Removal","floor":3.0,"damage_taken":0.0},{"event_name":"Mushrooms","player_choice":"Healed and dodged fight","floor":10.0,"damage_taken":0.0},{"event_name":"Liars Game","player_choice":"agreed","floor":13.0,"damage_taken":0.0},{"event_name":"Addict","player_choice":"Ignored","floor":20,"damage_taken":0}],"boss_relics":[{"not_picked":["Runic Dome","Velvet Choker"],"picked":"Busted Crown"}],"items_purged_floors":[12],"is_endless":false,"potions_floor_spawned":[4,8,14,16],"killed_by":"Slavers","ascension_level":0}