{"gold_per_floor":[111,127,143,143,161,161,195,207,246,289,316,348,360,384,396,408],"floor_reached":16,"playtime":979,"items_purged":[],"score":194,"play_id":"dce340c4-eb6e-42d9-be5c-ff1c2665d7b6","local_time":"20190108112914","is_ascension_mode":true,"campfire_choices":[{"floor":6.0,"key":"REST"},{"data":"Bash","floor":8.0,"key":"SMITH"},{"floor":15,"key":"REST"}],"neow_cost":"PERCENT_DAMAGE","seed_source_timestamp":470146302229287,"circlet_count":0,"master_deck":["AscendersBane","Strike_R","Strike_R","Defend_R","Defend_R","Defend_R","Defend_R","Bash+1","Cleave","Thunderclap","Pommel Strike","Limit Break","Dropkick","Clothesline","Twin Strike","Cleave"],"special_seed":0,"relics":["Burning Blood","MawBank","Lantern","Oddly Smooth Stone"],"potions_floor_usage":[14],"damage_taken":[{"damage":7.0,"enemies":"Jaw Worm","floor":1.0,"turns":3.0},{"damage":6.0,"enemies":"Cultist","floor":2.0,"turns":4.0},{"damage":3.0,"enemies":"2 Louse","floor":3.0,"turns":2.0},{"damage":16.0,"enemies":"Blue Slaver","floor":5.0,"turns":3.0},{"damage":23.0,"enemies":"Lagavulin","floor":7.0,"turns":7.0},{"damage":30.0,"enemies":"3 Sentries","floor":10.0,"turns":6.0},{"damage":13.0,"enemies":"3 Louse","floor":11.0,"turns":2.0},{"damage":5.0,"enemies":"Red Slaver","floor":12.0,"turns":3.0},{"damage":6,"enemies":"Exordium Thugs","floor":14,"turns":4},{"damage":32,"enemies":"The Guardian","floor":16,"turns":10}],"seed_played":"-8111329546811111678","potions_obtained":[{"floor":2.0,"key":"Block Potion"},{"floor":5.0,"key":"Explosive Potion"},{"floor":10.0,"key":"Swift Potion"}],"is_trial":false,"path_per_floor":["M","M","M","?","M","R","E","R","T","E","M","M","$","M","R","B"],"character_chosen":"IRONCLAD","items_purchased":[],"campfire_rested":2,"item_purchase_floors":[],"current_hp_per_floor":[49,49,52,45,35,57,40,40,40,16,9,10,10,10,32,0],"gold":408,"neow_bonus":"REMOVE_TWO","is_prod":false,"is_daily":false,"chose_seed":false,"campfire_upgraded":1,"win_rate":0,"timestamp":1546964954,"path_taken":["M","M","M","?","M","R","E","R","T","E","M","M","?","M","R","BOSS"],"build_version":"2019-01-03v4","purchased_purges":0,"victory":false,"max_hp_per_floor":[75,75,75,75,75,75,75,75,75,75,75,75,75,75,75,75],"card_choices":[{"not_picked":["Anger","Flex"],"picked":"Cleave","floor":1.0},{"not_picked":["Entrench","Flex"],"picked":"Thunderclap","floor":2.0},{"not_picked":["Rupture","Burning Pact"],"picked":"Pommel Strike","floor":3.0},{"not_picked":["Sever Soul","Headbutt"],"picked":"Limit Break","floor":5.0},{"not_picked":["Offering","Perfected Strike"],"picked":"Dropkick","floor":7.0},{"not_picked":["Whirlwind","Corruption"],"picked":"Clothesline","floor":10.0},{"not_picked":["Fire Breathing","Thunderclap"],"picked":"Twin Strike","floor":11.0},{"not_picked":["Sever Soul","Cleave","Sword Boomerang"],"picked":"SKIP","floor":12.0},{"not_picked":["Sever Soul","Sword Boomerang"],"picked":"Cleave","floor":12.0},{"not_picked":["Wild Strike","Berserk","Second Wind"],"picked":"SKIP","floor":14}],"player_experience":524569,"relics_obtained":[{"floor":7.0,"key":"MawBank"},{"floor":9.0,"key":"Lantern"},{"floor":10.0,"key":"Oddly Smooth Stone"}],"event_choices":[{"cards_removed":["Strike_R"],"damage_healed":0.0,"max_hp_gain":0.0,"max_hp_loss":0.0,"gold_gain":0.0,"event_name":"Golden Wing","player_choice":"Card Removal","floor":4.0,"gold_loss":0.0,"damage_taken":7.0}],"is_beta":false,"boss_relics":[],"items_purged_floors":[],"is_endless":false,"potions_floor_spawned":[2,5,10],"killed_by":"The Guardian","ascension_level":14}