{"gold_per_floor":[110,110,124,138,138,166,116,127,127,127,33,33,59,71,71,168,168,185,185,205,225,237,237],"floor_reached":23,"playtime":1718,"items_purged":[],"score":203,"play_id":"a660bf6a-0fdd-415c-8bea-f63e4e30a724","local_time":"20180708100138","is_ascension_mode":false,"campfire_choices":[{"floor":12.0,"key":"REST"},{"data":"Infinite Blades","floor":15.0,"key":"SMITH"}],"neow_cost":"NONE","seed_source_timestamp":50801699070929,"circlet_count":0,"master_deck":["Defend_G","Defend_G","Defend_G+1","Strike_G","Strike_G","Strike_G+1","Strike_G","Survivor+1","Neutralize","Outmaneuver+1","Dagger Spray+1","Terror","Terror","Crippling Poison","Infinite Blades+1","Quick Slash","Bandage Up","Well Laid Plans","Dagger Spray+1","Phantasmal Killer","Calculated Gamble+1","Injury","Blade Dance","Backstab+1","Slice+1"],"special_seed":0,"relics":["Ring of the Snake","War Paint","Oddly Smooth Stone","Molten Egg 2","White Beast Statue"],"potions_floor_usage":[23,23],"damage_taken":[{"damage":0.0,"enemies":"Jaw Worm","floor":1.0,"turns":5.0},{"damage":0.0,"enemies":"Small Slimes","floor":3.0,"turns":2.0},{"damage":0.0,"enemies":"2 Louse","floor":4.0,"turns":2.0},{"damage":25.0,"enemies":"Lagavulin","floor":6.0,"turns":8.0},{"damage":0.0,"enemies":"2 Fungi Beasts","floor":8.0,"turns":2.0},{"damage":20.0,"enemies":"3 Sentries","floor":13.0,"turns":6.0},{"damage":0.0,"enemies":"Exordium Wildlife","floor":14.0,"turns":3.0},{"damage":38.0,"enemies":"Hexaghost","floor":16.0,"turns":10.0},{"damage":15.0,"enemies":"Shell Parasite","floor":18.0,"turns":4.0},{"damage":2.0,"enemies":"3 Byrds","floor":20.0,"turns":4.0},{"damage":32.0,"enemies":"Snake Plant","floor":21.0,"turns":5.0},{"damage":15.0,"enemies":"Cultist and Chosen","floor":22.0,"turns":7.0},{"damage":27,"enemies":"Gremlin Leader","floor":23,"turns":3}],"seed_played":"6546428743647664977","potions_obtained":[{"floor":4.0,"key":"Block Potion"},{"floor":6.0,"key":"Energy Potion"},{"floor":13.0,"key":"Weak Potion"},{"floor":18.0,"key":"Explosive Potion"},{"floor":20.0,"key":"SkillPotion"},{"floor":21.0,"key":"SteroidPotion"},{"floor":22.0,"key":"Explosive Potion"}],"is_trial":false,"path_per_floor":["M","?","M","M","?","E","?","M","T","?","$","R","E","M","R","B",null,"M","?","M","M","M"],"character_chosen":"THE_SILENT","items_purchased":["Bandage Up"],"campfire_rested":1,"item_purchase_floors":[11],"current_hp_per_floor":[70,56,56,56,61,36,36,36,36,36,36,58,42,46,46,12,75,60,60,62,34,23,0],"gold":237,"neow_bonus":"TRANSFORM_CARD","is_prod":false,"is_daily":false,"chose_seed":false,"campfire_upgraded":1,"win_rate":0.0,"timestamp":1531058498,"path_taken":["M","?","M","M","?","E","?","?","T","?","$","R","E","M","R","BOSS","M","?","M","M","M","E"],"build_version":"2018-07-05","purchased_purges":0,"victory":false,"max_hp_per_floor":[70,70,70,70,75,75,75,75,75,75,75,75,75,75,75,75,75,75,75,75,75,75,75],"card_choices":[{"not_picked":["Poisoned Stab","Caltrops"],"picked":"Dagger Spray","floor":1.0},{"not_picked":["Leg Sweep","Malaise"],"picked":"Terror","floor":3.0},{"not_picked":["All Out Attack","Bane"],"picked":"Terror","floor":4.0},{"not_picked":["Poisoned Stab","Choke"],"picked":"Crippling Poison","floor":6.0},{"not_picked":["Acrobatics","Underhanded Strike"],"picked":"Infinite Blades","floor":8.0},{"not_picked":["Glass Knife","Slice"],"picked":"Well Laid Plans","floor":13.0},{"not_picked":["Blur","Backflip"],"picked":"Dagger Spray+1","floor":14.0},{"not_picked":["Doppelganger","Tools of the Trade"],"picked":"Phantasmal Killer","floor":16.0},{"not_picked":["Backflip","Poisoned Stab+1"],"picked":"Calculated Gamble+1","floor":18.0},{"not_picked":["Dodge and Roll","Prepared"],"picked":"Blade Dance","floor":20.0},{"not_picked":["Acrobatics","Sucker Punch+1"],"picked":"Backstab+1","floor":21.0},{"not_picked":["Flechettes+1","Terror"],"picked":"Slice+1","floor":22.0}],"player_experience":28116,"relics_obtained":[{"floor":6.0,"key":"War Paint"},{"floor":9.0,"key":"Oddly Smooth Stone"},{"floor":13.0,"key":"Molten Egg 2"}],"event_choices":[{"event_name":"Shining Light","player_choice":"Entered Light","floor":2.0,"damage_taken":0.0},{"event_name":"Big Fish","player_choice":"Donut","floor":5.0,"damage_taken":0.0},{"event_name":"The Cleric","player_choice":"Card Removal","floor":7.0,"damage_taken":0.0},{"event_name":"Transmorgrifier","player_choice":"Transform","floor":10.0,"damage_taken":0.0},{"event_name":"Accursed Blacksmith","player_choice":"Forge","floor":19.0,"damage_taken":0.0}],"boss_relics":[{"not_picked":["Lizard Tail","Tiny House"],"picked":"White Beast Statue"}],"items_purged_floors":[],"is_endless":false,"potions_floor_spawned":[4,6,13,18,20,21,22],"killed_by":"Gremlin Leader","ascension_level":0}