{"gold_per_floor":[114,114,114,44,61,61,77,77,103,103,114,39,114,132,132,229,229,241,259,259,159,159,159,84,84,84,84,84,95,95,95,95,200,200,220,232,232,232,248,248,260,209,234,234,246,261,261,278,278,278],"floor_reached":51,"playtime":1797,"items_purged":["Heavy Blade","Metallicize"],"score":710,"play_id":"9e2f7c15-5636-4bcb-8260-b448a3d4ecba","local_time":"20190426121322","is_ascension_mode":false,"campfire_choices":[{"data":"Searing Blow","floor":6.0,"key":"SMITH"},{"data":"Armaments","floor":8.0,"key":"SMITH"},{"data":"Searing Blow+1","floor":15.0,"key":"SMITH"},{"data":"Searing Blow+2","floor":23.0,"key":"SMITH"},{"data":"Searing Blow+3","floor":25.0,"key":"SMITH"},{"data":"Searing Blow+4","floor":28.0,"key":"SMITH"},{"data":"Searing Blow+5","floor":32.0,"key":"SMITH"},{"data":"Searing Blow+6","floor":40.0,"key":"SMITH"},{"data":"Searing Blow+7","floor":47.0,"key":"SMITH"},{"floor":49.0,"key":"REST"}],"neow_cost":"NONE","seed_source_timestamp":68425925241499,"circlet_count":0,"master_deck":["Flex","Iron Wave","Evolve","Searing Blow+8","Infernal Blade","Dual Wield","Pommel Strike","Shrug It Off","Immolate","Armaments+1","Seeing Red","Intimidate+1","Shrug It Off","Shrug It Off","Doubt","Parasite","Flame Barrier+1"],"special_seed":0,"relics":["Pandora\u0027s Box"],"potions_floor_usage":[50,50,50],"damage_taken":[{"damage":0.0,"enemies":"Cultist","floor":1.0,"turns":2.0},{"damage":4.0,"enemies":"Jaw Worm","floor":5.0,"turns":3.0},{"damage":0.0,"enemies":"Small Slimes","floor":7.0,"turns":2.0},{"damage":0.0,"enemies":"3 Louse","floor":11.0,"turns":2.0},{"damage":0.0,"enemies":"Lots of Slimes","floor":14.0,"turns":1.0},{"damage":32.0,"enemies":"Slime Boss","floor":16.0,"turns":7.0},{"damage":22.0,"enemies":"3 Byrds","floor":18.0,"turns":5.0},{"damage":25.0,"enemies":"2 Thieves","floor":19.0,"turns":3.0},{"damage":5.0,"enemies":"Snake Plant","floor":29.0,"turns":2.0},{"damage":59.0,"enemies":"Automaton","floor":33.0,"turns":8.0},{"damage":6.0,"enemies":"Orb Walker","floor":35.0,"turns":3.0},{"damage":25.0,"enemies":"3 Darklings","floor":36.0,"turns":5.0},{"damage":29.0,"enemies":"Jaw Worm Horde","floor":39.0,"turns":5.0},{"damage":26.0,"enemies":"Writhing Mass","floor":41.0,"turns":6.0},{"damage":24.0,"enemies":"3 Darklings","floor":45.0,"turns":5.0},{"damage":23.0,"enemies":"Jaw Worm Horde","floor":46.0,"turns":5.0},{"damage":30.0,"enemies":"Writhing Mass","floor":48.0,"turns":6.0},{"damage":9,"enemies":"Time Eater","floor":50,"turns":15}],"seed_played":"-2172011139858281950","potions_obtained":[{"floor":1.0,"key":"Swift Potion"},{"floor":5.0,"key":"SkillPotion"},{"floor":11.0,"key":"PowerPotion"},{"floor":38.0,"key":"SneckoOil"},{"floor":41.0,"key":"Dexterity Potion"}],"is_trial":false,"path_per_floor":["M","?","T","$","M","R","M","R","T","?","M","$","?","M","R","B",null,"M","M","?","$","?","R","?","R","T","?","R","M","?","T","R","B",null,"M","M","?","?","M","R","M","$","T","?","M","M","R","M","R","B",null],"character_chosen":"IRONCLAD","items_purchased":["Immolate","PowerPotion"],"campfire_rested":1,"item_purchase_floors":[4,42],"current_hp_per_floor":[80,80,80,80,76,76,76,76,76,76,76,76,68,68,68,36,80,58,33,33,33,59,59,59,59,59,90,90,85,67,67,67,8,95,89,64,64,64,35,35,9,9,9,95,71,48,48,18,46,37],"gold":278,"neow_bonus":"BOSS_RELIC","is_prod":false,"is_daily":false,"chose_seed":false,"campfire_upgraded":9,"win_rate":0,"timestamp":1556295202,"path_taken":["M","?","?","$","M","R","M","R","T","?","M","$","?","?","R","BOSS","M","?","?","$","?","R","?","R","T","?","R","?","?","?","R","BOSS","M","M","?","?","?","R","M","?","T","?","M","M","R","M","R","BOSS"],"build_version":"2019-01-23","purchased_purges":2,"victory":true,"max_hp_per_floor":[80,80,80,80,80,80,80,80,80,80,80,80,80,80,80,80,80,80,80,80,80,80,80,80,80,80,90,90,90,95,95,95,95,95,95,95,95,95,95,95,95,95,95,95,95,95,95,95,95,95],"card_choices":[{"not_picked":["Clash","Feel No Pain"],"picked":"Shrug It Off","floor":1.0},{"not_picked":["Bloodletting","Clash","Fire Breathing"],"picked":"SKIP","floor":5.0},{"not_picked":["Clothesline","Shockwave"],"picked":"Armaments","floor":7.0},{"not_picked":["Body Slam","Clothesline"],"picked":"Seeing Red","floor":11.0},{"not_picked":["Twin Strike","Searing Blow","Havoc"],"picked":"SKIP","floor":14.0},{"not_picked":["Barricade","Juggernaut"],"picked":"Exhume","floor":16.0},{"not_picked":["Spot Weakness","Uppercut","Pommel Strike"],"picked":"SKIP","floor":18.0},{"not_picked":["Spot Weakness","Uppercut","Pommel Strike"],"picked":"SKIP","floor":18.0},{"not_picked":["Anger+1","Havoc+1","Rampage"],"picked":"SKIP","floor":19.0},{"not_picked":["Anger","True Grit"],"picked":"Intimidate+1","floor":29.0},{"not_picked":["Clothesline","Thunderclap+1"],"picked":"Shrug It Off","floor":35.0},{"not_picked":["Anger+1","Havoc","Feel No Pain"],"picked":"SKIP","floor":36.0},{"not_picked":["Havoc+1","Clash"],"picked":"Shrug It Off","floor":39.0},{"not_picked":["Headbutt","Hemokinesis+1","Clothesline"],"picked":"SKIP","floor":41.0},{"not_picked":["Fiend Fire","True Grit+1","Havoc+1"],"picked":"SKIP","floor":45.0},{"not_picked":["Blood for Blood","Uppercut+1","Perfected Strike"],"picked":"SKIP","floor":46.0},{"not_picked":["Pommel Strike+1","Heavy Blade+1"],"picked":"Flame Barrier+1","floor":48.0}],"player_experience":695419,"relics_obtained":[],"event_choices":[{"damage_healed":0.0,"max_hp_gain":0.0,"max_hp_loss":0.0,"gold_gain":0.0,"event_name":"Scrap Ooze","player_choice":"Fled","floor":2.0,"gold_loss":0.0,"damage_taken":0.0},{"damage_healed":0.0,"max_hp_gain":0.0,"max_hp_loss":0.0,"gold_gain":0.0,"event_name":"Golden Idol","player_choice":"Ignored","floor":10.0,"gold_loss":0.0,"damage_taken":0.0},{"damage_healed":0.0,"max_hp_gain":0.0,"max_hp_loss":0.0,"gold_gain":75.0,"event_name":"FaceTrader","player_choice":"Touch","floor":13.0,"gold_loss":0.0,"damage_taken":8.0},{"damage_healed":0.0,"max_hp_gain":0.0,"max_hp_loss":0.0,"gold_gain":0.0,"event_name":"Vampires","player_choice":"Ignored","floor":20.0,"gold_loss":0.0,"damage_taken":0.0},{"damage_healed":26.0,"max_hp_gain":0.0,"max_hp_loss":0.0,"gold_gain":0.0,"event_name":"The Library","player_choice":"Heal","floor":22.0,"gold_loss":0.0,"damage_taken":0.0},{"cards_removed":["Bash"],"damage_healed":0.0,"max_hp_gain":0.0,"max_hp_loss":0.0,"gold_gain":0.0,"event_name":"Beggar","player_choice":"Gave Gold","floor":24.0,"gold_loss":75.0,"damage_taken":0.0},{"cards_removed":["Exhume"],"damage_healed":21.0,"max_hp_gain":10.0,"max_hp_loss":0.0,"gold_gain":0.0,"event_name":"Bonfire Elementals","player_choice":"Offered Rare","floor":27.0,"gold_loss":0.0,"damage_taken":0.0},{"damage_healed":0.0,"max_hp_gain":5.0,"max_hp_loss":0.0,"gold_gain":0.0,"event_name":"Forgotten Altar","player_choice":"Shed Blood","floor":30.0,"gold_loss":0.0,"damage_taken":23.0},{"damage_healed":0.0,"max_hp_gain":0.0,"max_hp_loss":0.0,"gold_gain":0.0,"event_name":"SensoryStone","player_choice":"Memory 1","floor":37.0,"gold_loss":0.0,"damage_taken":0.0},{"damage_healed":0.0,"max_hp_gain":0.0,"max_hp_loss":0.0,"gold_gain":0.0,"event_name":"Lab","player_choice":"Got Potions","floor":38.0,"gold_loss":0.0,"damage_taken":0.0},{"damage_healed":86.0,"max_hp_gain":0.0,"max_hp_loss":0.0,"gold_gain":0.0,"event_name":"MindBloom","player_choice":"Heal","floor":44.0,"gold_loss":0.0,"damage_taken":0.0,"cards_obtained":["Doubt"]}],"is_beta":false,"boss_relics":[{"not_picked":["Calling Bell","Cursed Key","Empty Cage"]},{"not_picked":["Runic Dome","Busted Crown","Philosopher\u0027s Stone"]}],"items_purged_floors":[12,21],"is_endless":false,"potions_floor_spawned":[1,5,11,14,18,33,41,48],"ascension_level":0}