{"gold_per_floor":[118,128,141,14,27,62,62,92,145,175,186,204,204,218,218,313,313,238,248,248,173,173,173,189,206,281,310,362,362],"floor_reached":29,"playtime":1869,"items_purged":[],"score":305,"play_id":"b508926c-3894-4a4a-8f41-664b5af11c60","local_time":"20180809192704","is_ascension_mode":true,"campfire_choices":[{"floor":7.0,"key":"REST"},{"data":"Machine Learning","floor":15.0,"key":"SMITH"},{"floor":23.0,"key":"REST"}],"neow_cost":"CURSE","seed_source_timestamp":1616008112608957,"circlet_count":0,"master_deck":["Strike_B","Strike_B","Defend_B","Defend_B","Defend_B","Zap","Dualcast","Parasite","Loop","Cold Snap","Storm","Gash","Beam Cell","Storm","Flash of Steel","Leap","Tempest","Machine Learning+1","Self Repair","Conserve Battery","Buffer","Jack Of All Trades","Swift Strike","Lockon+1","Self Repair","Conserve Battery+1"],"special_seed":0,"relics":["Cracked Core","Singing Bowl","Bottled Flame","Oddly Smooth Stone","Centennial Puzzle","Busted Crown","Darkstone Periapt","Happy Flower","Bag of Preparation"],"potions_floor_usage":[27],"damage_taken":[{"damage":0.0,"enemies":"Cultist","floor":1.0,"turns":3.0},{"damage":9.0,"enemies":"Small Slimes","floor":2.0,"turns":3.0},{"damage":0.0,"enemies":"2 Louse","floor":3.0,"turns":2.0},{"damage":20.0,"enemies":"Exordium Wildlife","floor":5.0,"turns":3.0},{"damage":23.0,"enemies":"Lagavulin","floor":6.0,"turns":7.0},{"damage":24.0,"enemies":"Gremlin Nob","floor":8.0,"turns":4.0},{"damage":12.0,"enemies":"3 Sentries","floor":10.0,"turns":6.0},{"damage":5.0,"enemies":"Exordium Thugs","floor":11.0,"turns":6.0},{"damage":0.0,"enemies":"3 Louse","floor":12.0,"turns":4.0},{"damage":5.0,"enemies":"Looter","floor":14.0,"turns":3.0},{"damage":11.0,"enemies":"The Guardian","floor":16.0,"turns":13.0},{"damage":22.0,"enemies":"2 Thieves","floor":18.0,"turns":5.0},{"damage":16.0,"enemies":"Spheric Guardian","floor":19.0,"turns":5.0},{"damage":9.0,"enemies":"Centurion and Healer","floor":24.0,"turns":8.0},{"damage":14.0,"enemies":"Snecko","floor":25.0,"turns":5.0},{"damage":31,"enemies":"Book of Stabbing","floor":27,"turns":5},{"damage":20,"enemies":"Gremlin Leader","floor":29,"turns":2}],"seed_played":"-2536443771620399822","potions_obtained":[{"floor":2.0,"key":"Poison Potion"},{"floor":3.0,"key":"SpeedPotion"},{"floor":6.0,"key":"Strength Potion"},{"floor":16.0,"key":"Strength Potion"},{"floor":24.0,"key":"FocusPotion"},{"floor":27,"key":"FocusPotion"}],"is_trial":false,"path_per_floor":["M","M","M","$","M","E","R","E","T","E","M","M","?","M","R","B",null,"M","M","?","?","?","R","M","M","T","E","T"],"character_chosen":"DEFECT","items_purchased":["Storm","Flash of Steel"],"campfire_rested":2,"item_purchase_floors":[4,4],"current_hp_per_floor":[75,66,66,66,46,23,45,21,21,11,6,15,15,17,17,13,79,66,59,35,35,19,45,43,36,36,19,19,0],"gold":362,"neow_bonus":"TRANSFORM_TWO_CARDS","is_prod":false,"is_daily":false,"chose_seed":false,"campfire_upgraded":1,"win_rate":0,"timestamp":1533857224,"path_taken":["M","M","M","$","?","E","R","E","T","E","M","M","?","M","R","BOSS","M","M","?","?","?","R","?","M","T","E","?","E"],"build_version":"2018-08-02","purchased_purges":0,"victory":false,"max_hp_per_floor":[75,75,75,75,75,75,75,75,75,77,77,79,79,79,79,79,79,81,83,83,83,88,88,88,88,88,88,88,88],"card_choices":[{"not_picked":["Tempest","Compile Driver"],"picked":"Storm","floor":1.0},{"not_picked":["Coolheaded","Rip and Tear"],"picked":"Gash","floor":2.0},{"not_picked":["Stack","Steam Power"],"picked":"Beam Cell","floor":3.0},{"not_picked":["Streamline","Hologram"],"picked":"Leap","floor":5.0},{"not_picked":["Barrage","BootSequence"],"picked":"Tempest","floor":6.0},{"not_picked":["Coolheaded","Beam Cell"],"picked":"Machine Learning","floor":8.0},{"not_picked":["Force Field","Coolheaded","Compile Driver"],"picked":"Singing Bowl","floor":10.0},{"not_picked":["Hologram","Leap"],"picked":"Self Repair","floor":11.0},{"not_picked":["Compile Driver","Recycle","Barrage"],"picked":"Singing Bowl","floor":12.0},{"not_picked":["Stack","Lockon"],"picked":"Conserve Battery","floor":14.0},{"not_picked":["Multi-Cast","All For One"],"picked":"Buffer","floor":16.0},{"not_picked":["Recycle"],"picked":"Singing Bowl","floor":18.0},{"not_picked":["Double Energy"],"picked":"Singing Bowl","floor":19.0},{"not_picked":[],"picked":"Lockon+1","floor":24.0},{"not_picked":[],"picked":"Self Repair","floor":25.0},{"not_picked":[],"picked":"Conserve Battery+1","floor":27}],"player_experience":178201,"relics_obtained":[{"floor":6.0,"key":"Singing Bowl"},{"floor":8.0,"key":"Bottled Flame"},{"floor":9.0,"key":"Oddly Smooth Stone"},{"floor":10.0,"key":"Centennial Puzzle"},{"floor":26.0,"key":"Darkstone Periapt"},{"floor":27,"key":"Happy Flower"},{"floor":28,"key":"Bag of Preparation"}],"event_choices":[{"event_name":"Golden Idol","player_choice":"Ignored","floor":13.0,"damage_taken":0.0},{"event_name":"Knowing Skull","player_choice":"CARD CARD ","floor":20.0,"damage_taken":0.0},{"event_name":"Beggar","player_choice":"Gave Gold","floor":21.0,"damage_taken":0.0},{"event_name":"Forgotten Altar","player_choice":"Shed Blood","floor":22.0,"damage_taken":0.0}],"is_beta":false,"boss_relics":[{"not_picked":["Tiny House","Coffee Dripper"],"picked":"Busted Crown"}],"items_purged_floors":[],"is_endless":false,"potions_floor_spawned":[2,3,6,8,16,24,27],"killed_by":"Gremlin Leader","ascension_level":3}