{"gold_per_floor":[110,180,190,200,218,244,23,23,23,23,33,67,79,44,44,143,143,154,154,166,166,179,3,22,34,58,90,90,123,123,134,134,232,232,244,254,268,21,21],"floor_reached":39,"playtime":2506,"items_purged":[],"score":559,"play_id":"bf164745-2a82-434b-b237-5929e197a9ce","local_time":"20180821171908","is_ascension_mode":true,"campfire_choices":[{"floor":8,"key":"REST"},{"data":"Forethought","floor":15,"key":"SMITH"},{"floor":28,"key":"REST"},{"floor":30,"key":"REST"},{"floor":32,"key":"REST"}],"neow_cost":"","seed_source_timestamp":208255749452712,"circlet_count":0,"master_deck":["Defend_B","Defend_B","Defend_B","Defend_B","Zap","Dualcast","Rebound","Sweeping Beam","Auto Shields","Sweeping Beam","BootSequence","Go for the Eyes+1","Defragment","Barrage+1","Force Field","Coolheaded","Forethought+1","Cold Snap+1","Streamline+1","Sunder+1","Creative AI","Storm","Bite+1","Bite+1","Bite+1","Bite+1","Bite+1","Turbo+1","Stack","Discovery","Static Discharge","Stack","Barrage+1","Ball Lightning+1","Buffer","Tempest","Thunder Strike+1","Redo+1","Cold Snap+1","Turbo+1","Sunder+1","Stack"],"relics":["Cracked Core","Smiling Mask","Molten Egg 2","Gremlin Horn","Bronze Scales","Runic Dome","Anchor","Oddly Smooth Stone","Matryoshka","Busted Crown","DollysMirror"],"potions_floor_usage":[6,12,12,16,22,27,31,33,36],"damage_taken":[{"damage":1,"enemies":"Cultist","floor":1,"turns":3},{"damage":0,"enemies":"2 Louse","floor":3,"turns":2},{"damage":0,"enemies":"Small Slimes","floor":4,"turns":2},{"damage":17,"enemies":"Exordium Wildlife","floor":5,"turns":6},{"damage":16,"enemies":"Gremlin Nob","floor":6,"turns":5},{"damage":0,"enemies":"Large Slime","floor":11,"turns":6},{"damage":11,"enemies":"Lagavulin","floor":12,"turns":5},{"damage":0,"enemies":"Looter","floor":13,"turns":2},{"damage":0,"enemies":"Slime Boss","floor":16,"turns":8},{"damage":8,"enemies":"Shell Parasite","floor":18,"turns":4},{"damage":0,"enemies":"Chosen","floor":20,"turns":3},{"damage":20,"enemies":"Centurion and Healer","floor":22,"turns":6},{"damage":16,"enemies":"Snake Plant","floor":24,"turns":4},{"damage":27,"enemies":"Cultist and Chosen","floor":25,"turns":8},{"damage":32,"enemies":"Book of Stabbing","floor":27,"turns":4},{"damage":12,"enemies":"Slavers","floor":29,"turns":5},{"damage":0,"enemies":"3 Cultists","floor":31,"turns":2},{"damage":51,"enemies":"Collector","floor":33,"turns":12},{"damage":37,"enemies":"Flame Bruiser 1 Orb","floor":35,"turns":4},{"damage":5,"enemies":"3 Darklings","floor":36,"turns":4},{"damage":24,"enemies":"Maw","floor":37,"turns":8},{"damage":26,"enemies":"Spire Growth","floor":39,"turns":3}],"seed_played":"3891557860880745396","potions_obtained":[{"floor":4,"key":"FocusPotion"},{"floor":5,"key":"Block Potion"},{"floor":11,"key":"Weak Potion"},{"floor":13,"key":"SteroidPotion"},{"floor":18,"key":"FocusPotion"},{"floor":25,"key":"AttackPotion"},{"floor":29,"key":"AttackPotion"},{"floor":31,"key":"Block Potion"},{"floor":35,"key":"EssenceOfSteel"}],"is_trial":false,"path_per_floor":["M","T","M","M","M","E","$","R","T","?","M","E","M","?","R","B",null,"M","?","M","?","M","$","M","M","T","E","R","E","R","M","R","B",null,"M","M","M","$"],"character_chosen":"DEFECT","items_purchased":["Go for the Eyes+1","Defragment","Barrage+1","Force Field","Discovery","Static Discharge","DollysMirror","Stack"],"campfire_rested":4,"item_purchase_floors":[7,7,7,7,23,23,38,38],"current_hp_per_floor":[74,74,74,74,57,41,41,63,63,63,63,52,52,70,70,70,75,67,52,52,52,44,44,34,32,32,6,21,18,33,33,48,16,52,21,22,13,13,0],"gold":21,"neow_bonus":"","is_prod":false,"is_daily":false,"chose_seed":false,"campfire_upgraded":1,"win_rate":0,"timestamp":1534864748,"path_taken":["M","?","M","?","M","E","$","R","T","?","M","E","M","?","R","BOSS","M","?","?","?","M","?","M","M","T","E","R","E","R","?","R","BOSS","M","M","M","$","M"],"build_version":"2018-08-16","purchased_purges":0,"victory":false,"max_hp_per_floor":[75,75,75,75,75,75,75,75,75,75,75,75,75,75,75,75,75,75,52,52,52,52,52,52,52,52,52,52,52,52,52,52,52,52,52,52,52,52,52],"card_choices":[{"not_picked":["Blizzard","Redo"],"picked":"Rebound","floor":1},{"not_picked":["Undo","Compile Driver"],"picked":"Sweeping Beam","floor":3},{"not_picked":["Leap","Hologram"],"picked":"Auto Shields","floor":4},{"not_picked":["Doom and Gloom","Recycle"],"picked":"Sweeping Beam","floor":5},{"not_picked":["Creative AI","Reinforced Body"],"picked":"BootSequence","floor":6},{"not_picked":["Go for the Eyes+1","Glacier"],"picked":"Cold Snap+1","floor":11},{"not_picked":["Beam Cell+1","Tempest"],"picked":"Streamline+1","floor":12},{"not_picked":["Beam Cell+1","Leap"],"picked":"Sunder+1","floor":13},{"not_picked":["Meteor Strike+1","Multi-Cast"],"picked":"Creative AI","floor":16},{"not_picked":["Heatsinks","Beam Cell+1"],"picked":"Storm","floor":18},{"not_picked":["Hello World","Leap"],"picked":"Turbo+1","floor":20},{"not_picked":["Sweeping Beam+1","Ball Lightning+1"],"picked":"Stack","floor":22},{"not_picked":["Reprogram","Chill+1"],"picked":"Stack","floor":24},{"not_picked":["Gash+1","Coolheaded"],"picked":"Barrage+1","floor":25},{"not_picked":["Compile Driver+1","Darkness"],"picked":"Ball Lightning+1","floor":27},{"not_picked":["Machine Learning","Consume"],"picked":"Buffer","floor":29},{"not_picked":["Compile Driver+1","Streamline+1"],"picked":"Tempest","floor":31},{"not_picked":["Hyperbeam+1","Amplify"],"picked":"Thunder Strike+1","floor":33},{"not_picked":[],"picked":"Redo+1","floor":35},{"not_picked":[],"picked":"Cold Snap+1","floor":36},{"not_picked":[],"picked":"Turbo+1","floor":37}],"player_experience":198406,"relics_obtained":[{"floor":2,"key":"Smiling Mask"},{"floor":6,"key":"Molten Egg 2"},{"floor":9,"key":"Gremlin Horn"},{"floor":12,"key":"Bronze Scales"},{"floor":26,"key":"Anchor"},{"floor":27,"key":"Oddly Smooth Stone"},{"floor":29,"key":"Matryoshka"}],"event_choices":[{"event_name":"Match and Keep!","player_choice":"2 cards matched","floor":10,"damage_taken":0},{"event_name":"The Cleric","player_choice":"Healed","floor":14,"damage_taken":0},{"event_name":"Vampires","player_choice":"Became a vampire","floor":19,"damage_taken":0},{"event_name":"Beggar","player_choice":"Ignored","floor":21,"damage_taken":0}],"is_beta":false,"boss_relics":[{"not_picked":["Ectoplasm","Empty Cage"],"picked":"Runic Dome"},{"not_picked":["Orrery","Calling Bell"],"picked":"Busted Crown"}],"items_purged_floors":[],"is_endless":false,"potions_floor_spawned":[4,5,11,13,18,25,29,31,35],"killed_by":"Spire Growth","ascension_level":1}