{"gold_per_floor":[112,126,143,143,143,143,177,177,177,188,208,243,243,256,256,355,355,375,395,413,426,50,80,90,118,118,131,131],"floor_reached":28,"playtime":1703,"items_purged":[],"score":329,"play_id":"59de3e5b-8642-49e3-8b78-1151a654c3c0","local_time":"20190228125847","is_ascension_mode":true,"campfire_choices":[{"data":"Survivor","floor":6,"key":"SMITH"},{"data":"Corpse Explosion","floor":8,"key":"SMITH"},{"floor":15,"key":"REST"}],"neow_cost":"PERCENT_DAMAGE","seed_source_timestamp":156366839649272,"circlet_count":0,"master_deck":["Defend_G","Defend_G","Defend_G","Defend_G","Strike_G","Strike_G","Strike_G","Strike_G","Survivor+1","Neutralize","Bouncing Flask","Underhanded Strike","Crippling Poison+1","Well Laid Plans","Corpse Explosion+1","Cloak And Dagger","Backflip","Sucker Punch","Envenom","Deadly Poison+1","Quick Slash+1","Die Die Die","Infinite Blades","Blade Dance","Caltrops+1","Catalyst"],"relics":["Ring of the Snake","CultistMask","Sundial","Oddly Smooth Stone","Letter Opener","Coffee Dripper","Ornamental Fan","The Courier","Orichalcum","Matryoshka"],"potions_floor_usage":[27,28],"damage_taken":[{"damage":0,"enemies":"Cultist","floor":1,"turns":3},{"damage":0,"enemies":"Jaw Worm","floor":2,"turns":3},{"damage":4,"enemies":"Small Slimes","floor":3,"turns":3},{"damage":15,"enemies":"3 Sentries","floor":7,"turns":8},{"damage":1,"enemies":"Gremlin Gang","floor":10,"turns":2},{"damage":13,"enemies":"Exordium Thugs","floor":11,"turns":4},{"damage":1,"enemies":"Lagavulin","floor":12,"turns":7},{"damage":0,"enemies":"2 Fungi Beasts","floor":14,"turns":2},{"damage":17,"enemies":"The Guardian","floor":16,"turns":8},{"damage":0,"enemies":"Spheric Guardian","floor":18,"turns":2},{"damage":0,"enemies":"3 Byrds","floor":19,"turns":3},{"damage":13,"enemies":"Snecko","floor":20,"turns":4},{"damage":6,"enemies":"Snake Plant","floor":21,"turns":4},{"damage":13,"enemies":"Slavers","floor":23,"turns":2},{"damage":14,"enemies":"Centurion and Healer","floor":24,"turns":4},{"damage":13,"enemies":"Gremlin Leader","floor":25,"turns":6},{"damage":7,"enemies":"Shelled Parasite and Fungi","floor":27,"turns":3},{"damage":11,"enemies":"Slavers","floor":28,"turns":2}],"seed_played":"6231580281417980214","potions_obtained":[{"floor":3,"key":"GamblersBrew"},{"floor":11,"key":"Fire Potion"},{"floor":12,"key":"GhostInAJar"},{"floor":14,"key":"Poison Potion"},{"floor":16,"key":"FairyPotion"}],"is_trial":false,"path_per_floor":["M","M","M","?","?","R","E","R","T","M","M","E","$","M","R","B",null,"M","M","M","M","$","E","M","E","T","M","E"],"character_chosen":"THE_SILENT","items_purchased":["Infinite Blades","Blade Dance","Ornamental Fan"],"campfire_rested":1,"item_purchase_floors":[22,22,22],"current_hp_per_floor":[49,49,45,45,45,45,30,30,30,29,16,15,15,15,36,19,70,70,70,57,51,51,38,24,11,11,4,0],"gold":131,"neow_bonus":"TRANSFORM_TWO_CARDS","is_prod":false,"is_daily":false,"chose_seed":false,"campfire_upgraded":2,"win_rate":0,"timestamp":1551358727,"path_taken":["M","M","M","?","?","R","E","R","T","M","M","E","$","M","R","BOSS","M","?","M","M","$","E","M","E","T","M","E"],"build_version":"2019-01-23","purchased_purges":0,"victory":false,"max_hp_per_floor":[70,70,70,70,70,70,70,70,70,70,70,70,70,70,70,70,70,70,70,70,70,70,70,70,70,70,70,70],"card_choices":[{"not_picked":["Quick Slash","Reflex","Infinite Blades"],"picked":"SKIP","floor":1},{"not_picked":["Slice","Bane"],"picked":"Crippling Poison","floor":2},{"not_picked":["Blur","Cloak And Dagger"],"picked":"Well Laid Plans","floor":3},{"not_picked":["Distraction","Acrobatics"],"picked":"Corpse Explosion","floor":7},{"not_picked":["Heel Hook","Skewer","Deflect"],"picked":"SKIP","floor":10},{"not_picked":["Predator","Dagger Spray"],"picked":"Cloak And Dagger","floor":11},{"not_picked":["Deadly Poison","All Out Attack"],"picked":"Backflip","floor":12},{"not_picked":["Prepared","Bane"],"picked":"Sucker Punch","floor":14},{"not_picked":["Adrenaline","Corpse Explosion"],"picked":"Envenom","floor":16},{"not_picked":["Bane","PiercingWail"],"picked":"Deadly Poison+1","floor":18},{"not_picked":["Sucker Punch+1","Underhanded Strike"],"picked":"Quick Slash+1","floor":19},{"not_picked":["Slice","Reflex","Dagger Spray"],"picked":"SKIP","floor":20},{"not_picked":["PiercingWail","Skewer"],"picked":"Die Die Die","floor":21},{"not_picked":["PiercingWail","Slice+1","Sucker Punch+1"],"picked":"SKIP","floor":23},{"not_picked":["Choke","Dagger Spray+1"],"picked":"Caltrops+1","floor":24},{"not_picked":["Acrobatics","Calculated Gamble+1"],"picked":"Catalyst","floor":25},{"not_picked":["Quick Slash","Slice","Riddle With Holes"],"picked":"SKIP","floor":27}],"player_experience":300355,"relics_obtained":[{"floor":7,"key":"Sundial"},{"floor":9,"key":"Oddly Smooth Stone"},{"floor":12,"key":"Letter Opener"},{"floor":23,"key":"The Courier"},{"floor":25,"key":"Orichalcum"},{"floor":26,"key":"Matryoshka"}],"event_choices":[{"damage_healed":0,"gold_gain":0,"player_choice":"Grow","damage_taken":0,"max_hp_gain":0,"max_hp_loss":0,"event_name":"Living Wall","floor":4,"gold_loss":0,"cards_upgraded":["Crippling Poison"]},{"damage_healed":0,"gold_gain":0,"player_choice":"Trade","damage_taken":0,"relics_obtained":["CultistMask"],"max_hp_gain":0,"max_hp_loss":0,"event_name":"FaceTrader","floor":5,"gold_loss":0}],"is_beta":false,"boss_relics":[{"not_picked":["Busted Crown","Runic Dome"],"picked":"Coffee Dripper"}],"items_purged_floors":[],"is_endless":false,"potions_floor_spawned":[3,11,12,14,16,18,21,23,25],"killed_by":"Slavers","ascension_level":2}