{"gold_per_floor":[117,134,151,151,151,184,184,72,72,72,84,100,100,117,117,188,188,198,46,46],"floor_reached":20,"playtime":1332,"items_purged":[],"score":296,"play_id":"393f5304-b7a2-4d34-808e-11195ca7630d","local_time":"20190102114038","is_ascension_mode":true,"campfire_choices":[{"floor":7.0,"key":"REST"},{"data":"Infinite Blades","floor":10.0,"key":"SMITH"},{"floor":13,"key":"REST"},{"data":"Finisher","floor":15,"key":"SMITH"}],"neow_cost":"TEN_PERCENT_HP_LOSS","seed_source_timestamp":52626004376002,"circlet_count":0,"master_deck":["AscendersBane","Defend_G","Defend_G","Defend_G","Defend_G","Defend_G","Strike_G","Strike_G","Strike_G","Strike_G","Survivor","Neutralize","Finisher+1","Calculated Gamble","Quick Slash","Concentrate","Infinite Blades+1","Distraction","Noxious Fumes","Blade Dance","Envenom","Outmaneuver+1"],"special_seed":0,"relics":["Ring of the Snake","Dead Branch","FossilizedHelix","Ginger","The Courier","Snecko Eye","Chemical X"],"potions_floor_usage":[20],"damage_taken":[{"damage":5.0,"enemies":"Cultist","floor":1.0,"turns":5.0},{"damage":2.0,"enemies":"Jaw Worm","floor":2.0,"turns":5.0},{"damage":2.0,"enemies":"Small Slimes","floor":3.0,"turns":5.0},{"damage":36.0,"enemies":"Lagavulin","floor":6.0,"turns":11.0},{"damage":0.0,"enemies":"2 Fungi Beasts","floor":11.0,"turns":3.0},{"damage":9,"enemies":"Exordium Thugs","floor":12,"turns":4},{"damage":0,"enemies":"Looter","floor":14,"turns":2},{"damage":18,"enemies":"Slime Boss","floor":16,"turns":8},{"damage":0,"enemies":"Chosen","floor":18,"turns":5},{"damage":0,"enemies":"Colosseum Slavers","floor":20,"turns":5},{"damage":52,"enemies":"Colosseum Nobs","floor":20,"turns":4}],"seed_played":"1547995470779888261","potions_obtained":[{"floor":2.0,"key":"PowerPotion"},{"floor":3.0,"key":"Ancient Potion"},{"floor":12,"key":"GhostInAJar"}],"is_trial":false,"path_per_floor":["M","M","M","M","?","?","E","R","$","T","R","M","M","R","M","R","B",null,"M","$","?"],"character_chosen":"THE_SILENT","items_purchased":["Infinite Blades","Distraction","Chemical X"],"campfire_rested":2,"item_purchase_floors":[8,8,19],"current_hp_per_floor":[54,52,50,47,40,4,22,22,22,22,22,13,31,31,31,13,48,48,48,0],"gold":46,"neow_bonus":"ONE_RARE_RELIC","is_prod":false,"is_daily":false,"chose_seed":false,"campfire_upgraded":2,"win_rate":0,"timestamp":1546447238,"path_taken":["M","?","M","?","?","E","R","$","T","R","M","M","R","M","R","BOSS","M","$","?"],"build_version":"2018-12-20","purchased_purges":0,"victory":false,"max_hp_per_floor":[60,60,60,60,60,60,60,60,60,60,60,60,60,60,60,60,60,60,60,60],"card_choices":[{"not_picked":["Outmaneuver","Infinite Blades"],"picked":"Finisher","floor":1.0},{"not_picked":["Sucker Punch","Underhanded Strike"],"picked":"Calculated Gamble","floor":2.0},{"not_picked":["Underhanded Strike","Slice"],"picked":"Quick Slash","floor":3.0},{"not_picked":["Sucker Punch","Crippling Poison"],"picked":"Concentrate","floor":6.0},{"not_picked":["Slice","Bouncing Flask","Dagger Throw"],"picked":"SKIP","floor":11.0},{"not_picked":["Concentrate","Venomology"],"picked":"Noxious Fumes","floor":12},{"not_picked":["Distraction","Slice"],"picked":"Blade Dance","floor":14},{"not_picked":["Grand Finale","Die Die Die"],"picked":"Envenom","floor":16},{"not_picked":["Caltrops","Riddle With Holes"],"picked":"Outmaneuver+1","floor":18}],"player_experience":483427,"relics_obtained":[{"floor":6.0,"key":"Ginger"},{"floor":9.0,"key":"The Courier"}],"event_choices":[{"damage_healed":0.0,"max_hp_gain":0.0,"max_hp_loss":0.0,"gold_gain":0.0,"event_name":"Scrap Ooze","player_choice":"Success","floor":4.0,"gold_loss":0.0,"damage_taken":3.0,"relics_obtained":["FossilizedHelix"]},{"cards_removed":["Strike_G"],"damage_healed":0.0,"max_hp_gain":0.0,"max_hp_loss":0.0,"gold_gain":0.0,"event_name":"Golden Wing","player_choice":"Card Removal","floor":5.0,"gold_loss":0.0,"damage_taken":7.0},{"damage_healed":0,"gold_gain":0,"player_choice":"Fight","damage_taken":0,"max_hp_gain":0,"max_hp_loss":0,"event_name":"Colosseum","floor":20,"gold_loss":0},{"damage_healed":0,"gold_gain":0,"player_choice":"Fought Nobs","damage_taken":0,"max_hp_gain":0,"max_hp_loss":0,"event_name":"Colosseum","floor":20,"gold_loss":0}],"is_beta":false,"boss_relics":[{"not_picked":["White Beast Statue","Busted Crown"],"picked":"Snecko Eye"}],"items_purged_floors":[],"is_endless":false,"potions_floor_spawned":[2,3,12,16],"killed_by":"Colosseum Nobs","ascension_level":14}