{"gold_per_floor":[117,127,141,157,168,195,195,195,241,262,280,300,316,329,329,426,426,439,34,0],"floor_reached":20,"playtime":1163,"items_purged":["Regret"],"score":225,"play_id":"fadefd66-d8ea-4350-a8c1-705f763b0ec7","local_time":"20190422201755","is_ascension_mode":true,"campfire_choices":[{"data":"Noxious Fumes","floor":7,"key":"SMITH"},{"floor":15,"key":"REST"}],"neow_cost":"NONE","seed_source_timestamp":468777907293471,"circlet_count":0,"master_deck":["Defend_G","Defend_G","Defend_G","Defend_G","Defend_G","Strike_G","Strike_G","Strike_G","Strike_G","Survivor","Neutralize","Glass Knife","Crippling Poison","Catalyst","Well Laid Plans","Noxious Fumes+1","Acrobatics","Predator","Poisoned Stab","Die Die Die","Shame","Normality","Backflip"],"relics":["Ring of the Snake","Regal Pillow","Juzu Bracelet","Odd Mushroom","Calling Bell","The Specimen","Smiling Mask","Singing Bowl","TwistedFunnel","Snake Skull"],"potions_floor_usage":[6,10,12,16,20],"damage_taken":[{"damage":0,"enemies":"2 Louse","floor":1,"turns":2},{"damage":6,"enemies":"Small Slimes","floor":2,"turns":2},{"damage":0,"enemies":"Jaw Worm","floor":3,"turns":4},{"damage":20,"enemies":"Exordium Thugs","floor":4,"turns":5},{"damage":6,"enemies":"Blue Slaver","floor":5,"turns":4},{"damage":18,"enemies":"3 Sentries","floor":6,"turns":8},{"damage":9,"enemies":"The Mushroom Lair","floor":10,"turns":3},{"damage":1,"enemies":"Red Slaver","floor":11,"turns":4},{"damage":0,"enemies":"Lots of Slimes","floor":12,"turns":2},{"damage":1,"enemies":"3 Louse","floor":13,"turns":4},{"damage":1,"enemies":"Looter","floor":14,"turns":3},{"damage":32,"enemies":"Slime Boss","floor":16,"turns":8},{"damage":36,"enemies":"Spheric Guardian","floor":18,"turns":5},{"damage":20,"enemies":"2 Thieves","floor":20,"turns":2}],"seed_played":"4734454483826199624","potions_obtained":[{"floor":1,"key":"EssenceOfSteel"},{"floor":4,"key":"Energy Potion"},{"floor":10,"key":"Explosive Potion"},{"floor":13,"key":"LiquidBronze"},{"floor":16,"key":"GamblersBrew"}],"is_trial":false,"path_per_floor":["M","M","M","M","M","E","R","?","T","?","M","M","M","M","R","B",null,"M","$","M"],"character_chosen":"THE_SILENT","items_purchased":["TwistedFunnel","Snake Skull"],"campfire_rested":1,"item_purchase_floors":[19,19],"current_hp_per_floor":[70,64,64,44,38,20,20,13,13,4,3,3,2,1,37,5,54,18,18,0],"gold":0,"neow_bonus":"ONE_RANDOM_RARE_CARD","is_prod":false,"is_daily":false,"chose_seed":false,"campfire_upgraded":1,"win_rate":0,"timestamp":1555960675,"path_taken":["M","M","M","M","M","E","R","?","T","?","M","M","M","M","R","BOSS","M","$","M"],"build_version":"2019-01-23","purchased_purges":1,"victory":false,"max_hp_per_floor":[70,70,70,70,70,70,70,70,70,70,70,70,70,70,70,70,70,70,70,70],"card_choices":[{"not_picked":["Deflect","Deadly Poison"],"picked":"Crippling Poison","floor":1},{"not_picked":["Prepared","Deadly Poison"],"picked":"Catalyst","floor":2},{"not_picked":["Flying Knee","Eviscerate"],"picked":"Well Laid Plans","floor":3},{"not_picked":["Cloak And Dagger","Acrobatics","Choke"],"picked":"SKIP","floor":4},{"not_picked":["Deadly Poison","Outmaneuver"],"picked":"Noxious Fumes","floor":5},{"not_picked":["Slice","Outmaneuver","Flying Knee"],"picked":"SKIP","floor":6},{"not_picked":["Slice","Night Terror"],"picked":"Acrobatics","floor":10},{"not_picked":["Endless Agony","Dagger Spray","Acrobatics"],"picked":"SKIP","floor":11},{"not_picked":["Deflect","Cloak And Dagger"],"picked":"Predator","floor":12},{"not_picked":["Underhanded Strike","Calculated Gamble"],"picked":"Poisoned Stab","floor":13},{"not_picked":["Infinite Blades","Expertise","Slice"],"picked":"SKIP","floor":14},{"not_picked":["Phantasmal Killer","Storm of Steel"],"picked":"Die Die Die","floor":16},{"not_picked":["Dagger Spray","Slice"],"picked":"Backflip","floor":18}],"player_experience":515348,"relics_obtained":[{"floor":6,"key":"Regal Pillow"},{"floor":9,"key":"Juzu Bracelet"},{"floor":10,"key":"Odd Mushroom"},{"floor":17,"key":"The Specimen"},{"floor":17,"key":"Smiling Mask"},{"floor":17,"key":"Singing Bowl"}],"event_choices":[{"cards_removed":["Strike_G"],"damage_healed":0,"gold_gain":0,"player_choice":"Card Removal","damage_taken":7,"max_hp_gain":0,"max_hp_loss":0,"event_name":"Golden Wing","floor":8,"gold_loss":0},{"damage_healed":0,"gold_gain":0,"player_choice":"Fought Mushrooms","damage_taken":0,"max_hp_gain":0,"max_hp_loss":0,"event_name":"Mushrooms","floor":10,"gold_loss":0}],"is_beta":false,"boss_relics":[{"not_picked":["Eternal Feather","Busted Crown"],"picked":"Calling Bell"}],"items_purged_floors":[19],"is_endless":false,"potions_floor_spawned":[1,4,10,13,16],"killed_by":"2 Thieves","ascension_level":5}