{"gold_per_floor":[115,115,46,57,75,75,94,104,104,104,104,123,142,153,153,248,248,231,4,17,37,54,54,0,0],"floor_reached":25,"playtime":1065,"items_purged":[],"score":199,"play_id":"1298cc5f-bad1-40f4-975e-b11d2a1012e5","local_time":"20180728132954","is_ascension_mode":false,"campfire_choices":[{"data":"Metallicize","floor":6,"key":"SMITH"},{"data":"Bash","floor":11,"key":"SMITH"},{"floor":15,"key":"REST"},{"floor":23,"key":"REST"}],"neow_cost":"NONE","seed_source_timestamp":3984429485255,"circlet_count":0,"master_deck":["Strike_R","Strike_R","Strike_R","Strike_R","Defend_R","Defend_R","Defend_R","Defend_R","Bash+1","Pommel Strike+1","Clothesline","Rupture","Metallicize+1","Pummel","Rage","Sentinel","Twin Strike+1","Bloodletting","Inflame","Heavy Blade","Impervious","Infernal Blade","Inflame","Warcry","Shrug It Off+1","Armaments+1"],"relics":["Burning Blood","Kunai","Black Star","Whetstone"],"potions_floor_usage":[8,16,18,21,21,22],"damage_taken":[{"damage":5,"enemies":"Small Slimes","floor":1,"turns":3},{"damage":3,"enemies":"Cultist","floor":4,"turns":3},{"damage":6,"enemies":"Jaw Worm","floor":5,"turns":4},{"damage":12,"enemies":"2 Fungi Beasts","floor":7,"turns":4},{"damage":17,"enemies":"Lots of Slimes","floor":8,"turns":6},{"damage":15,"enemies":"Looter","floor":12,"turns":3},{"damage":5,"enemies":"Large Slime","floor":13,"turns":5},{"damage":9,"enemies":"Blue Slaver","floor":14,"turns":5},{"damage":19,"enemies":"Slime Boss","floor":16,"turns":5},{"damage":17,"enemies":"2 Thieves","floor":18,"turns":4},{"damage":7,"enemies":"Chosen","floor":20,"turns":4},{"damage":15,"enemies":"Snake Plant","floor":21,"turns":4},{"damage":33,"enemies":"Chosen and Byrds","floor":22,"turns":9},{"damage":56,"enemies":"3 Cultists","floor":25,"turns":5}],"seed_played":"-325460257857056061","potions_obtained":[{"floor":1,"key":"SkillPotion"},{"floor":5,"key":"SpeedPotion"},{"floor":12,"key":"Swift Potion"},{"floor":14,"key":"SteroidPotion"},{"floor":16,"key":"EssenceOfSteel"},{"floor":18,"key":"Fire Potion"},{"floor":22,"key":"SpeedPotion"}],"is_trial":false,"path_per_floor":["M","?","$","M","M","R","M","M","T","?","R","M","M","M","R","B",null,"M","$","M","M","M","R","?"],"character_chosen":"IRONCLAD","items_purchased":["Metallicize","Inflame","Whetstone"],"campfire_rested":2,"item_purchase_floors":[3,19,19],"current_hp_per_floor":[80,80,80,80,80,80,74,63,63,63,63,54,55,52,76,63,80,69,69,68,59,32,56,56,0],"gold":0,"neow_bonus":"THREE_CARDS","is_prod":false,"is_daily":false,"chose_seed":false,"campfire_upgraded":2,"win_rate":0,"timestamp":1532777394,"path_taken":["M","?","$","M","M","R","M","M","T","?","R","M","M","M","R","BOSS","M","$","M","M","?","R","?","M"],"build_version":"2018-07-26","purchased_purges":0,"victory":false,"max_hp_per_floor":[80,80,80,80,80,80,80,80,80,80,80,80,80,80,80,80,80,80,80,80,80,80,80,80,80],"card_choices":[{"not_picked":["Clash","True Grit"],"picked":"Pommel Strike","floor":0},{"not_picked":["Burning Pact","Headbutt"],"picked":"Clothesline","floor":1},{"not_picked":["Flex","Entrench"],"picked":"Pummel","floor":4},{"not_picked":["Havoc","Shockwave"],"picked":"Rage","floor":5},{"not_picked":["Searing Blow","Disarm"],"picked":"Sentinel","floor":7},{"not_picked":["Combust","Burning Pact"],"picked":"Twin Strike","floor":8},{"not_picked":["Anger","Headbutt"],"picked":"Bloodletting","floor":12},{"not_picked":["Seeing Red","Cleave"],"picked":"Inflame","floor":13},{"not_picked":["Bloodletting","True Grit"],"picked":"Heavy Blade","floor":14},{"not_picked":["Feed","Limit Break"],"picked":"Impervious","floor":16},{"not_picked":["Second Wind","Anger"],"picked":"Infernal Blade","floor":18},{"not_picked":["Anger","Havoc"],"picked":"Warcry","floor":20},{"not_picked":["Second Wind","Perfected Strike"],"picked":"Shrug It Off+1","floor":21},{"not_picked":["Reckless Charge","Sword Boomerang+1"],"picked":"Armaments+1","floor":22}],"player_experience":129849,"relics_obtained":[{"floor":9,"key":"Kunai"}],"event_choices":[{"event_name":"Transmorgrifier","player_choice":"Transform","floor":2,"damage_taken":0},{"event_name":"Purifier","player_choice":"Skipped","floor":10,"damage_taken":0},{"event_name":"Masked Bandits","player_choice":"Paid Bandits 54 gold","floor":24,"damage_taken":0}],"is_beta":false,"boss_relics":[{"not_picked":["Snecko Eye","Cursed Key"],"picked":"Black Star"}],"items_purged_floors":[],"is_endless":false,"potions_floor_spawned":[1,5,12,14,16,18,22],"killed_by":"3 Cultists","ascension_level":0}