{"gold_per_floor":[115,127,127,127,138,163,177,177,177,206,51,51,51,67,67,144,144,144,144,5,5,19,19,19,53,53,53,69,69,89,89],"floor_reached":31,"playtime":1451,"items_purged":["Strike_G"],"score":500,"play_id":"f9a3553f-7faf-4f14-a45c-bf5c0e39455c","local_time":"20190131165951","is_ascension_mode":true,"campfire_choices":[{"floor":8.0,"key":"REST"},{"data":"After Image","floor":13.0,"key":"SMITH"},{"data":"A Thousand Cuts","floor":15.0,"key":"SMITH"},{"data":"Strike_G","floor":23,"key":"PURGE"},{"floor":29,"key":"REST"}],"neow_cost":"NONE","seed_source_timestamp":746071648381921,"circlet_count":0,"master_deck":["AscendersBane","Defend_G","Defend_G","Defend_G","Defend_G","Defend_G","Strike_G","Survivor","Neutralize","Escape Plan","Predator","Dagger Throw","Flying Knee","After Image+1","Acrobatics","Underhanded Strike","Caltrops","A Thousand Cuts+1","Malaise","Decay","Dagger Spray","Cloak And Dagger","Leg Sweep","Crippling Poison","Deflect","Infinite Blades+1"],"special_seed":0,"relics":["Ring of the Snake","NeowsBlessing","Dodecahedron","Peace Pipe","Pocketwatch","Fusion Hammer","Happy Flower","Frozen Egg 2"],"potions_floor_usage":[22],"damage_taken":[{"damage":0.0,"enemies":"Cultist","floor":1.0,"turns":1.0},{"damage":0.0,"enemies":"Small Slimes","floor":2.0,"turns":1.0},{"damage":0.0,"enemies":"2 Louse","floor":5.0,"turns":1.0},{"damage":24.0,"enemies":"Gremlin Nob","floor":6.0,"turns":4.0},{"damage":16.0,"enemies":"Exordium Thugs","floor":7.0,"turns":4.0},{"damage":22.0,"enemies":"3 Sentries","floor":10.0,"turns":10.0},{"damage":5.0,"enemies":"Looter","floor":14.0,"turns":4.0},{"damage":23.0,"enemies":"Slime Boss","floor":16.0,"turns":8.0},{"damage":0.0,"enemies":"Shell Parasite","floor":18.0,"turns":1.0},{"damage":2,"enemies":"3 Byrds","floor":22,"turns":2},{"damage":26,"enemies":"Book of Stabbing","floor":25,"turns":6},{"damage":21,"enemies":"Snake Plant","floor":28,"turns":5},{"damage":7,"enemies":"3 Cultists","floor":30,"turns":5},{"damage":15,"enemies":"Shelled Parasite and Fungi","floor":31,"turns":2}],"seed_played":"-5087385156155184544","potions_obtained":[{"floor":1.0,"key":"Ancient Potion"},{"floor":5.0,"key":"AttackPotion"},{"floor":10.0,"key":"Strength Potion"},{"floor":14.0,"key":"GhostInAJar"},{"floor":16.0,"key":"SmokeBomb"}],"is_trial":false,"path_per_floor":["M","M","$","?","M","E","M","R","T","E","$","?","R","M","R","B",null,"M","?","$","?","M","R","$","E","T","?","M","R","M","M"],"character_chosen":"THE_SILENT","items_purchased":["Caltrops","LiquidBronze","Dagger Spray"],"campfire_rested":2,"item_purchase_floors":[11,20,20],"current_hp_per_floor":[59,59,59,59,59,35,19,38,38,16,16,38,38,33,33,10,52,52,52,52,52,50,50,50,24,24,24,3,22,15,0],"gold":89,"neow_bonus":"THREE_ENEMY_KILL","is_prod":false,"is_daily":false,"chose_seed":false,"campfire_upgraded":2,"win_rate":0,"timestamp":1548971991,"path_taken":["M","?","$","?","M","E","?","R","T","E","?","?","R","M","R","BOSS","M","?","$","?","M","R","$","E","T","?","M","R","?","M"],"build_version":"2019-01-23","purchased_purges":1,"victory":false,"max_hp_per_floor":[66,66,66,66,66,66,66,66,66,66,66,66,66,66,66,66,66,66,66,66,66,66,66,66,66,66,66,66,66,66,66],"card_choices":[{"not_picked":["PiercingWail","Poisoned Stab"],"picked":"Escape Plan","floor":1.0},{"not_picked":["Well Laid Plans","Tactician"],"picked":"Predator","floor":2.0},{"not_picked":["Blade Dance","Acrobatics"],"picked":"Flying Knee","floor":5.0},{"not_picked":["Calculated Gamble","Distraction"],"picked":"After Image","floor":6.0},{"not_picked":["Endless Agony","Well Laid Plans"],"picked":"Acrobatics","floor":7.0},{"not_picked":["Skewer","Acrobatics"],"picked":"Underhanded Strike","floor":10.0},{"not_picked":["Dagger Spray","Infinite Blades"],"picked":"A Thousand Cuts","floor":14.0},{"not_picked":["Envenom","Die Die Die"],"picked":"Malaise","floor":16.0},{"not_picked":["Dash","Dagger Throw"],"picked":"Cloak And Dagger","floor":22},{"not_picked":["Flying Knee","Sucker Punch"],"picked":"Leg Sweep","floor":25},{"not_picked":["Cloak And Dagger","Deadly Poison"],"picked":"Deflect","floor":28},{"not_picked":["Flying Knee","Backstab"],"picked":"Infinite Blades+1","floor":30}],"player_experience":611892,"relics_obtained":[{"floor":6.0,"key":"Dodecahedron"},{"floor":9.0,"key":"Peace Pipe"},{"floor":10.0,"key":"Pocketwatch"},{"floor":25,"key":"Happy Flower"},{"floor":26,"key":"Frozen Egg 2"}],"event_choices":[{"damage_healed":0.0,"max_hp_gain":0.0,"max_hp_loss":0.0,"gold_gain":0.0,"cards_transformed":["Strike_G"],"event_name":"Transmorgrifier","player_choice":"Transformed","floor":4.0,"gold_loss":0.0,"damage_taken":0.0,"cards_obtained":["Dagger Throw"]},{"damage_healed":22.0,"max_hp_gain":0.0,"max_hp_loss":0.0,"gold_gain":0.0,"event_name":"Big Fish","player_choice":"Banana","floor":12.0,"gold_loss":0.0,"damage_taken":0.0},{"damage_healed":0.0,"max_hp_gain":0.0,"max_hp_loss":0.0,"gold_gain":0.0,"event_name":"Wheel of Change","player_choice":"Cursed","floor":19.0,"gold_loss":0.0,"damage_taken":0.0,"cards_obtained":["Decay"]},{"damage_healed":0,"gold_gain":0,"player_choice":"Ignored","damage_taken":0,"max_hp_gain":0,"max_hp_loss":0,"event_name":"Vampires","floor":21,"gold_loss":0},{"damage_healed":0,"gold_gain":0,"cards_transformed":["Strike_G"],"player_choice":"Transformed","damage_taken":0,"max_hp_gain":0,"max_hp_loss":0,"event_name":"Transmorgrifier","floor":27,"gold_loss":0,"cards_obtained":["Crippling Poison"]}],"is_beta":false,"boss_relics":[{"not_picked":["Sozu","Runic Pyramid"],"picked":"Fusion Hammer"}],"items_purged_floors":[11],"is_endless":false,"potions_floor_spawned":[1,5,10,14,16,18],"killed_by":"Shelled Parasite and Fungi","ascension_level":18}