{"gold_per_floor":[114,127,127,103,117,117,133,152,152,171,171,121,121,162,162,251,251,272,272,272,272,285,285,298,298,298,298,19,32,62,62,62,140,140,152,167,167,22,39,39,139,139,192,192,204,204,204,6,6,6],"floor_reached":50,"playtime":7051,"items_purged":["Defend_B"],"score":759,"play_id":"a24ac5da-27a0-49ff-ae3d-0bfe99eb4206","local_time":"20181230131515","is_ascension_mode":true,"campfire_choices":[{"data":"Doom and Gloom","floor":6.0,"key":"SMITH"},{"floor":11.0,"key":"REST"},{"data":"Zap","floor":15.0,"key":"SMITH"},{"data":"Zap","floor":23.0,"key":"SMITH"},{"data":"Lockon","floor":25.0,"key":"SMITH"},{"data":"Electrodynamics","floor":27.0,"key":"SMITH"},{"floor":32.0,"key":"REST"},{"data":"Hologram","floor":40.0,"key":"SMITH"},{"data":"Defragment","floor":42.0,"key":"SMITH"},{"data":"Capacitor","floor":44.0,"key":"SMITH"},{"floor":49.0,"key":"REST"}],"neow_cost":"NONE","seed_source_timestamp":412514750013643,"circlet_count":0,"master_deck":["AscendersBane","Defend_B","Defend_B+1","Zap+1","Dualcast+1","Thunder Strike","Doom and Gloom+1","Undo","Gash","Conserve Battery","Defragment+1","Leap","Lockon+1","Electrodynamics+1","Genetic Algorithm+1","Seek+1","Consume","Purity","Zap+1","Ball Lightning","Capacitor+1","Hologram+1","Rebound","FTL+1","Scrape","Reinforced Body","Redo+1","Glacier","Madness","Madness","FTL","Finesse"],"special_seed":0,"relics":["Cracked Core","War Paint","Bloody Idol","Blood Vial","Astrolabe","Bottled Lightning","Happy Flower","Singing Bowl","Sozu","Du-Vu Doll","Oddly Smooth Stone"],"potions_floor_usage":[50],"damage_taken":[{"damage":7.0,"enemies":"Jaw Worm","floor":1.0,"turns":4.0},{"damage":6.0,"enemies":"2 Louse","floor":2.0,"turns":2.0},{"damage":0.0,"enemies":"Small Slimes","floor":5.0,"turns":4.0},{"damage":2.0,"enemies":"3 Louse","floor":7.0,"turns":3.0},{"damage":9.0,"enemies":"Lots of Slimes","floor":8.0,"turns":3.0},{"damage":0.0,"enemies":"Blue Slaver","floor":10.0,"turns":4.0},{"damage":18.0,"enemies":"3 Sentries","floor":14.0,"turns":7.0},{"damage":14.0,"enemies":"Hexaghost","floor":16.0,"turns":9.0},{"damage":0.0,"enemies":"3 Byrds","floor":18.0,"turns":2.0},{"damage":14.0,"enemies":"Colosseum Slavers","floor":19.0,"turns":4.0},{"damage":18.0,"enemies":"Shell Parasite","floor":22.0,"turns":6.0},{"damage":12.0,"enemies":"Chosen and Byrds","floor":24.0,"turns":5.0},{"damage":9.0,"enemies":"Centurion and Healer","floor":29.0,"turns":3.0},{"damage":14.0,"enemies":"Gremlin Leader","floor":30.0,"turns":5.0},{"damage":46.0,"enemies":"Collector","floor":33.0,"turns":8.0},{"damage":2.0,"enemies":"Orb Walker","floor":35.0,"turns":4.0},{"damage":0.0,"enemies":"3 Shapes","floor":36.0,"turns":3.0},{"damage":10.0,"enemies":"Spire Growth","floor":37.0,"turns":4.0},{"damage":15.0,"enemies":"Jaw Worm Horde","floor":39.0,"turns":2.0},{"damage":0.0,"enemies":"Mind Bloom Boss Battle","floor":41.0,"turns":4.0},{"damage":0.0,"enemies":"4 Shapes","floor":45.0,"turns":4.0},{"damage":93,"enemies":"Donu and Deca","floor":50,"turns":5}],"seed_played":"1057523760054497605","potions_obtained":[{"floor":1.0,"key":"Weak Potion"},{"floor":5.0,"key":"Block Potion"},{"floor":18.0,"key":"SmokeBomb"},{"floor":22.0,"key":"SteroidPotion"},{"floor":29.0,"key":"Energy Potion"},{"floor":30.0,"key":"FairyPotion"},{"floor":33.0,"key":"LiquidBronze"}],"is_trial":false,"path_per_floor":["M","M","?","?","M","R","M","M","T","M","R","?","?","E","R","B",null,"M","?","?","?","M","R","M","R","T","R","$","M","E","?","R","B",null,"M","M","M","$","M","R","?","R","T","R","M","?","?","$","R","B"],"character_chosen":"DEFECT","items_purchased":["Capacitor","Hologram","Happy Flower","Scrape","Reinforced Body","FTL","Finesse"],"campfire_rested":3,"item_purchase_floors":[28,28,28,38,38,48,48],"current_hp_per_floor":[61,55,48,48,48,48,46,37,37,37,59,59,59,41,41,29,59,61,49,49,49,38,38,33,33,33,33,33,31,26,26,47,10,57,62,71,63,63,55,55,62,62,67,67,76,66,66,66,77,0],"gold":6,"neow_bonus":"ONE_RANDOM_RARE_CARD","is_prod":false,"is_daily":false,"chose_seed":false,"campfire_upgraded":8,"win_rate":0,"timestamp":1546193715,"path_taken":["M","M","?","?","M","R","M","M","T","M","R","?","?","E","R","BOSS","M","?","?","?","?","R","M","R","T","R","$","M","E","?","R","BOSS","M","M","M","$","M","R","?","R","T","R","M","?","?","$","R","BOSS"],"build_version":"2018-12-20","purchased_purges":1,"victory":false,"max_hp_per_floor":[75,75,75,75,75,75,75,75,75,75,75,75,69,69,69,69,69,69,69,69,69,69,69,69,69,69,69,69,69,71,71,71,73,73,73,75,75,75,75,75,75,75,75,75,77,77,77,77,77,77],"card_choices":[{"not_picked":["Skim","Go for the Eyes"],"picked":"Doom and Gloom","floor":1.0},{"not_picked":["Redo","Turbo"],"picked":"Undo","floor":2.0},{"not_picked":["Sweeping Beam","Compile Driver"],"picked":"Gash","floor":5.0},{"not_picked":["Static Discharge","Heatsinks"],"picked":"Conserve Battery","floor":7.0},{"not_picked":["Darkness","Glacier"],"picked":"Defragment","floor":8.0},{"not_picked":["Go for the Eyes","BootSequence"],"picked":"Leap","floor":10.0},{"not_picked":["Conserve Battery","Steam"],"picked":"Lockon","floor":14.0},{"not_picked":["Fission","Meteor Strike"],"picked":"Electrodynamics","floor":16.0},{"not_picked":["Cold Snap","Hologram"],"picked":"Consume","floor":18.0},{"not_picked":["Streamline","Stack","Seek"],"picked":"SKIP","floor":22.0},{"not_picked":["Streamline","Turbo+1"],"picked":"Ball Lightning","floor":24.0},{"not_picked":["Hologram","Go for the Eyes"],"picked":"Rebound","floor":29.0},{"not_picked":["Sweeping Beam","Steam","FTL"],"picked":"Singing Bowl","floor":30.0},{"not_picked":["All For One","Electrodynamics","Meteor Strike"],"picked":"Singing Bowl","floor":33.0},{"not_picked":["Barrage","Compile Driver"],"picked":"FTL+1","floor":35.0},{"not_picked":["Darkness+1","Reprogram","Sweeping Beam"],"picked":"Singing Bowl","floor":36.0},{"not_picked":["Ball Lightning","Cold Snap"],"picked":"Redo+1","floor":39.0},{"not_picked":["Go for the Eyes+1","Turbo"],"picked":"Glacier","floor":41.0},{"not_picked":["Coolheaded","Go for the Eyes","Steam+1"],"picked":"Singing Bowl","floor":45.0}],"player_experience":459844,"relics_obtained":[{"floor":9.0,"key":"War Paint"},{"floor":14.0,"key":"Blood Vial"},{"floor":26.0,"key":"Bottled Lightning"},{"floor":30.0,"key":"Singing Bowl"},{"floor":41.0,"key":"Du-Vu Doll"},{"floor":43.0,"key":"Oddly Smooth Stone"}],"event_choices":[{"cards_removed":["Strike_B"],"damage_healed":0.0,"max_hp_gain":0.0,"max_hp_loss":0.0,"gold_gain":0.0,"event_name":"Golden Wing","player_choice":"Card Removal","floor":3.0,"gold_loss":0.0,"damage_taken":7.0},{"damage_healed":0.0,"max_hp_gain":0.0,"max_hp_loss":0.0,"gold_gain":0.0,"event_name":"World of Goop","player_choice":"Left Gold","floor":4.0,"gold_loss":24.0,"damage_taken":0.0},{"cards_removed":["Strike_B"],"damage_healed":0.0,"max_hp_gain":0.0,"max_hp_loss":0.0,"gold_gain":0.0,"event_name":"The Cleric","player_choice":"Card Removal","floor":12.0,"gold_loss":50.0,"damage_taken":0.0},{"damage_healed":0.0,"max_hp_gain":0.0,"max_hp_loss":6.0,"gold_gain":0.0,"event_name":"Golden Idol","player_choice":"Lose Max HP","floor":13.0,"gold_loss":0.0,"damage_taken":0.0,"relics_obtained":["Golden Idol"]},{"damage_healed":0.0,"max_hp_gain":0.0,"max_hp_loss":0.0,"gold_gain":0.0,"event_name":"Colosseum","player_choice":"Fight","floor":19.0,"gold_loss":0.0,"damage_taken":0.0},{"damage_healed":0.0,"max_hp_gain":0.0,"max_hp_loss":0.0,"gold_gain":0.0,"event_name":"Colosseum","player_choice":"Fled From Nobs","floor":19.0,"gold_loss":0.0,"damage_taken":0.0},{"damage_healed":0.0,"max_hp_gain":0.0,"max_hp_loss":0.0,"gold_gain":0.0,"event_name":"Forgotten Altar","player_choice":"Gave Idol","floor":20.0,"relics_lost":["Golden Idol"],"gold_loss":0.0,"damage_taken":0.0,"relics_obtained":["Bloody Idol"]},{"damage_healed":0.0,"max_hp_gain":0.0,"max_hp_loss":0.0,"gold_gain":0.0,"event_name":"Match and Keep!","player_choice":"2 cards matched","floor":21.0,"gold_loss":0.0,"damage_taken":0.0,"cards_obtained":["Purity","Zap"]},{"damage_healed":0.0,"max_hp_gain":0.0,"max_hp_loss":0.0,"gold_gain":0.0,"event_name":"Cursed Tome","player_choice":"Ignored","floor":31.0,"gold_loss":0.0,"damage_taken":0.0},{"damage_healed":0.0,"max_hp_gain":0.0,"max_hp_loss":0.0,"gold_gain":0.0,"event_name":"MindBloom","player_choice":"Fight","floor":41.0,"gold_loss":0.0,"damage_taken":0.0},{"damage_healed":0.0,"max_hp_gain":0.0,"max_hp_loss":0.0,"gold_gain":0.0,"event_name":"Winding Halls","player_choice":"Embrace Madness","floor":46.0,"gold_loss":0.0,"damage_taken":10.0,"cards_obtained":["Madness","Madness"]},{"cards_removed":["Auto Shields"],"damage_healed":0.0,"max_hp_gain":0.0,"max_hp_loss":0.0,"gold_gain":0.0,"event_name":"Falling","player_choice":"Removed Skill","floor":47.0,"gold_loss":0.0,"damage_taken":0.0}],"is_beta":false,"boss_relics":[{"not_picked":["Cursed Key","Coffee Dripper"],"picked":"Astrolabe"},{"not_picked":["Velvet Choker","Snecko Eye"],"picked":"Sozu"}],"items_purged_floors":[48],"is_endless":false,"potions_floor_spawned":[1,5,10,14,18,22,29,30,33,37,39],"killed_by":"Donu and Deca","ascension_level":13}