{"gold_per_floor":[118,130,148,148,201,201,201,201,225,237,328,340,377,11,11,116,116,127,177,45,56,56,56],"floor_reached":23,"playtime":608,"items_purged":[],"score":235,"play_id":"d5ce7529-60f0-43cf-95af-45d0a99a8d72","local_time":"20181117185516","is_ascension_mode":false,"campfire_choices":[{"data":"Conserve Battery","floor":6.0,"key":"SMITH"},{"floor":10.0,"key":"REST"},{"data":"Beam Cell","floor":15.0,"key":"SMITH"}],"neow_cost":"NONE","seed_source_timestamp":0,"circlet_count":0,"master_deck":["Strike_B+1","Strike_B","Strike_B","Strike_B","Defend_B+1","Defend_B","Defend_B","Defend_B+1","Zap+1","Dualcast+1","Doom and Gloom","Conserve Battery+1","Beam Cell+1","Melter","Rainbow+1","Storm","Finesse+1","Core Surge","Auto Shields+1","Capacitor","Deep Breath+1"],"special_seed":0,"relics":["Cracked Core","Kunai","Orichalcum","MawBank","Toxic Egg 2","War Paint","Black Star"],"potions_floor_usage":[23,23],"damage_taken":[{"damage":2.0,"enemies":"Small Slimes","floor":1.0,"turns":3.0},{"damage":6.0,"enemies":"Jaw Worm","floor":2.0,"turns":3.0},{"damage":0.0,"enemies":"2 Louse","floor":3.0,"turns":1.0},{"damage":9.0,"enemies":"3 Sentries","floor":13.0,"turns":5.0},{"damage":0.0,"enemies":"Slime Boss","floor":16.0,"turns":7.0},{"damage":0.0,"enemies":"Spheric Guardian","floor":18.0,"turns":1.0},{"damage":0.0,"enemies":"Shell Parasite","floor":21.0,"turns":2.0},{"damage":78,"enemies":"Gremlin Leader","floor":23,"turns":6}],"seed_played":"-2059907350445697681","potions_obtained":[{"floor":2.0,"key":"GamblersBrew"},{"floor":3.0,"key":"SteroidPotion"},{"floor":21.0,"key":"AttackPotion"}],"is_trial":false,"path_per_floor":["M","M","M","?","T","R","?","?","T","R","?","T","E","$","R","B",null,"M","?","$","M","$","E"],"character_chosen":"DEFECT","items_purchased":["Melter","Rainbow+1","Storm","Finesse+1","Capacitor","Deep Breath+1"],"campfire_rested":1,"item_purchase_floors":[14,14,14,14,20,20],"current_hp_per_floor":[73,67,67,67,67,67,67,52,52,74,74,74,65,65,65,65,75,75,75,75,75,75,0],"gold":56,"neow_bonus":"UPGRADE_CARD","is_prod":false,"is_daily":false,"chose_seed":false,"campfire_upgraded":2,"win_rate":0,"timestamp":1542477316,"path_taken":["M","M","M","?","?","R","?","?","T","R","?","?","E","$","R","BOSS","M","?","$","?","$","E"],"build_version":"2018-11-15","purchased_purges":0,"victory":false,"max_hp_per_floor":[75,75,75,75,75,75,75,75,75,75,75,75,75,75,75,75,75,75,75,75,75,75,75],"card_choices":[{"not_picked":["Gash","Barrage"],"picked":"Doom and Gloom","floor":1.0},{"not_picked":["Barrage","Gash","Redo"],"picked":"SKIP","floor":2.0},{"not_picked":["Cold Snap","Steam"],"picked":"Conserve Battery","floor":3.0},{"not_picked":["Reprogram+1","Undo+1"],"picked":"Beam Cell","floor":13.0},{"not_picked":["Biased Cognition","Meteor Strike"],"picked":"Core Surge","floor":16.0},{"not_picked":["Cold Snap","Compile Driver"],"picked":"Auto Shields+1","floor":18.0},{"not_picked":["Blizzard","Gash","Undo+1"],"picked":"SKIP","floor":21.0}],"player_experience":289152,"relics_obtained":[{"floor":5.0,"key":"Orichalcum"},{"floor":9.0,"key":"MawBank"},{"floor":12.0,"key":"Toxic Egg 2"},{"floor":13.0,"key":"War Paint"}],"event_choices":[{"damage_healed":0.0,"max_hp_gain":0.0,"max_hp_loss":0.0,"gold_gain":0.0,"event_name":"Big Fish","player_choice":"Box","floor":4.0,"gold_loss":0.0,"damage_taken":0.0,"relics_obtained":["Kunai"],"cards_obtained":["Regret"]},{"cards_removed":["Regret"],"damage_healed":0.0,"max_hp_gain":0.0,"max_hp_loss":0.0,"gold_gain":0.0,"event_name":"Living Wall","player_choice":"Forget","floor":7.0,"gold_loss":0.0,"damage_taken":0.0},{"damage_healed":0.0,"max_hp_gain":0.0,"max_hp_loss":0.0,"gold_gain":0.0,"event_name":"Shining Light","player_choice":"Entered Light","floor":8.0,"gold_loss":0.0,"damage_taken":15.0,"cards_upgraded":["Defend_B","Strike_B"]},{"damage_healed":0.0,"max_hp_gain":0.0,"max_hp_loss":0.0,"gold_gain":79.0,"event_name":"Golden Wing","player_choice":"Gained Gold","floor":11.0,"gold_loss":0.0,"damage_taken":0.0},{"damage_healed":0.0,"max_hp_gain":0.0,"max_hp_loss":0.0,"gold_gain":100.0,"event_name":"The Joust","player_choice":"Bet on Murderer","floor":19.0,"gold_loss":50.0,"damage_taken":0.0}],"is_beta":false,"boss_relics":[{"not_picked":["Empty Cage","Tiny House"],"picked":"Black Star"}],"items_purged_floors":[],"is_endless":false,"potions_floor_spawned":[2,3,21],"killed_by":"Gremlin Leader","ascension_level":0}