{"gold_per_floor":[109,127,140,151,131,156,156,5,29,41,69,84,113,113,113,213,213,228,240,259,88,88],"floor_reached":22,"playtime":1370,"items_purged":["Strike_G","Reflex"],"score":281,"play_id":"ca5eb6f5-999c-4061-a3fb-ea5e36993873","local_time":"20190430175046","is_ascension_mode":true,"campfire_choices":[{"floor":7,"key":"REST"},{"floor":15,"key":"REST"}],"neow_cost":"PERCENT_DAMAGE","seed_source_timestamp":667950195894632,"circlet_count":0,"master_deck":["Survivor","Neutralize+1","Backstab","Blade Dance","Backstab","Acrobatics","Infinite Blades","Footwork","Accuracy","Accuracy","All Out Attack","Cloak And Dagger","A Thousand Cuts","Envenom","Concentrate","Leg Sweep","Dagger Spray","Blur","Storm of Steel","Poisoned Stab","A Thousand Cuts","Well Laid Plans","Accuracy","Blade Dance","Bane","Backflip","Blur"],"relics":["Ring of the Snake","Prayer Wheel","Lantern","Juzu Bracelet","Whetstone","Gremlin Horn","Pandora\u0027s Box"],"potions_floor_usage":[6,6,13,16,20,20,22],"damage_taken":[{"damage":7,"enemies":"Jaw Worm","floor":1,"turns":6},{"damage":0,"enemies":"Cultist","floor":2,"turns":3},{"damage":0,"enemies":"Small Slimes","floor":3,"turns":2},{"damage":2,"enemies":"Red Slaver","floor":4,"turns":2},{"damage":26,"enemies":"Gremlin Nob","floor":6,"turns":4},{"damage":3,"enemies":"Looter","floor":10,"turns":2},{"damage":10,"enemies":"3 Sentries","floor":11,"turns":6},{"damage":9,"enemies":"Exordium Thugs","floor":12,"turns":3},{"damage":7,"enemies":"Gremlin Nob","floor":13,"turns":3},{"damage":36,"enemies":"The Guardian","floor":16,"turns":10},{"damage":16,"enemies":"Chosen","floor":18,"turns":5},{"damage":28,"enemies":"2 Thieves","floor":19,"turns":4},{"damage":19,"enemies":"Shelled Parasite and Fungi","floor":20,"turns":6},{"damage":31,"enemies":"Cultist and Chosen","floor":22,"turns":4}],"seed_played":"4599602176906495845","potions_obtained":[{"floor":2,"key":"SpeedPotion"},{"floor":4,"key":"PowerPotion"},{"floor":5,"key":"Fire Potion"},{"floor":12,"key":"Regen Potion"},{"floor":13,"key":"Regen Potion"},{"floor":16,"key":"Ancient Potion"},{"floor":19,"key":"Regen Potion"}],"is_trial":false,"path_per_floor":["M","M","M","M","?","E","R","$","T","M","E","M","E","?","R","B",null,"M","M","M","$","M"],"character_chosen":"THE_SILENT","items_purchased":["Accuracy","Blur"],"campfire_rested":2,"item_purchase_floors":[8,21],"current_hp_per_floor":[38,38,38,36,36,10,31,31,31,28,18,9,11,11,32,11,55,39,11,7,7,0],"gold":88,"neow_bonus":"ONE_RARE_RELIC","is_prod":false,"is_daily":false,"chose_seed":false,"campfire_upgraded":0,"win_rate":0,"timestamp":1556643046,"path_taken":["M","M","M","M","?","E","R","?","T","M","E","M","E","?","R","BOSS","M","M","M","$","M"],"build_version":"2019-01-23","purchased_purges":2,"victory":false,"max_hp_per_floor":[70,70,70,70,70,70,70,70,70,70,70,70,70,70,70,70,70,70,70,70,70,70],"card_choices":[{"not_picked":["PiercingWail","Dagger Throw"],"picked":"Backstab","floor":1},{"not_picked":["Bane","Terror"],"picked":"Blade Dance","floor":1},{"not_picked":["Backflip","Distraction"],"picked":"Backstab","floor":2},{"not_picked":["Poisoned Stab","Dodge and Roll"],"picked":"Acrobatics","floor":2},{"not_picked":["Prepared","Dodge and Roll"],"picked":"Infinite Blades","floor":3},{"not_picked":["Quick Slash","PiercingWail","Acrobatics"],"picked":"SKIP","floor":3},{"not_picked":["Outmaneuver","Backflip"],"picked":"Footwork","floor":4},{"not_picked":["Slice","Deadly Poison"],"picked":"Accuracy","floor":4},{"not_picked":["Phantasmal Killer","A Thousand Cuts","Dagger Throw"],"picked":"SKIP","floor":6},{"not_picked":["Dagger Spray","Skewer","Finisher"],"picked":"SKIP","floor":10},{"not_picked":["Sucker Punch","Riddle With Holes","Deadly Poison"],"picked":"SKIP","floor":10},{"not_picked":["Dagger Throw","Poisoned Stab"],"picked":"All Out Attack","floor":11},{"not_picked":["Blade Dance","Dagger Throw"],"picked":"Cloak And Dagger","floor":12},{"not_picked":["Acrobatics","Predator","Phantasmal Killer"],"picked":"SKIP","floor":12},{"not_picked":["Dagger Throw","Terror","Outmaneuver"],"picked":"SKIP","floor":13},{"not_picked":["Night Terror","Doppelganger"],"picked":"Envenom","floor":16},{"not_picked":["Reflex+1","Expertise"],"picked":"Accuracy","floor":18},{"not_picked":["Deflect","Prepared"],"picked":"Blade Dance","floor":18},{"not_picked":["Underhanded Strike","Outmaneuver+1"],"picked":"Bane","floor":19},{"not_picked":["Deadly Poison","PiercingWail+1","Escape Plan"],"picked":"SKIP","floor":19},{"not_picked":["Infinite Blades","Cloak And Dagger"],"picked":"Backflip","floor":20},{"not_picked":["Noxious Fumes","Riddle With Holes+1","Outmaneuver"],"picked":"SKIP","floor":20}],"player_experience":559833,"relics_obtained":[{"floor":6,"key":"Lantern"},{"floor":9,"key":"Juzu Bracelet"},{"floor":11,"key":"Whetstone"},{"floor":13,"key":"Gremlin Horn"}],"event_choices":[{"damage_healed":0,"gold_gain":0,"player_choice":"Bought 1 Potion","damage_taken":0,"max_hp_gain":0,"max_hp_loss":0,"event_name":"The Woman in Blue","floor":5,"gold_loss":0},{"damage_healed":0,"gold_gain":0,"player_choice":"1 cards matched","damage_taken":0,"max_hp_gain":0,"max_hp_loss":0,"event_name":"Match and Keep!","floor":14,"gold_loss":0,"cards_obtained":["A Thousand Cuts"]}],"is_beta":false,"boss_relics":[{"not_picked":["HoveringKite","Velvet Choker"],"picked":"Pandora\u0027s Box"}],"items_purged_floors":[8,21],"is_endless":false,"potions_floor_spawned":[2,4,12,13,16,19],"killed_by":"Cultist and Chosen","ascension_level":7}