{"gold_per_floor":[110,127,183,200,47,76,76,103,103,114,125,125,159,169,169,246,246,266,266,283,294,54,80,80,93,93,93,112,112,128,138,138,216,216,234,246,256,47,47,47,74,74,74,74,85,117,133,133],"floor_reached":48,"playtime":4746,"items_purged":["Strike_G","Strike_G"],"score":1172,"play_id":"4204007b-47ae-4b7f-98af-d3b8ce14787c","local_time":"20190414134815","is_ascension_mode":true,"campfire_choices":[{"data":"Skewer","floor":7.0,"key":"SMITH"},{"floor":12.0,"key":"REST"},{"data":"Leg Sweep","floor":15.0,"key":"SMITH"},{"floor":24.0,"key":"REST"},{"floor":29.0,"key":"REST"},{"floor":32.0,"key":"REST"},{"floor":40.0,"key":"REST"},{"floor":42.0,"key":"RECALL"}],"neow_cost":"TEN_PERCENT_HP_LOSS","seed_source_timestamp":274175676072285,"circlet_count":0,"master_deck":["AscendersBane","Defend_G","Defend_G","Defend_G","Defend_G+1","Defend_G","Strike_G","Survivor","Neutralize","Die Die Die","Leg Sweep+1","Backflip","Deadly Poison","PiercingWail","Skewer+1","Poisoned Stab","Infinite Blades","Escape Plan","Skewer","Backflip","Leg Sweep+1","After Image","Deadly Poison","After Image","Infinite Blades","Bane+1","Cloak And Dagger","PiercingWail","Cloak And Dagger","Cloak And Dagger","PiercingWail","Footwork","Cloak And Dagger","Terror","Parasite","Corpse Explosion","Envenom"],"special_seed":0,"relics":["Ring of the Snake","Shuriken","Vajra","Ornamental Fan","War Paint","White Beast Statue","Oddly Smooth Stone","Pen Nib","Ice Cream","FaceOfCleric","Sozu","Centennial Puzzle","Singing Bowl"],"potions_floor_usage":[],"damage_taken":[{"damage":0.0,"enemies":"Small Slimes","floor":1.0,"turns":4.0},{"damage":2.0,"enemies":"Cultist","floor":2.0,"turns":6.0},{"damage":0.0,"enemies":"2 Louse","floor":4.0,"turns":4.0},{"damage":24.0,"enemies":"Gremlin Nob","floor":6.0,"turns":4.0},{"damage":20.0,"enemies":"Lagavulin","floor":8.0,"turns":6.0},{"damage":0.0,"enemies":"Red Slaver","floor":10.0,"turns":5.0},{"damage":1.0,"enemies":"Blue Slaver","floor":11.0,"turns":4.0},{"damage":10.0,"enemies":"3 Sentries","floor":13.0,"turns":6.0},{"damage":0.0,"enemies":"Looter","floor":14.0,"turns":2.0},{"damage":17.0,"enemies":"The Guardian","floor":16.0,"turns":15.0},{"damage":0.0,"enemies":"Spheric Guardian","floor":18.0,"turns":6.0},{"damage":1.0,"enemies":"3 Byrds","floor":20.0,"turns":8.0},{"damage":3.0,"enemies":"Sentry and Sphere","floor":21.0,"turns":8.0},{"damage":17.0,"enemies":"Book of Stabbing","floor":23.0,"turns":6.0},{"damage":9.0,"enemies":"Snake Plant","floor":25.0,"turns":6.0},{"damage":8.0,"enemies":"Shelled Parasite and Fungi","floor":28.0,"turns":7.0},{"damage":19.0,"enemies":"Chosen and Byrds","floor":30.0,"turns":8.0},{"damage":11.0,"enemies":"Sentry and Sphere","floor":31.0,"turns":8.0},{"damage":9.0,"enemies":"Champ","floor":33.0,"turns":15.0},{"damage":8.0,"enemies":"Orb Walker","floor":35.0,"turns":3.0},{"damage":11.0,"enemies":"3 Darklings","floor":36.0,"turns":8.0},{"damage":10.0,"enemies":"Sphere and 2 Shapes","floor":37.0,"turns":6.0},{"damage":0.0,"enemies":"Giant Head","floor":41.0,"turns":8.0},{"damage":5.0,"enemies":"Writhing Mass","floor":45.0,"turns":7.0},{"damage":9.0,"enemies":"Reptomancer","floor":46.0,"turns":9.0},{"damage":22,"enemies":"Maw","floor":47,"turns":8},{"damage":24,"enemies":"Sphere and 2 Shapes","floor":48,"turns":5}],"seed_played":"5422760631366722741","potions_obtained":[{"floor":8.0,"key":"GamblersBrew"},{"floor":11.0,"key":"Dexterity Potion"},{"floor":13.0,"key":"PowerPotion"},{"floor":16.0,"key":"SteroidPotion"},{"floor":18.0,"key":"EntropicBrew"},{"floor":20.0,"key":"LiquidBronze"},{"floor":21.0,"key":"LiquidBronze"},{"floor":23.0,"key":"Block Potion"},{"floor":25.0,"key":"Dexterity Potion"},{"floor":28.0,"key":"GamblersBrew"},{"floor":30.0,"key":"SkillPotion"},{"floor":31.0,"key":"PowerPotion"},{"floor":33.0,"key":"Fire Potion"}],"is_trial":false,"path_per_floor":["M","M","?","M","$","E","R","E","T","M","M","R","E","M","R","B",null,"M","?","M","M","$","E","R","M","T","?","M","R","M","M","R","B",null,"M","M","M","$","?","R","E","R","T","$","M","E","M","M"],"character_chosen":"THE_SILENT","items_purchased":["Skewer","SteroidPotion","SkillPotion","Oddly Smooth Stone","Footwork","Cloak And Dagger"],"campfire_rested":5,"item_purchase_floors":[5,5,5,22,38,38],"current_hp_per_floor":[59,57,57,57,57,33,33,13,13,13,12,30,20,20,20,3,46,46,46,45,42,42,25,43,34,34,34,27,45,27,17,35,27,55,48,38,29,29,29,49,50,50,50,50,46,38,19,0],"gold":133,"neow_bonus":"TRANSFORM_TWO_CARDS","is_prod":false,"is_daily":false,"chose_seed":false,"campfire_upgraded":2,"win_rate":0,"timestamp":1555267695,"path_taken":["M","M","?","M","$","E","R","E","T","M","M","R","E","M","R","BOSS","M","?","?","M","$","E","R","M","T","?","?","R","M","M","R","BOSS","M","M","M","$","?","R","E","R","T","$","M","E","M","M"],"build_version":"2019-01-23","purchased_purges":2,"victory":false,"max_hp_per_floor":[60,60,60,60,60,60,60,60,60,60,60,60,60,60,60,60,60,60,60,60,60,60,60,60,60,60,60,61,61,62,63,63,64,64,65,66,67,67,67,67,68,68,68,68,69,70,73,73],"card_choices":[{"not_picked":["Acrobatics","Dodge and Roll"],"picked":"Backflip","floor":1.0},{"not_picked":["Prepared","Sucker Punch"],"picked":"Deadly Poison","floor":2.0},{"not_picked":["Escape Plan","Underhanded Strike"],"picked":"PiercingWail","floor":4.0},{"not_picked":["Quick Slash","Backflip"],"picked":"Poisoned Stab","floor":6.0},{"not_picked":["Poisoned Stab","Phantasmal Killer"],"picked":"Infinite Blades","floor":8.0},{"not_picked":["Dodge and Roll","Predator"],"picked":"Escape Plan","floor":10.0},{"not_picked":["Flying Knee","Bane"],"picked":"Skewer","floor":11.0},{"not_picked":["Masterful Stab","Prepared"],"picked":"Backflip","floor":13.0},{"not_picked":["Sucker Punch","Blade Dance"],"picked":"Leg Sweep","floor":14.0},{"not_picked":["Burst","Grand Finale"],"picked":"After Image","floor":16.0},{"not_picked":["Dagger Throw","Masterful Stab"],"picked":"Deadly Poison","floor":18.0},{"not_picked":["Tactician","All Out Attack","Predator"],"picked":"SKIP","floor":20.0},{"not_picked":["Quick Slash","Backflip"],"picked":"Infinite Blades","floor":21.0},{"not_picked":["Underhanded Strike","Predator"],"picked":"Bane+1","floor":23.0},{"not_picked":["Deadly Poison","Blade Dance"],"picked":"Cloak And Dagger","floor":25.0},{"not_picked":["Dodge and Roll","Outmaneuver","All Out Attack"],"picked":"SKIP","floor":28.0},{"not_picked":["Outmaneuver","Flying Knee","Poisoned Stab"],"picked":"SKIP","floor":30.0},{"not_picked":["Noxious Fumes","A Thousand Cuts"],"picked":"PiercingWail","floor":31.0},{"not_picked":["Dodge and Roll","Dagger Throw"],"picked":"Cloak And Dagger","floor":35.0},{"not_picked":["Prepared","Flying Knee"],"picked":"Cloak And Dagger","floor":36.0},{"not_picked":["Outmaneuver","Sucker Punch"],"picked":"PiercingWail","floor":37.0},{"not_picked":["Predator","Accuracy"],"picked":"Terror","floor":41.0},{"not_picked":["Flying Knee","Dagger Spray"],"picked":"Corpse Explosion","floor":45.0},{"not_picked":["Deadly Poison+1","Deflect"],"picked":"Envenom","floor":46.0},{"not_picked":["Deadly Poison","Outmaneuver+1","Sucker Punch"],"picked":"Singing Bowl","floor":47}],"player_experience":1053996,"relics_obtained":[{"floor":6.0,"key":"Shuriken"},{"floor":8.0,"key":"Vajra"},{"floor":9.0,"key":"Ornamental Fan"},{"floor":13.0,"key":"War Paint"},{"floor":23.0,"key":"Pen Nib"},{"floor":26.0,"key":"Ice Cream"},{"floor":41.0,"key":"Centennial Puzzle"},{"floor":46.0,"key":"Singing Bowl"}],"event_choices":[{"damage_healed":0.0,"max_hp_gain":0.0,"max_hp_loss":0.0,"gold_gain":56.0,"event_name":"Golden Wing","player_choice":"Gained Gold","floor":3.0,"gold_loss":0.0,"damage_taken":0.0},{"damage_healed":0.0,"max_hp_gain":0.0,"max_hp_loss":0.0,"gold_gain":0.0,"event_name":"Duplicator","player_choice":"Copied","floor":19.0,"gold_loss":0.0,"damage_taken":0.0,"cards_obtained":["After Image"]},{"damage_healed":0.0,"max_hp_gain":0.0,"max_hp_loss":0.0,"gold_gain":0.0,"event_name":"FaceTrader","player_choice":"Trade","floor":27.0,"gold_loss":0.0,"damage_taken":0.0,"relics_obtained":["FaceOfCleric"]},{"damage_healed":0.0,"max_hp_gain":0.0,"max_hp_loss":0.0,"gold_gain":0.0,"event_name":"Mysterious Sphere","player_choice":"Ignored","floor":39.0,"gold_loss":0.0,"damage_taken":0.0}],"is_beta":false,"boss_relics":[{"not_picked":["Coffee Dripper","Velvet Choker"],"picked":"White Beast Statue"},{"not_picked":["Lizard Tail","Black Star"],"picked":"Sozu"}],"items_purged_floors":[22,38],"is_endless":false,"potions_floor_spawned":[8,11,13,16,18,20,21,23,25,28,30,31,33,35,36,37,41,45,46,47],"killed_by":"Sphere and 2 Shapes","ascension_level":20}