{"gold_per_floor":[14,289,307,307,307,333,333,79,79,79,25,25,43,71,71,143,143,154,134,134,153,153,178,178,209,236,236,267,277,13,37,37,116,116,134,144,144,159,139,139,154,154,154,189,189,209,234,250,250,250,250,250,250,78,104,104],"floor_reached":57,"playtime":4350,"items_purged":["Regret"],"score":3302,"play_id":"af1436ff-9273-48ef-a908-94c39b473587","local_time":"20190503201053","is_ascension_mode":true,"campfire_choices":[{"floor":7.0,"key":"REST"},{"data":"True Grit","floor":10.0,"key":"SMITH"},{"floor":12.0,"key":"REST"},{"data":"Uppercut","floor":15.0,"key":"SMITH"},{"floor":24,"key":"REST"},{"floor":27,"key":"REST"},{"data":"Strike_R","floor":32,"key":"PURGE"},{"floor":40,"key":"RECALL"},{"data":"Strike_R","floor":42,"key":"PURGE"},{"data":"Strike_R","floor":45,"key":"PURGE"},{"data":"Strike_R","floor":49,"key":"PURGE"},{"data":"Strike_R","floor":53,"key":"PURGE"}],"neow_cost":"NO_GOLD","seed_source_timestamp":0,"circlet_count":0,"master_deck":["AscendersBane","Defend_R","Defend_R","Defend_R","Defend_R","Bash","Headbutt","True Grit+1","Uppercut+1","Impervious","Battle Trance","Burning Pact","Impervious","Anger","Warcry","Metallicize+1","Corruption+1","Shrug It Off+1","Inflame","Impervious","Sentinel","Second Wind","Apotheosis","Blind","Entrench","Flame Barrier+1","True Grit","Demon Form","Body Slam","Shrug It Off"],"special_seed":0,"relics":["Burning Blood","Dead Branch","Bottled Lightning","Matryoshka","Boot","Runic Dome","Omamori","Bottled Tornado","Bronze Scales","Strawberry","Peace Pipe","Ornamental Fan","PreservedInsect","Snecko Eye","Ancient Tea Set","Vajra","Lantern","Pen Nib","Oddly Smooth Stone"],"potions_floor_usage":[19,23,25,56,56,56,56],"damage_taken":[{"damage":10.0,"enemies":"Small Slimes","floor":1.0,"turns":3.0},{"damage":9.0,"enemies":"Cultist","floor":3.0,"turns":3.0},{"damage":62.0,"enemies":"Lagavulin","floor":6.0,"turns":9.0},{"damage":3.0,"enemies":"Jaw Worm","floor":13.0,"turns":3.0},{"damage":21.0,"enemies":"3 Sentries","floor":14.0,"turns":8.0},{"damage":34.0,"enemies":"Hexaghost","floor":16.0,"turns":12.0},{"damage":6,"enemies":"Spheric Guardian","floor":18,"turns":6},{"damage":27,"enemies":"2 Thieves","floor":19,"turns":4},{"damage":36,"enemies":"Snecko","floor":21,"turns":9},{"damage":19,"enemies":"Book of Stabbing","floor":23,"turns":9},{"damage":5,"enemies":"Slavers","floor":25,"turns":5},{"damage":0,"enemies":"Book of Stabbing","floor":28,"turns":4},{"damage":4,"enemies":"Cultist and Chosen","floor":29,"turns":5},{"damage":0,"enemies":"Collector","floor":33,"turns":3},{"damage":0,"enemies":"3 Darklings","floor":35,"turns":2},{"damage":0,"enemies":"3 Shapes","floor":36,"turns":2},{"damage":0,"enemies":"Jaw Worm Horde","floor":38,"turns":3},{"damage":0,"enemies":"Writhing Mass","floor":41,"turns":3},{"damage":3,"enemies":"Giant Head","floor":44,"turns":3},{"damage":0,"enemies":"Sphere and 2 Shapes","floor":46,"turns":2},{"damage":6,"enemies":"Reptomancer","floor":47,"turns":3},{"damage":0,"enemies":"Transient","floor":48,"turns":6},{"damage":3,"enemies":"Donu and Deca","floor":50,"turns":5},{"damage":6,"enemies":"Awakened One","floor":51,"turns":4},{"damage":6,"enemies":"Shield and Spear","floor":55,"turns":2},{"damage":6,"enemies":"The Heart","floor":56,"turns":6}],"seed_played":"6272809702987892825","potions_obtained":[{"floor":6.0,"key":"FearPotion"},{"floor":16.0,"key":"Weak Potion"},{"floor":20,"key":"Weak Potion"},{"floor":20,"key":"SmokeBomb"},{"floor":23,"key":"SkillPotion"},{"floor":25,"key":"Strength Potion"},{"floor":28,"key":"SteroidPotion"},{"floor":36,"key":"Dexterity Potion"},{"floor":39,"key":"EntropicBrew"}],"is_trial":false,"path_per_floor":["M","?","M","?","?","E","R","$","T","R","$","R","M","E","R","B",null,"M","M","?","M","?","E","R","E","T","R","E","M","$","T","R","B",null,"M","M","?","M","?","R","M","R","T","E","R","M","E","M","R","B","B",null,"R","$","E","B",null],"character_chosen":"IRONCLAD","items_purchased":["Impervious","PowerPotion","Ornamental Fan","Pen Nib"],"campfire_rested":4,"item_purchase_floors":[8,11,30,54],"current_hp_per_floor":[64,64,61,61,66,10,34,34,34,34,34,58,61,46,46,18,65,65,44,44,14,30,17,41,42,49,75,81,83,83,83,83,87,87,87,87,77,83,83,83,87,87,87,87,87,87,87,87,87,87,87,87,87,87,87,87],"gold":104,"neow_bonus":"ONE_RARE_RELIC","is_prod":false,"is_daily":false,"chose_seed":false,"campfire_upgraded":2,"win_rate":0,"timestamp":1556928653,"path_taken":["M","?","?","?","?","E","R","?","T","R","$","R","M","E","R","BOSS","M","?","?","?","?","E","R","E","T","R","E","M","$","?","R","BOSS","M","?","?","M","?","R","?","R","T","E","R","M","E","M","R","BOSS","BOSS","R","$","E","BOSS"],"build_version":"2019-04-23","purchased_purges":1,"victory":true,"max_hp_per_floor":[75,75,75,75,80,80,80,80,80,80,80,80,80,80,80,80,80,80,80,80,80,80,80,80,80,87,87,87,87,87,87,87,87,87,87,87,87,87,87,87,87,87,87,87,87,87,87,87,87,87,87,87,87,87,87,87],"card_choices":[{"not_picked":["Clash","Iron Wave"],"picked":"Headbutt","floor":1.0},{"not_picked":["Sentinel","Sever Soul"],"picked":"True Grit","floor":3.0},{"not_picked":["Thunderclap","Metallicize"],"picked":"Uppercut","floor":6.0},{"not_picked":["Hemokinesis","Rupture"],"picked":"Battle Trance","floor":13.0},{"not_picked":["Uppercut","Whirlwind"],"picked":"Burning Pact","floor":14.0},{"not_picked":["Exhume","Dark Embrace"],"picked":"Impervious","floor":16.0},{"not_picked":["Burning Pact","Flex"],"picked":"Anger","floor":18},{"not_picked":["Clash","Spot Weakness"],"picked":"Warcry","floor":19},{"not_picked":["Infernal Blade","Clash"],"picked":"Metallicize+1","floor":21},{"not_picked":["Sword Boomerang","Iron Wave"],"picked":"Corruption+1","floor":23},{"not_picked":["Thunderclap","Second Wind"],"picked":"Shrug It Off+1","floor":25},{"not_picked":["Iron Wave","Berserk","Twin Strike"],"picked":"SKIP","floor":28},{"not_picked":["Sever Soul","Fire Breathing"],"picked":"Inflame","floor":29},{"not_picked":["Immolate","Fiend Fire"],"picked":"Impervious","floor":33},{"not_picked":["Iron Wave","Whirlwind"],"picked":"Sentinel","floor":35},{"not_picked":["Sword Boomerang","Havoc"],"picked":"Second Wind","floor":36},{"not_picked":["Panacea","Transmutation"],"picked":"Apotheosis","floor":37},{"not_picked":["Forethought","Madness"],"picked":"Blind","floor":37},{"not_picked":["Wild Strike","Thunderclap"],"picked":"Entrench","floor":38},{"not_picked":["Cleave","Rampage"],"picked":"Flame Barrier+1","floor":41},{"not_picked":["Clash+1","Searing Blow+1"],"picked":"True Grit","floor":44},{"not_picked":["Iron Wave","Clothesline","Headbutt"],"picked":"SKIP","floor":46},{"not_picked":["Iron Wave","Dual Wield"],"picked":"Demon Form","floor":47},{"not_picked":["Pommel Strike","Intimidate"],"picked":"Body Slam","floor":48},{"not_picked":["Rupture","Blood for Blood+1"],"picked":"Shrug It Off","floor":55}],"player_experience":1611450,"relics_obtained":[{"floor":6.0,"key":"Bottled Lightning"},{"floor":9.0,"key":"Matryoshka"},{"floor":14.0,"key":"Boot"},{"floor":23,"key":"Omamori"},{"floor":25,"key":"Bottled Tornado"},{"floor":26,"key":"Bronze Scales"},{"floor":26,"key":"Strawberry"},{"floor":28,"key":"Peace Pipe"},{"floor":31,"key":"PreservedInsect"},{"floor":43,"key":"Ancient Tea Set"},{"floor":44,"key":"Vajra"},{"floor":47,"key":"Lantern"},{"floor":55,"key":"Oddly Smooth Stone"}],"event_choices":[{"damage_healed":0.0,"max_hp_gain":0.0,"max_hp_loss":0.0,"gold_gain":275.0,"event_name":"Golden Shrine","player_choice":"Desecrate","floor":2.0,"gold_loss":0.0,"damage_taken":0.0,"cards_obtained":["Regret"]},{"damage_healed":0.0,"max_hp_gain":0.0,"max_hp_loss":0.0,"gold_gain":0.0,"event_name":"Liars Game","player_choice":"Ignored","floor":4.0,"gold_loss":0.0,"damage_taken":0.0},{"damage_healed":0.0,"max_hp_gain":5.0,"max_hp_loss":0.0,"gold_gain":0.0,"event_name":"Big Fish","player_choice":"Donut","floor":5.0,"gold_loss":0.0,"damage_taken":0.0},{"damage_healed":0,"gold_gain":0,"player_choice":"Got Potions","damage_taken":0,"max_hp_gain":0,"max_hp_loss":0,"event_name":"Lab","floor":20,"gold_loss":0},{"damage_healed":16,"gold_gain":0,"player_choice":"Heal","damage_taken":0,"max_hp_gain":0,"max_hp_loss":0,"event_name":"The Library","floor":22,"gold_loss":0},{"damage_healed":0,"gold_gain":0,"player_choice":"Memory 3","damage_taken":10,"max_hp_gain":0,"max_hp_loss":0,"event_name":"SensoryStone","floor":37,"gold_loss":0},{"damage_healed":0,"gold_gain":0,"player_choice":"Bought 1 Potion","damage_taken":0,"max_hp_gain":0,"max_hp_loss":0,"event_name":"The Woman in Blue","floor":39,"gold_loss":0}],"is_beta":true,"boss_relics":[{"not_picked":["Pandora\u0027s Box","Astrolabe"],"picked":"Runic Dome"},{"not_picked":["Orrery","Philosopher\u0027s Stone"],"picked":"Snecko Eye"}],"items_purged_floors":[8],"is_endless":false,"potions_floor_spawned":[6,14,16,23,25,28,33,35,36,46,47,48],"ascension_level":20}