{"gold_per_floor":[111,141,160,160,170,495,510,540,611,611],"floor_reached":10,"playtime":426,"items_purged":[],"score":121,"play_id":"44be4ce6-1eaa-473f-b82d-985250a4a805","local_time":"20181028135859","is_ascension_mode":true,"campfire_choices":[],"neow_cost":"NONE","seed_source_timestamp":501175406064786,"circlet_count":0,"master_deck":["Strike_R","Strike_R","Strike_R","Strike_R","Strike_R","Defend_R","Defend_R","Defend_R","Bash","AscendersBane","Shrug It Off","Armaments","Pommel Strike","Cleave","Battle Trance","Intimidate"],"relics":["Burning Blood","NeowsBlessing","Tiny Chest","Old Coin","Juzu Bracelet","The Courier"],"potions_floor_usage":[6],"damage_taken":[{"damage":0,"enemies":"Jaw Worm","floor":1,"turns":1},{"damage":0,"enemies":"Cultist","floor":3,"turns":1},{"damage":0,"enemies":"Small Slimes","floor":5,"turns":1},{"damage":40,"enemies":"Lagavulin","floor":6,"turns":7},{"damage":14,"enemies":"Red Slaver","floor":7,"turns":4},{"damage":34,"enemies":"Gremlin Nob","floor":8,"turns":5},{"damage":16,"enemies":"Blue Slaver","floor":10,"turns":2}],"seed_played":"8063355796776205280","potions_obtained":[{"floor":1,"key":"Poison Potion"},{"floor":3,"key":"SkillPotion"}],"is_trial":false,"path_per_floor":["M","?","M","?","M","E","M","E","T"],"character_chosen":"IRONCLAD","items_purchased":[],"campfire_rested":0,"item_purchase_floors":[],"current_hp_per_floor":[78,78,80,80,80,46,38,10,10,0],"gold":611,"neow_bonus":"THREE_ENEMY_KILL","is_prod":false,"is_daily":false,"chose_seed":false,"campfire_upgraded":0,"win_rate":0,"timestamp":1540749539,"path_taken":["M","?","?","?","M","E","M","E","T","M"],"build_version":"2018-10-25v2","purchased_purges":0,"victory":false,"max_hp_per_floor":[80,80,80,80,80,80,80,80,80,80],"card_choices":[{"not_picked":["Second Wind","Wild Strike"],"picked":"Shrug It Off","floor":1},{"not_picked":["Clothesline","Hemokinesis"],"picked":"Armaments","floor":3},{"not_picked":["Wild Strike","Shrug It Off"],"picked":"Pommel Strike","floor":5},{"not_picked":["Perfected Strike","Infernal Blade"],"picked":"Cleave","floor":6},{"not_picked":["Feel No Pain","Inflame"],"picked":"Battle Trance","floor":7},{"not_picked":["Bloodletting","Armaments"],"picked":"Intimidate","floor":8}],"player_experience":388196,"relics_obtained":[{"floor":6,"key":"Old Coin"},{"floor":8,"key":"Juzu Bracelet"},{"floor":9,"key":"The Courier"}],"event_choices":[{"damage_healed":0,"gold_gain":0,"player_choice":"Gave Potion","damage_taken":0,"relics_obtained":["Tiny Chest"],"max_hp_gain":0,"max_hp_loss":0,"event_name":"WeMeetAgain","floor":2,"gold_loss":0},{"cards_removed":["Defend_R"],"damage_healed":0,"gold_gain":0,"player_choice":"Purged","damage_taken":0,"max_hp_gain":0,"max_hp_loss":0,"event_name":"Purifier","floor":4,"gold_loss":0}],"is_beta":false,"boss_relics":[],"items_purged_floors":[],"is_endless":false,"potions_floor_spawned":[1,3],"killed_by":"Blue Slaver","ascension_level":11}