{"gold_per_floor":[119,119,119,137,86,120,120,120,120,39,54,84,84,99,99,178,178,166,11,11,30,45,45,71,82,137,137,156,168,218,10,10,10],"floor_reached":33,"playtime":2001,"items_purged":["Strike_G"],"score":675,"play_id":"88cf1925-1861-469c-b770-cd34697a695f","local_time":"20190316100117","is_ascension_mode":true,"campfire_choices":[{"floor":7.0,"key":"REST"},{"floor":13.0,"key":"REST"},{"floor":15.0,"key":"REST"},{"data":"Malaise","floor":23.0,"key":"SMITH"},{"data":"Catalyst","floor":27.0,"key":"SMITH"},{"floor":32.0,"key":"REST"}],"neow_cost":"NONE","seed_source_timestamp":489519161523939,"circlet_count":0,"master_deck":["AscendersBane","Defend_G","Defend_G","Defend_G+1","Defend_G","Defend_G","Strike_G","Strike_G","Strike_G","Strike_G+1","Survivor","Neutralize+1","Dagger Throw","Cloak And Dagger","Backflip","Malaise+1","Bouncing Flask","Cloak And Dagger","Catalyst+1","Adrenaline+1","Footwork","Heel Hook","Dash","Poisoned Stab","Deadly Poison+1","Caltrops"],"special_seed":0,"relics":["Ring of the Snake","NeowsBlessing","Juzu Bracelet","PreservedInsect","Bottled Lightning","Oddly Smooth Stone","Sozu","MutagenicStrength","Bottled Flame","Bronze Scales","War Paint"],"potions_floor_usage":[],"damage_taken":[{"damage":0.0,"enemies":"2 Louse","floor":1.0,"turns":1.0},{"damage":0.0,"enemies":"Jaw Worm","floor":4.0,"turns":1.0},{"damage":0.0,"enemies":"3 Sentries","floor":6.0,"turns":1.0},{"damage":0.0,"enemies":"Cultist","floor":11.0,"turns":5.0},{"damage":17.0,"enemies":"Gremlin Nob","floor":12.0,"turns":5.0},{"damage":2.0,"enemies":"2 Fungi Beasts","floor":14.0,"turns":5.0},{"damage":0.0,"enemies":"Hexaghost","floor":16.0,"turns":10.0},{"damage":6.0,"enemies":"2 Thieves","floor":18.0,"turns":4.0},{"damage":13.0,"enemies":"Chosen","floor":21.0,"turns":7.0},{"damage":5.0,"enemies":"Shelled Parasite and Fungi","floor":22.0,"turns":7.0},{"damage":0.0,"enemies":"Book of Stabbing","floor":24.0,"turns":7.0},{"damage":0.0,"enemies":"Snecko","floor":25.0,"turns":7.0},{"damage":3.0,"enemies":"Snake Plant","floor":28.0,"turns":4.0},{"damage":0.0,"enemies":"Chosen and Byrds","floor":29.0,"turns":8.0},{"damage":54,"enemies":"Collector","floor":33,"turns":16}],"seed_played":"-6601827056366878988","potions_obtained":[{"floor":1.0,"key":"Block Potion"},{"floor":6.0,"key":"Fire Potion"},{"floor":14.0,"key":"EssenceOfSteel"},{"floor":16.0,"key":"Swift Potion"}],"is_trial":false,"path_per_floor":["M","?","?","M","$","E","R","?","T","$","M","E","R","M","R","B",null,"M","$","?","M","M","R","E","M","T","R","M","M","?","$","R","B"],"character_chosen":"THE_SILENT","items_purchased":["Backflip","Bouncing Flask","Footwork","War Paint","Caltrops"],"campfire_rested":4,"item_purchase_floors":[5,10,19,31,31],"current_hp_per_floor":[59,59,39,39,39,39,58,23,23,23,23,6,25,23,42,42,60,54,54,54,41,36,36,36,36,36,36,33,33,33,33,52,0],"gold":10,"neow_bonus":"THREE_ENEMY_KILL","is_prod":false,"is_daily":false,"chose_seed":false,"campfire_upgraded":2,"win_rate":0,"timestamp":1552748477,"path_taken":["M","?","?","?","?","E","R","?","T","$","M","E","R","M","R","BOSS","M","$","?","M","M","R","E","M","T","R","M","M","?","?","R","BOSS"],"build_version":"2019-01-23","purchased_purges":1,"victory":false,"max_hp_per_floor":[66,66,66,66,66,66,66,66,66,66,66,66,66,66,66,66,66,66,66,66,66,66,66,66,66,66,66,66,66,66,66,66,66],"card_choices":[{"not_picked":["Setup","Flying Knee"],"picked":"Dagger Throw","floor":1.0},{"not_picked":["Slice","Deadly Poison"],"picked":"Cloak And Dagger","floor":4.0},{"not_picked":["Outmaneuver","Cloak And Dagger"],"picked":"Malaise","floor":6.0},{"not_picked":["Backstab","Quick Slash"],"picked":"Cloak And Dagger","floor":11.0},{"not_picked":["Outmaneuver","Backflip","Accuracy"],"picked":"SKIP","floor":12.0},{"not_picked":["Outmaneuver","PiercingWail"],"picked":"Catalyst","floor":14.0},{"not_picked":["Phantasmal Killer","Wraith Form v2"],"picked":"Adrenaline","floor":16.0},{"not_picked":["Riddle With Holes","Expertise","Dagger Throw+1"],"picked":"SKIP","floor":18.0},{"not_picked":["Dodge and Roll","Expertise","Outmaneuver"],"picked":"SKIP","floor":21.0},{"not_picked":["Prepared","Acrobatics"],"picked":"Heel Hook","floor":22.0},{"not_picked":["Slice","Bouncing Flask"],"picked":"Dash","floor":24.0},{"not_picked":["Setup","Concentrate","Blade Dance"],"picked":"SKIP","floor":25.0},{"not_picked":["Deflect","Unload"],"picked":"Poisoned Stab","floor":28.0},{"not_picked":["Dagger Throw+1","Masterful Stab"],"picked":"Deadly Poison","floor":29.0}],"player_experience":633303,"relics_obtained":[{"floor":6.0,"key":"Juzu Bracelet"},{"floor":9.0,"key":"Bottled Lightning"},{"floor":12.0,"key":"Oddly Smooth Stone"},{"floor":24.0,"key":"Bottled Flame"},{"floor":26.0,"key":"Bronze Scales"}],"event_choices":[{"damage_healed":0.0,"max_hp_gain":0.0,"max_hp_loss":0.0,"gold_gain":0.0,"event_name":"Living Wall","player_choice":"Grow","floor":2.0,"gold_loss":0.0,"damage_taken":0.0,"cards_upgraded":["Neutralize"]},{"damage_healed":0.0,"max_hp_gain":0.0,"max_hp_loss":0.0,"gold_gain":0.0,"event_name":"Shining Light","player_choice":"Entered Light","floor":3.0,"gold_loss":0.0,"damage_taken":20.0,"cards_upgraded":["Defend_G","Strike_G"]},{"damage_healed":0.0,"max_hp_gain":0.0,"max_hp_loss":0.0,"gold_gain":0.0,"event_name":"Scrap Ooze","player_choice":"Success","floor":8.0,"gold_loss":0.0,"damage_taken":35.0,"relics_obtained":["PreservedInsect"]},{"damage_healed":0.0,"max_hp_gain":0.0,"max_hp_loss":0.0,"gold_gain":0.0,"event_name":"Drug Dealer","player_choice":"Inject Mutagens","floor":20.0,"gold_loss":0.0,"damage_taken":0.0,"relics_obtained":["MutagenicStrength"]},{"damage_healed":0.0,"max_hp_gain":0.0,"max_hp_loss":0.0,"gold_gain":50.0,"event_name":"Nest","player_choice":"Stole From Cult","floor":30.0,"gold_loss":0.0,"damage_taken":0.0}],"is_beta":false,"boss_relics":[{"not_picked":["Ring of the Serpent","Philosopher\u0027s Stone"],"picked":"Sozu"}],"items_purged_floors":[19],"is_endless":false,"potions_floor_spawned":[1,6,11,14,16,21,29],"killed_by":"Collector","ascension_level":16}