{"gold_per_floor":[119,42,58,58,58,87,87,104,104,135,146,146,15,34,34,106,106,117,128,140,64,64,64],"floor_reached":23,"playtime":1157,"items_purged":["Regret"],"score":441,"play_id":"e679c191-a48a-4731-ad63-562fbeb9ec5d","local_time":"20190218045756","is_ascension_mode":true,"campfire_choices":[{"data":"Seeing Red","floor":7.0,"key":"SMITH"},{"data":"Metallicize","floor":12.0,"key":"SMITH"},{"data":"Clothesline","floor":15.0,"key":"SMITH"}],"neow_cost":"NONE","seed_source_timestamp":63754101740751,"circlet_count":0,"master_deck":["AscendersBane","Strike_R+1","Strike_R+1","Strike_R+1","Strike_R+1","Strike_R+1","Defend_R+1","Defend_R+1","Defend_R+1","Defend_R+1","Bash","Seeing Red+1","Metallicize+1","Shrug It Off","Clothesline+1","Sever Soul","True Grit+1","Shrug It Off+1","Flame Barrier+1","Fiend Fire","Shrug It Off+1","Feel No Pain"],"special_seed":0,"relics":["Burning Blood","NeowsBlessing","Dead Branch","Toxic Egg 2","Orichalcum","Art of War","Pear","Black Star"],"potions_floor_usage":[23,23],"damage_taken":[{"damage":0.0,"enemies":"Small Slimes","floor":1.0,"turns":1.0},{"damage":0.0,"enemies":"Jaw Worm","floor":3.0,"turns":1.0},{"damage":0.0,"enemies":"Gremlin Nob","floor":6.0,"turns":1.0},{"damage":3.0,"enemies":"Cultist","floor":8.0,"turns":4.0},{"damage":10.0,"enemies":"Lagavulin","floor":10.0,"turns":4.0},{"damage":3.0,"enemies":"Blue Slaver","floor":11.0,"turns":4.0},{"damage":9.0,"enemies":"Lots of Slimes","floor":14.0,"turns":5.0},{"damage":10.0,"enemies":"Slime Boss","floor":16.0,"turns":12.0},{"damage":7.0,"enemies":"Chosen","floor":18.0,"turns":4.0},{"damage":27.0,"enemies":"Spheric Guardian","floor":19.0,"turns":8.0},{"damage":24.0,"enemies":"Snecko","floor":20.0,"turns":5.0},{"damage":59,"enemies":"Slavers","floor":23,"turns":4}],"seed_played":"-4100539816966757215","potions_obtained":[{"floor":1.0,"key":"GamblersBrew"},{"floor":3.0,"key":"FearPotion"},{"floor":10.0,"key":"SkillPotion"},{"floor":11.0,"key":"FearPotion"},{"floor":16.0,"key":"Dexterity Potion"},{"floor":19.0,"key":"BloodPotion"}],"is_trial":false,"path_per_floor":["M","$","M","?","T","E","R","M","T","E","M","R","$","M","R","B",null,"M","M","M","$","?","E"],"character_chosen":"IRONCLAD","items_purchased":["Metallicize","Shrug It Off+1","Feel No Pain"],"campfire_rested":0,"item_purchase_floors":[2,13,21],"current_hp_per_floor":[74,74,75,75,75,75,75,75,75,81,84,84,84,81,81,77,83,82,61,43,43,43,0],"gold":64,"neow_bonus":"THREE_ENEMY_KILL","is_prod":false,"is_daily":false,"chose_seed":false,"campfire_upgraded":3,"win_rate":0,"timestamp":1550487476,"path_taken":["M","$","M","?","?","E","R","M","T","E","M","R","$","M","R","BOSS","M","M","M","$","?","E"],"build_version":"2019-01-23","purchased_purges":1,"victory":false,"max_hp_per_floor":[75,75,75,75,75,75,75,75,75,85,85,85,85,85,85,85,85,85,85,85,85,85,85],"card_choices":[{"not_picked":["Blood for Blood","Body Slam"],"picked":"Seeing Red","floor":1.0},{"not_picked":["Armaments","Sentinel"],"picked":"Shrug It Off","floor":3.0},{"not_picked":["Power Through+1","Metallicize"],"picked":"Clothesline","floor":6.0},{"not_picked":["Dual Wield+1","Headbutt"],"picked":"Sever Soul","floor":8.0},{"not_picked":["Searing Blow","Heavy Blade","Barricade"],"picked":"SKIP","floor":10.0},{"not_picked":["Shrug It Off+1","Anger"],"picked":"True Grit+1","floor":11.0},{"not_picked":["Dropkick","Clothesline"],"picked":"Flame Barrier+1","floor":14.0},{"not_picked":["Bludgeon","Reaper"],"picked":"Fiend Fire","floor":16.0},{"not_picked":["Twin Strike","Dual Wield+1","Dropkick"],"picked":"SKIP","floor":18.0},{"not_picked":["Perfected Strike","Clothesline","Warcry+1"],"picked":"SKIP","floor":19.0},{"not_picked":["Combust","Warcry+1"],"picked":"Shrug It Off+1","floor":20.0}],"player_experience":612037,"relics_obtained":[{"floor":5.0,"key":"Toxic Egg 2"},{"floor":6.0,"key":"Orichalcum"},{"floor":9.0,"key":"Art of War"},{"floor":10.0,"key":"Pear"}],"event_choices":[{"damage_healed":0.0,"max_hp_gain":0.0,"max_hp_loss":0.0,"gold_gain":0.0,"event_name":"Big Fish","player_choice":"Box","floor":4.0,"gold_loss":0.0,"damage_taken":0.0,"relics_obtained":["Dead Branch"],"cards_obtained":["Regret"]},{"damage_healed":0,"gold_gain":0,"player_choice":"Simplicity","damage_taken":0,"max_hp_gain":0,"max_hp_loss":0,"event_name":"Back to Basics","floor":22,"gold_loss":0,"cards_upgraded":["Strike_R","Strike_R","Strike_R","Strike_R","Strike_R","Defend_R","Defend_R","Defend_R","Defend_R"]}],"is_beta":false,"boss_relics":[{"not_picked":["Astrolabe","Coffee Dripper"],"picked":"Black Star"}],"items_purged_floors":[13],"is_endless":false,"potions_floor_spawned":[1,3,10,11,14,16,19],"killed_by":"Slavers","ascension_level":19}