{"gold_per_floor":[119,134,84,104,29,91,23,23,49,49,69,80,153,166,166,271,271,285,285,285,285,303,303,318,318,364,377,377],"floor_reached":28,"playtime":1235,"items_purged":["Strike_B"],"score":220,"play_id":"91b89d4e-99c3-406b-97fd-a5270cd805e5","local_time":"20190427170343","is_ascension_mode":false,"campfire_choices":[{"data":"Genetic Algorithm","floor":8.0,"key":"SMITH"},{"data":"Chaos","floor":10.0,"key":"SMITH"},{"floor":15.0,"key":"REST"},{"data":"Biased Cognition","floor":23.0,"key":"SMITH"},{"data":"Self Repair","floor":25.0,"key":"SMITH"}],"neow_cost":"NONE","seed_source_timestamp":173280097435600,"circlet_count":0,"master_deck":["Defend_B","Zap","Dualcast","Conserve Battery","Ball Lightning","Auto Shields","Chaos+1","Genetic Algorithm+1","Chaos","Conserve Battery","Redo","Biased Cognition+1","Amplify+1","Melter+1","Rebound+1","Leap","Heatsinks","Conserve Battery","Self Repair+1","Compile Driver+1"],"special_seed":0,"relics":["Lizard Tail","Tiny Chest","Pear","Astrolabe","Boot"],"potions_floor_usage":[28,28],"damage_taken":[{"damage":1.0,"enemies":"Cultist","floor":1.0,"turns":3.0},{"damage":0.0,"enemies":"Jaw Worm","floor":2.0,"turns":4.0},{"damage":0.0,"enemies":"2 Louse","floor":4.0,"turns":2.0},{"damage":56.0,"enemies":"3 Sentries","floor":6.0,"turns":12.0},{"damage":11.0,"enemies":"Large Slime","floor":11.0,"turns":6.0},{"damage":6.0,"enemies":"Exordium Wildlife","floor":12.0,"turns":5.0},{"damage":9.0,"enemies":"Exordium Thugs","floor":14.0,"turns":5.0},{"damage":63.0,"enemies":"Slime Boss","floor":16.0,"turns":17.0},{"damage":0.0,"enemies":"Chosen","floor":18.0,"turns":4.0},{"damage":26.0,"enemies":"Colosseum Slavers","floor":20.0,"turns":6.0},{"damage":8.0,"enemies":"3 Byrds","floor":22.0,"turns":7.0},{"damage":0.0,"enemies":"Sentry and Sphere","floor":24.0,"turns":5.0},{"damage":47,"enemies":"3 Cultists","floor":27,"turns":7},{"damage":14,"enemies":"Snake Plant","floor":28,"turns":3}],"seed_played":"-757507174131630168","potions_obtained":[{"floor":4.0,"key":"SkillPotion"},{"floor":6.0,"key":"PowerPotion"},{"floor":12.0,"key":"SteroidPotion"},{"floor":16.0,"key":"Explosive Potion"},{"floor":22.0,"key":"Poison Potion"},{"floor":24.0,"key":"LiquidBronze"},{"floor":27,"key":"AttackPotion"}],"is_trial":false,"path_per_floor":["M","M","?","M","$","E","$","R","T","R","M","M","T","M","R","B",null,"M","?","?","?","M","R","M","R","T","M","M"],"character_chosen":"DEFECT","items_purchased":["Genetic Algorithm"],"campfire_rested":1,"item_purchase_floors":[7],"current_hp_per_floor":[74,74,74,74,74,18,18,18,18,18,7,1,11,2,27,8,85,85,85,59,59,51,51,51,51,51,14,0],"gold":377,"neow_bonus":"BOSS_RELIC","is_prod":false,"is_daily":false,"chose_seed":false,"campfire_upgraded":4,"win_rate":0,"timestamp":1556399023,"path_taken":["M","?","?","M","?","E","$","R","T","R","M","?","?","M","R","BOSS","M","?","?","?","M","R","M","R","T","M","M"],"build_version":"2019-01-23","purchased_purges":1,"victory":false,"max_hp_per_floor":[75,75,75,75,75,75,75,75,75,75,75,75,85,85,85,85,85,85,85,85,85,85,85,85,85,85,85,85],"card_choices":[{"not_picked":["Conserve Battery","Turbo","Stack"],"picked":"SKIP","floor":1.0},{"not_picked":["Turbo","Stack"],"picked":"Conserve Battery","floor":1.0},{"not_picked":["Hologram","Fusion"],"picked":"Ball Lightning","floor":2.0},{"not_picked":["Coolheaded","Tempest"],"picked":"Auto Shields","floor":4.0},{"not_picked":["Streamline","Turbo"],"picked":"Chaos","floor":6.0},{"not_picked":["Gash","Genetic Algorithm"],"picked":"Chaos","floor":11.0},{"not_picked":["Force Field","Auto Shields"],"picked":"Conserve Battery","floor":12.0},{"not_picked":["Chill","Hologram"],"picked":"Redo","floor":14.0},{"not_picked":["Machine Learning","Core Surge"],"picked":"Biased Cognition","floor":16.0},{"not_picked":["Heatsinks","Sweeping Beam"],"picked":"Leap","floor":18.0},{"not_picked":["Go for the Eyes","Compile Driver"],"picked":"Self Repair","floor":22.0},{"not_picked":["Rebound","Go for the Eyes"],"picked":"Compile Driver+1","floor":24.0},{"not_picked":["Barrage","Sweeping Beam","Steam Power"],"picked":"SKIP","floor":27}],"player_experience":706533,"relics_obtained":[{"floor":6.0,"key":"Tiny Chest"},{"floor":13.0,"key":"Pear"},{"floor":26.0,"key":"Boot"}],"event_choices":[{"cards_removed":["Strike_B"],"damage_healed":0.0,"max_hp_gain":0.0,"max_hp_loss":0.0,"gold_gain":0.0,"event_name":"The Cleric","player_choice":"Card Removal","floor":3.0,"gold_loss":50.0,"damage_taken":0.0},{"damage_healed":0.0,"max_hp_gain":0.0,"max_hp_loss":0.0,"gold_gain":0.0,"event_name":"Ghosts","player_choice":"Ignored","floor":19.0,"gold_loss":0.0,"damage_taken":0.0},{"damage_healed":0.0,"max_hp_gain":0.0,"max_hp_loss":0.0,"gold_gain":0.0,"event_name":"Colosseum","player_choice":"Fight","floor":20.0,"gold_loss":0.0,"damage_taken":0.0},{"damage_healed":0.0,"max_hp_gain":0.0,"max_hp_loss":0.0,"gold_gain":0.0,"event_name":"Colosseum","player_choice":"Fled From Nobs","floor":20.0,"gold_loss":0.0,"damage_taken":0.0},{"damage_healed":0.0,"max_hp_gain":0.0,"max_hp_loss":0.0,"gold_gain":0.0,"cards_transformed":["Defend_B","Defend_B"],"event_name":"Drug Dealer","player_choice":"Became Test Subject","floor":21.0,"gold_loss":0.0,"damage_taken":0.0,"cards_obtained":["Heatsinks","Conserve Battery"]}],"is_beta":false,"boss_relics":[{"not_picked":["Runic Pyramid","Fusion Hammer"],"picked":"Astrolabe"}],"items_purged_floors":[5],"is_endless":false,"potions_floor_spawned":[4,6,12,16,22,24,27],"killed_by":"Snake Plant","ascension_level":0}