{"gold_per_floor":[119,119,139,149,168,168,168,168,168,168,188,216,216,232,232,310,310,324,173,173,184,109,109,129,129,204,217,228,228,238,255,255,332,332,347,364,364,15,30,30,63,63,63,79,93,93,104,104,104,104],"floor_reached":51,"playtime":3473,"items_purged":["Strike_B","Writhe"],"score":1242,"play_id":"bf642ec7-6076-4e99-ab00-a83e619a83d7","local_time":"20190127173925","is_ascension_mode":true,"campfire_choices":[{"data":"Zap","floor":6.0,"key":"SMITH"},{"data":"Leap","floor":8.0,"key":"SMITH"},{"data":"Dualcast","floor":10.0,"key":"SMITH"},{"data":"Genetic Algorithm","floor":15.0,"key":"SMITH"},{"data":"Sunder","floor":23.0,"key":"SMITH"},{"data":"Static Discharge","floor":25.0,"key":"SMITH"},{"floor":32.0,"key":"REST"},{"data":"Reinforced Body","floor":40.0,"key":"SMITH"},{"data":"Thunder Strike","floor":42.0,"key":"SMITH"},{"data":"Chaos","floor":46.0,"key":"SMITH"},{"floor":49,"key":"REST"}],"neow_cost":"TEN_PERCENT_HP_LOSS","seed_source_timestamp":400484368625444,"circlet_count":0,"master_deck":["AscendersBane","Defend_B","Zap+1","Dualcast+1","Glacier","Thunder Strike+1","Leap+1","Glacier","Rip and Tear","Ball Lightning","Core Surge","Sunder+1","Genetic Algorithm+1","Sweeping Beam","Echo Form","Self Repair","Static Discharge+1","Leap","Thunder Strike+1","Machine Learning","Go for the Eyes+1","Fission","Heatsinks","Reinforced Body+1","Clumsy","Chaos+1","Rebound","Panacea"],"special_seed":0,"relics":["Cracked Core","Turnip","Girya","Cursed Key","Mummified Hand","Lizard Tail","Anchor","Pen Nib","Letter Opener"],"potions_floor_usage":[50,50],"damage_taken":[{"damage":0.0,"enemies":"Small Slimes","floor":1.0,"turns":5.0},{"damage":2.0,"enemies":"Jaw Worm","floor":3.0,"turns":4.0},{"damage":0.0,"enemies":"Cultist","floor":4.0,"turns":4.0},{"damage":12.0,"enemies":"Exordium Wildlife","floor":5.0,"turns":4.0},{"damage":1.0,"enemies":"Large Slime","floor":11.0,"turns":7.0},{"damage":5.0,"enemies":"Gremlin Nob","floor":12.0,"turns":5.0},{"damage":2.0,"enemies":"Gremlin Gang","floor":14.0,"turns":3.0},{"damage":3.0,"enemies":"The Guardian","floor":16.0,"turns":12.0},{"damage":10.0,"enemies":"Shell Parasite","floor":18.0,"turns":7.0},{"damage":7.0,"enemies":"Spheric Guardian","floor":21.0,"turns":5.0},{"damage":11.0,"enemies":"Centurion and Healer","floor":24.0,"turns":7.0},{"damage":18.0,"enemies":"3 Cultists","floor":27.0,"turns":5.0},{"damage":34.0,"enemies":"Chosen and Byrds","floor":28.0,"turns":5.0},{"damage":0.0,"enemies":"Centurion and Healer","floor":30.0,"turns":8.0},{"damage":11.0,"enemies":"Sentry and Sphere","floor":31.0,"turns":6.0},{"damage":17.0,"enemies":"Champ","floor":33.0,"turns":10.0},{"damage":2.0,"enemies":"3 Shapes","floor":35.0,"turns":11.0},{"damage":17.0,"enemies":"Orb Walker","floor":36.0,"turns":5.0},{"damage":0.0,"enemies":"Maw","floor":39.0,"turns":7.0},{"damage":0.0,"enemies":"Nemesis","floor":41.0,"turns":9.0},{"damage":6.0,"enemies":"Spire Growth","floor":44.0,"turns":6.0},{"damage":18.0,"enemies":"3 Darklings","floor":45.0,"turns":6.0},{"damage":0.0,"enemies":"Transient","floor":47.0,"turns":6.0},{"damage":16,"enemies":"Time Eater","floor":50,"turns":9}],"seed_played":"3523541991386413436","potions_obtained":[{"floor":3.0,"key":"Fire Potion"},{"floor":11.0,"key":"Energy Potion"},{"floor":16.0,"key":"Explosive Potion"},{"floor":24.0,"key":"FairyPotion"},{"floor":28.0,"key":"SkillPotion"},{"floor":31.0,"key":"Ancient Potion"},{"floor":41.0,"key":"FocusPotion"}],"is_trial":false,"path_per_floor":["M","?","M","M","M","R","?","R","T","R","M","E","?","M","R","B",null,"M","$","?","M","?","R","M","R","T","M","M","?","M","M","R","B",null,"M","M","?","$","M","R","E","R","T","M","M","R","M","?","R","B",null],"character_chosen":"DEFECT","items_purchased":["Self Repair","Anchor","Heatsinks"],"campfire_rested":2,"item_purchase_floors":[19,38,38],"current_hp_per_floor":[64,64,62,62,50,50,50,50,50,50,49,44,44,42,42,39,58,48,48,48,55,55,55,58,58,58,47,20,20,27,23,42,32,56,64,61,52,52,64,64,64,64,64,64,53,53,60,50,64,55],"gold":104,"neow_bonus":"TRANSFORM_TWO_CARDS","is_prod":false,"is_daily":false,"chose_seed":false,"campfire_upgraded":9,"win_rate":0,"timestamp":1548628765,"path_taken":["M","?","M","M","M","R","?","R","T","R","M","E","?","M","R","BOSS","M","$","?","?","?","R","M","R","T","M","M","?","M","M","R","BOSS","M","M","?","$","M","R","E","R","T","M","?","R","M","?","R","BOSS"],"build_version":"2019-01-23","purchased_purges":2,"victory":true,"max_hp_per_floor":[64,64,64,64,64,64,64,64,64,64,64,64,64,64,64,64,64,64,64,64,64,64,64,64,64,64,64,64,64,64,64,64,64,64,64,64,64,64,64,64,64,64,64,64,64,64,64,64,64,64],"card_choices":[{"not_picked":["Go for the Eyes","Barrage"],"picked":"Leap","floor":1.0},{"not_picked":["Ball Lightning","Cold Snap"],"picked":"Glacier","floor":3.0},{"not_picked":["Streamline","Turbo"],"picked":"Rip and Tear","floor":4.0},{"not_picked":["Skim","Rebound"],"picked":"Ball Lightning","floor":5.0},{"not_picked":["Stack","Steam Power"],"picked":"Sunder","floor":11.0},{"not_picked":["Stack","Fusion"],"picked":"Genetic Algorithm","floor":12.0},{"not_picked":["BootSequence","Reinforced Body"],"picked":"Sweeping Beam","floor":14.0},{"not_picked":["Multi-Cast","Hyperbeam"],"picked":"Echo Form","floor":16.0},{"not_picked":["Gash","Barrage","Recycle"],"picked":"SKIP","floor":18.0},{"not_picked":["Beam Cell","Turbo","Self Repair"],"picked":"SKIP","floor":21.0},{"not_picked":["Hologram","Darkness"],"picked":"Static Discharge","floor":24.0},{"not_picked":["Stack","Auto Shields","Genetic Algorithm"],"picked":"SKIP","floor":27.0},{"not_picked":["Stack","Gash"],"picked":"Leap","floor":28.0},{"not_picked":["Beam Cell+1","Rainbow","Stack"],"picked":"SKIP","floor":30.0},{"not_picked":["Capacitor","Glacier"],"picked":"Go for the Eyes+1","floor":31.0},{"not_picked":["Multi-Cast","Reboot"],"picked":"Fission","floor":33.0},{"not_picked":["Fusion","Consume","Skim"],"picked":"SKIP","floor":35.0},{"not_picked":["Sweeping Beam","Darkness+1","Stack"],"picked":"SKIP","floor":36.0},{"not_picked":["Doom and Gloom","Hologram"],"picked":"Reinforced Body","floor":39.0},{"not_picked":["Scrape","Streamline","Cold Snap"],"picked":"SKIP","floor":41.0},{"not_picked":["Undo","Heatsinks"],"picked":"Chaos","floor":44.0},{"not_picked":["Melter","Steam Power+1","Compile Driver"],"picked":"SKIP","floor":45.0},{"not_picked":["Stack","Capacitor+1","Rebound"],"picked":"SKIP","floor":47.0},{"not_picked":["Stack","Capacitor+1"],"picked":"Rebound","floor":47.0},{"not_picked":["Bandage Up","Enlightenment"],"picked":"Panacea","floor":48}],"player_experience":587074,"relics_obtained":[{"floor":9.0,"key":"Turnip"},{"floor":12.0,"key":"Girya"},{"floor":26.0,"key":"Mummified Hand"},{"floor":41.0,"key":"Pen Nib"},{"floor":43.0,"key":"Letter Opener"}],"event_choices":[{"damage_healed":0.0,"max_hp_gain":0.0,"max_hp_loss":0.0,"gold_gain":0.0,"event_name":"Shining Light","player_choice":"Ignored","floor":2.0,"gold_loss":0.0,"damage_taken":0.0},{"damage_healed":0.0,"max_hp_gain":0.0,"max_hp_loss":0.0,"gold_gain":0.0,"cards_transformed":["Strike_B"],"event_name":"Living Wall","player_choice":"Change","floor":7.0,"gold_loss":0.0,"damage_taken":0.0,"cards_obtained":["Core Surge"]},{"damage_healed":0.0,"max_hp_gain":0.0,"max_hp_loss":0.0,"gold_gain":0.0,"event_name":"Scrap Ooze","player_choice":"Fled","floor":13.0,"gold_loss":0.0,"damage_taken":0.0},{"damage_healed":0.0,"max_hp_gain":0.0,"max_hp_loss":0.0,"gold_gain":0.0,"event_name":"Upgrade Shrine","player_choice":"Upgraded","floor":20.0,"gold_loss":0.0,"damage_taken":0.0,"cards_upgraded":["Thunder Strike"]},{"cards_removed":["Defend_B"],"damage_healed":0.0,"max_hp_gain":0.0,"max_hp_loss":0.0,"gold_gain":0.0,"event_name":"Beggar","player_choice":"Gave Gold","floor":22.0,"gold_loss":75.0,"damage_taken":0.0},{"damage_healed":0.0,"max_hp_gain":0.0,"max_hp_loss":0.0,"gold_gain":0.0,"cards_transformed":["Defend_B","Defend_B"],"event_name":"Drug Dealer","player_choice":"Became Test Subject","floor":29.0,"gold_loss":0.0,"damage_taken":0.0,"cards_obtained":["Thunder Strike","Machine Learning"]},{"damage_healed":0.0,"max_hp_gain":0.0,"max_hp_loss":0.0,"gold_gain":0.0,"event_name":"Wheel of Change","player_choice":"Damaged","floor":37.0,"gold_loss":0.0,"damage_taken":9.0},{"damage_healed":0,"gold_gain":0,"player_choice":"Memory 3","damage_taken":10,"max_hp_gain":0,"max_hp_loss":0,"event_name":"SensoryStone","floor":48,"gold_loss":0}],"is_beta":false,"boss_relics":[{"not_picked":["Runic Pyramid","Coffee Dripper"],"picked":"Cursed Key"},{"not_picked":["Velvet Choker","Runic Dome"],"picked":"Lizard Tail"}],"items_purged_floors":[19,38],"is_endless":false,"potions_floor_spawned":[3,11,16,18,24,28,31,33,41,44,45],"ascension_level":17}