{"gold_per_floor":[115,115,115,190,190,190,16,16,16,49,49,14,33,54,54,149,149,168,168,168,168,40,40,63,63,63,63,103,3,3,3,3,96,96,117,143,12,31,31,31,70,70,70,70,105,105,125,458,458,458,458,458,458,12,45,45],"floor_reached":56,"playtime":4332,"items_purged":["Writhe","Clumsy","Regret"],"score":2022,"play_id":"90bd5e30-2e8b-49dc-b5f3-8bc957f9c2cb","local_time":"20190331044335","is_ascension_mode":true,"campfire_choices":[{"data":"Clothesline","floor":6.0,"key":"SMITH"},{"data":"Havoc","floor":8.0,"key":"SMITH"},{"floor":11.0,"key":"REST"},{"data":"Seeing Red","floor":15.0,"key":"SMITH"},{"data":"Warcry","floor":23.0,"key":"SMITH"},{"data":"Feel No Pain","floor":27.0,"key":"SMITH"},{"data":"Infernal Blade","floor":30.0,"key":"SMITH"},{"data":"Fiend Fire","floor":32.0,"key":"SMITH"},{"data":"Corruption","floor":40.0,"key":"SMITH"},{"floor":42.0,"key":"REST"},{"floor":44.0,"key":"REST"},{"floor":46.0,"key":"RECALL"},{"data":"Dark Embrace","floor":49.0,"key":"SMITH"},{"floor":53.0,"key":"REST"}],"neow_cost":"CURSE","seed_source_timestamp":19869411640032,"circlet_count":0,"master_deck":["AscendersBane","Strike_R+1","Strike_R+1","Strike_R+1","Strike_R+1","Strike_R+1","Defend_R+1","Defend_R+1","Defend_R+1","Defend_R+1","Bash","Clothesline+1","Feel No Pain+1","Havoc+1","Pummel","Seeing Red+1","Second Wind","Fiend Fire+1","Infernal Blade+1","Warcry+1","Dark Shackles","Infernal Blade+1","Dark Embrace+1","Corruption+1","Shrug It Off+1","Warcry","Fiend Fire","Panacea"],"special_seed":0,"relics":["Black Blood","Dead Branch","Dodecahedron","Pantograph","PreservedInsect","Cursed Key","Pen Nib","Pear","Anchor","Singing Bowl","Mummified Hand"],"potions_floor_usage":[],"damage_taken":[{"damage":12.0,"enemies":"Small Slimes","floor":1.0,"turns":4.0},{"damage":34.0,"enemies":"Lagavulin","floor":10.0,"turns":7.0},{"damage":2.0,"enemies":"Jaw Worm","floor":13.0,"turns":3.0},{"damage":1.0,"enemies":"2 Louse","floor":14.0,"turns":3.0},{"damage":23.0,"enemies":"Hexaghost","floor":16.0,"turns":8.0},{"damage":0.0,"enemies":"Spheric Guardian","floor":18.0,"turns":3.0},{"damage":8.0,"enemies":"2 Thieves","floor":24.0,"turns":3.0},{"damage":9.0,"enemies":"Colosseum Slavers","floor":25.0,"turns":3.0},{"damage":0.0,"enemies":"Book of Stabbing","floor":28.0,"turns":2.0},{"damage":25.0,"enemies":"Collector","floor":33.0,"turns":6.0},{"damage":6.0,"enemies":"3 Darklings","floor":35.0,"turns":3.0},{"damage":9.0,"enemies":"Orb Walker","floor":38.0,"turns":4.0},{"damage":72.0,"enemies":"Reptomancer","floor":41.0,"turns":4.0},{"damage":6.0,"enemies":"Giant Head","floor":45.0,"turns":3.0},{"damage":0.0,"enemies":"3 Darklings","floor":47.0,"turns":5.0},{"damage":45.0,"enemies":"Donu and Deca","floor":50.0,"turns":6.0},{"damage":26.0,"enemies":"Awakened One","floor":51.0,"turns":7.0},{"damage":0.0,"enemies":"Shield and Spear","floor":55.0,"turns":3.0},{"damage":95,"enemies":"The Heart","floor":56,"turns":9}],"seed_played":"3053789307674555319","potions_obtained":[{"floor":10.0,"key":"Swift Potion"},{"floor":14.0,"key":"Strength Potion"},{"floor":28.0,"key":"Swift Potion"},{"floor":31.0,"key":"Strength Potion"},{"floor":33.0,"key":"Fruit Juice"},{"floor":41.0,"key":"Swift Potion"},{"floor":47.0,"key":"SteroidPotion"}],"is_trial":false,"path_per_floor":["M","?","?","?","?","R","$","R","T","E","R","?","M","M","R","B",null,"M","?","?","?","$","R","M","?","T","R","E","$","R","?","R","B",null,"M","T","$","M","?","R","E","R","T","R","E","R","M","?","R","B","B",null,"R","$","E","B"],"character_chosen":"IRONCLAD","items_purchased":["Feel No Pain","Havoc","Warcry","Dark Shackles","Corruption","Fire Potion","Warcry","Fiend Fire","Panacea"],"campfire_rested":4,"item_purchase_floors":[7,7,22,22,37,37,54,54,54],"current_hp_per_floor":[62,51,56,45,45,45,45,45,45,17,38,56,60,65,65,55,68,72,72,72,72,72,72,70,67,67,67,82,82,82,82,82,63,77,86,86,86,87,87,87,25,51,51,77,83,83,91,91,91,56,65,85,91,91,93,0],"gold":45,"neow_bonus":"ONE_RARE_RELIC","is_prod":false,"is_daily":false,"chose_seed":false,"campfire_upgraded":9,"win_rate":0,"timestamp":1554025415,"path_taken":["M","?","?","?","?","R","$","R","T","E","R","?","M","M","R","BOSS","M","?","?","?","$","R","M","?","T","R","E","?","R","?","R","BOSS","M","?","$","M","?","R","E","R","T","R","E","R","?","?","R","BOSS","BOSS","R","$","E","BOSS"],"build_version":"2019-01-23","purchased_purges":3,"victory":false,"max_hp_per_floor":[75,75,80,80,72,72,72,72,72,72,72,72,72,72,72,72,72,72,72,72,72,72,72,72,72,72,72,82,82,82,82,82,82,82,87,87,87,87,87,87,87,87,87,87,89,89,91,91,91,91,91,91,91,91,93,93],"card_choices":[{"not_picked":["Warcry","Wild Strike"],"picked":"Clothesline","floor":1.0},{"not_picked":["Uppercut","Intimidate"],"picked":"Pummel","floor":10.0},{"not_picked":["Heavy Blade","Shrug It Off"],"picked":"Seeing Red","floor":13.0},{"not_picked":["Twin Strike","Berserk"],"picked":"Second Wind","floor":14.0},{"not_picked":["Impervious","Barricade"],"picked":"Fiend Fire","floor":16.0},{"not_picked":["Uppercut","Twin Strike"],"picked":"Infernal Blade+1","floor":18.0},{"not_picked":["Armaments","Power Through","Thunderclap"],"picked":"SKIP","floor":24.0},{"not_picked":["Thunderclap+1","Feed"],"picked":"Infernal Blade","floor":28.0},{"not_picked":["Limit Break","Berserk"],"picked":"Dark Embrace","floor":33.0},{"not_picked":["Evolve","Twin Strike","Shrug It Off"],"picked":"SKIP","floor":35.0},{"not_picked":["Flame Barrier","Infernal Blade","Pommel Strike"],"picked":"SKIP","floor":38.0},{"not_picked":["Flex","Clash+1"],"picked":"Shrug It Off+1","floor":41.0},{"not_picked":["Perfected Strike","Intimidate+1","Thunderclap"],"picked":"Singing Bowl","floor":45.0},{"not_picked":["Havoc","Corruption","Seeing Red"],"picked":"Singing Bowl","floor":47.0},{"not_picked":["Bloodletting","Dropkick","Havoc"],"picked":"Singing Bowl","floor":55.0}],"player_experience":649010,"relics_obtained":[{"floor":9.0,"key":"Pantograph"},{"floor":10.0,"key":"PreservedInsect"},{"floor":26.0,"key":"Pen Nib"},{"floor":28.0,"key":"Pear"},{"floor":41.0,"key":"Anchor"},{"floor":45.0,"key":"Singing Bowl"},{"floor":55.0,"key":"Mummified Hand"}],"event_choices":[{"damage_healed":0.0,"max_hp_gain":0.0,"max_hp_loss":0.0,"gold_gain":0.0,"event_name":"Scrap Ooze","player_choice":"Success","floor":2.0,"gold_loss":0.0,"damage_taken":11.0,"relics_obtained":["Dodecahedron"]},{"damage_healed":0.0,"max_hp_gain":5.0,"max_hp_loss":0.0,"gold_gain":0.0,"event_name":"Big Fish","player_choice":"Donut","floor":3.0,"gold_loss":0.0,"damage_taken":0.0},{"damage_healed":0.0,"max_hp_gain":0.0,"max_hp_loss":0.0,"gold_gain":75.0,"event_name":"World of Goop","player_choice":"Gather Gold","floor":4.0,"gold_loss":0.0,"damage_taken":11.0},{"damage_healed":0.0,"max_hp_gain":0.0,"max_hp_loss":8.0,"gold_gain":0.0,"event_name":"Golden Idol","player_choice":"Lose Max HP","floor":5.0,"gold_loss":0.0,"damage_taken":0.0,"relics_obtained":["Golden Idol"]},{"damage_healed":18.0,"max_hp_gain":0.0,"max_hp_loss":0.0,"gold_gain":0.0,"event_name":"The Cleric","player_choice":"Healed","floor":12.0,"gold_loss":35.0,"damage_taken":0.0},{"damage_healed":0.0,"max_hp_gain":0.0,"max_hp_loss":0.0,"gold_gain":0.0,"event_name":"Ghosts","player_choice":"Ignored","floor":19.0,"gold_loss":0.0,"damage_taken":0.0},{"damage_healed":0.0,"max_hp_gain":0.0,"max_hp_loss":0.0,"gold_gain":0.0,"event_name":"Back to Basics","player_choice":"Simplicity","floor":20.0,"gold_loss":0.0,"damage_taken":0.0,"cards_upgraded":["Strike_R","Strike_R","Strike_R","Strike_R","Strike_R","Defend_R","Defend_R","Defend_R","Defend_R"]},{"damage_healed":0.0,"max_hp_gain":0.0,"max_hp_loss":0.0,"gold_gain":0.0,"event_name":"Beggar","player_choice":"Ignored","floor":21.0,"gold_loss":0.0,"damage_taken":0.0},{"damage_healed":0.0,"max_hp_gain":0.0,"max_hp_loss":0.0,"gold_gain":0.0,"event_name":"Colosseum","player_choice":"Fight","floor":25.0,"gold_loss":0.0,"damage_taken":0.0},{"damage_healed":0.0,"max_hp_gain":0.0,"max_hp_loss":0.0,"gold_gain":0.0,"event_name":"Colosseum","player_choice":"Fled From Nobs","floor":25.0,"gold_loss":0.0,"damage_taken":0.0},{"damage_healed":0.0,"max_hp_gain":0.0,"max_hp_loss":0.0,"gold_gain":0.0,"event_name":"Lab","player_choice":"Got Potions","floor":31.0,"gold_loss":0.0,"damage_taken":0.0},{"damage_healed":0.0,"max_hp_gain":0.0,"max_hp_loss":0.0,"gold_gain":0.0,"event_name":"SecretPortal","player_choice":"Ignored","floor":39.0,"gold_loss":0.0,"damage_taken":0.0},{"damage_healed":0.0,"max_hp_gain":0.0,"max_hp_loss":0.0,"gold_gain":333.0,"event_name":"The Moai Head","player_choice":"Gave Idol","floor":48.0,"relics_lost":["Golden Idol"],"gold_loss":0.0,"damage_taken":0.0}],"is_beta":false,"boss_relics":[{"not_picked":["Coffee Dripper","Lizard Tail"],"picked":"Cursed Key"},{"not_picked":["Runic Cube","Astrolabe"],"picked":"Black Blood"}],"items_purged_floors":[7,29,54],"is_endless":false,"potions_floor_spawned":[10,14,28,33,41,47],"killed_by":"The Heart","ascension_level":20}