{"gold_per_floor":[118,118,135,151,171,171,199,210,210,23,36,36,55,65,65,165,165,182,197,16,36,36,61,61,387,387,387,302,8,28,38,38,139,139,155,155,165,216,231,231],"floor_reached":40,"playtime":1863,"items_purged":["Decay","Normality"],"score":529,"play_id":"95805832-e116-4c50-bda4-9807a9a19613","local_time":"20180811214306","is_ascension_mode":true,"campfire_choices":[{"data":"White Noise","floor":6,"key":"SMITH"},{"floor":15,"key":"REST"},{"floor":24,"key":"REST"},{"floor":27,"key":"REST"},{"floor":32,"key":"REST"}],"neow_cost":"CURSE","seed_source_timestamp":52155665456513,"circlet_count":0,"master_deck":["Strike_B","Strike_B","Strike_B","Strike_B","Defend_B","Defend_B","Defend_B","Zap","Dualcast","Barrage","Reboot","Chill","White Noise+1","Doom and Gloom","Creative AI","Beam Cell","Mind Blast","FTL","Sweeping Beam","White Noise","Core Surge","Doubt","Parasite","Defragment","All For One","Melter","Steam","Streamline","Ball Lightning","Defragment","Hologram","Rip and Tear+1","Loop","Electrodynamics","Leap+1","Double Energy+1","Hologram+1","Ball Lightning+1"],"relics":["Cracked Core","Dead Branch","Torii","Calling Bell","Pen Nib","Letter Opener","Incense Burner","Bottled Lightning","Old Coin","Cables","Molten Egg 2","ClockworkSouvenir","Fusion Hammer","Mango"],"potions_floor_usage":[16,16,16,23,23,33,33,39,40],"damage_taken":[{"damage":7,"enemies":"Small Slimes","floor":1,"turns":3},{"damage":1,"enemies":"Cultist","floor":3,"turns":3},{"damage":0,"enemies":"Jaw Worm","floor":4,"turns":3},{"damage":0,"enemies":"2 Fungi Beasts","floor":5,"turns":2},{"damage":13,"enemies":"3 Sentries","floor":7,"turns":5},{"damage":23,"enemies":"3 Louse","floor":8,"turns":3},{"damage":10,"enemies":"Looter","floor":11,"turns":3},{"damage":0,"enemies":"Lots of Slimes","floor":13,"turns":1},{"damage":8,"enemies":"Blue Slaver","floor":14,"turns":3},{"damage":34,"enemies":"Hexaghost","floor":16,"turns":7},{"damage":15,"enemies":"3 Byrds","floor":18,"turns":4},{"damage":10,"enemies":"Chosen","floor":19,"turns":4},{"damage":8,"enemies":"Centurion and Healer","floor":21,"turns":8},{"damage":19,"enemies":"Gremlin Leader","floor":23,"turns":7},{"damage":21,"enemies":"Book of Stabbing","floor":25,"turns":5},{"damage":11,"enemies":"Snecko","floor":30,"turns":5},{"damage":10,"enemies":"Sentry and Sphere","floor":31,"turns":4},{"damage":64,"enemies":"Collector","floor":33,"turns":11},{"damage":21,"enemies":"Flame Bruiser 1 Orb","floor":35,"turns":6},{"damage":9,"enemies":"3 Darklings","floor":37,"turns":3},{"damage":16,"floor":38,"turns":4},{"damage":14,"enemies":"Sphere and 2 Shapes","floor":39,"turns":3},{"damage":88,"enemies":"Giant Head","floor":40,"turns":12}],"seed_played":"-1570430392188365638","potions_obtained":[{"floor":4,"key":"Energy Potion"},{"floor":11,"key":"Energy Potion"},{"floor":13,"key":"Strength Potion"},{"floor":14,"key":"Regen Potion"},{"floor":16,"key":"Explosive Potion"},{"floor":18,"key":"SteroidPotion"},{"floor":25,"key":"Explosive Potion"},{"floor":30,"key":"Ancient Potion"},{"floor":37,"key":"SteroidPotion"},{"floor":38,"key":"Ancient Potion"}],"is_trial":false,"path_per_floor":["M","?","M","M","M","R","E","M","T","$","M","$","M","M","R","B",null,"M","M","$","M","?","E","R","E","T","R","?","$","M","M","R","B",null,"M","?","M","?","M"],"character_chosen":"DEFECT","items_purchased":["Mind Blast","Steam","Melter","Steam","ClockworkSouvenir","Defragment","Hologram"],"campfire_rested":4,"item_purchase_floors":[10,10,20,20,29,29,29],"current_hp_per_floor":[82,82,81,81,81,81,68,52,52,52,42,42,42,34,60,41,89,88,78,78,70,53,41,69,48,48,76,76,76,65,55,83,19,94,80,80,71,69,55,0],"gold":231,"neow_bonus":"TWENTY_PERCENT_HP_BONUS","is_prod":false,"is_daily":false,"chose_seed":false,"campfire_upgraded":1,"win_rate":0,"timestamp":1534016586,"path_taken":["M","?","M","M","M","R","E","?","T","$","M","$","?","M","R","BOSS","M","M","$","M","?","E","R","E","T","R","?","$","M","M","R","BOSS","M","?","M","?","M","E"],"build_version":"2018-08-09","purchased_purges":2,"victory":false,"max_hp_per_floor":[89,89,89,89,89,89,89,89,89,89,89,89,89,89,89,89,89,89,89,89,89,94,94,94,94,94,94,94,94,94,94,94,94,94,94,94,94,108,108,108],"card_choices":[{"not_picked":["Redo","Hologram"],"picked":"Barrage","floor":1},{"not_picked":["Rip and Tear","Gash"],"picked":"Chill","floor":3},{"not_picked":["Go for the Eyes","Reinforced Body"],"picked":"White Noise","floor":4},{"not_picked":["Coolheaded","Beam Cell"],"picked":"Doom and Gloom","floor":5},{"not_picked":["Rebound","Hello World"],"picked":"Creative AI","floor":7},{"not_picked":["Turbo","Gash"],"picked":"Beam Cell","floor":8},{"not_picked":["Sweeping Beam","Storm"],"picked":"FTL","floor":11},{"not_picked":["Fission","Hello World"],"picked":"Sweeping Beam","floor":13},{"not_picked":["Hologram","Chill"],"picked":"White Noise","floor":14},{"not_picked":["Amplify","Creative AI"],"picked":"Core Surge","floor":16},{"not_picked":["Loop","Compile Driver+1"],"picked":"Defragment","floor":18},{"not_picked":["Redo","Leap"],"picked":"All For One","floor":19},{"not_picked":["Conserve Battery+1","Loop"],"picked":"Streamline","floor":21},{"not_picked":["White Noise","Gash","Go for the Eyes"],"picked":"SKIP","floor":23},{"not_picked":["Go for the Eyes","Capacitor"],"picked":"Ball Lightning","floor":25},{"not_picked":["Sweeping Beam+1","Conserve Battery"],"picked":"Rip and Tear+1","floor":30},{"not_picked":["Gash+1","Turbo"],"picked":"Loop","floor":31},{"not_picked":["Biased Cognition","Seek"],"picked":"Electrodynamics","floor":33},{"not_picked":["Gash+1","Heatsinks"],"picked":"Leap+1","floor":35},{"not_picked":["Darkness+1","Redo"],"picked":"Double Energy+1","floor":37},{"not_picked":["Genetic Algorithm","FTL+1"],"picked":"Hologram+1","floor":38},{"not_picked":["Consume","Cold Snap+1"],"picked":"Ball Lightning+1","floor":39}],"player_experience":171422,"relics_obtained":[{"floor":7,"key":"Dead Branch"},{"floor":9,"key":"Torii"},{"floor":17,"key":"Pen Nib"},{"floor":17,"key":"Letter Opener"},{"floor":17,"key":"Incense Burner"},{"floor":23,"key":"Bottled Lightning"},{"floor":25,"key":"Old Coin"},{"floor":26,"key":"Cables"},{"floor":38,"key":"Mango"}],"event_choices":[{"event_name":"Transmorgrifier","player_choice":"Transform","floor":2,"damage_taken":0},{"event_name":"Forgotten Altar","player_choice":"Shed Blood","floor":22,"damage_taken":0},{"event_name":"Addict","player_choice":"Obtained Relic","floor":28,"damage_taken":0},{"event_name":"Falling","player_choice":"Removed Skill","floor":36,"damage_taken":0},{"event_name":"Mysterious Sphere","player_choice":"Fight","floor":38,"damage_taken":0}],"is_beta":false,"boss_relics":[{"not_picked":["Coffee Dripper","Ectoplasm"],"picked":"Calling Bell"},{"not_picked":["Black Star","Pandora\u0027s Box"],"picked":"Fusion Hammer"}],"items_purged_floors":[10,20],"is_endless":false,"potions_floor_spawned":[4,11,13,14,16,18,25,30,37,38],"killed_by":"Giant Head","ascension_level":1}