{"gold_per_floor":[114,127,139,414,9,43,43,53,99,116,133,133,146,156,156,259,259,279,292,292,311,39,39,39,55,85,98,116,128,128,28,28,28],"floor_reached":33,"playtime":2113,"items_purged":["Regret","Strike_G"],"score":369,"play_id":"e94dcea0-ab5d-4dc7-9ca7-26131a689c5e","local_time":"20190501012309","is_ascension_mode":true,"campfire_choices":[{"data":"Neutralize","floor":7,"key":"SMITH"},{"data":"Caltrops","floor":12,"key":"SMITH"},{"data":"Glass Knife","floor":15,"key":"SMITH"},{"floor":23,"key":"REST"},{"floor":30,"key":"REST"},{"data":"Bouncing Flask","floor":32,"key":"SMITH"}],"neow_cost":"NONE","seed_source_timestamp":681311558838129,"circlet_count":0,"master_deck":["Defend_G","Defend_G","Defend_G","Defend_G","Strike_G","Strike_G","Strike_G","Strike_G","Survivor","Neutralize+1","Poisoned Stab","Backflip","Deadly Poison","Caltrops+1","Deadly Poison","Glass Knife+1","Deadly Poison","Die Die Die","Acrobatics+1","Bouncing Flask+1","Footwork"],"relics":["Ring of the Snake","Singing Bowl","Meat on the Bone","Regal Pillow","White Beast Statue","TwistedFunnel","Tiny Chest"],"potions_floor_usage":[6,6,11,16,21,21,25,28,28,33],"damage_taken":[{"damage":0,"enemies":"2 Louse","floor":1,"turns":3},{"damage":1,"enemies":"Cultist","floor":2,"turns":4},{"damage":3,"enemies":"Jaw Worm","floor":3,"turns":4},{"damage":7,"enemies":"3 Sentries","floor":6,"turns":10},{"damage":10,"enemies":"Red Slaver","floor":8,"turns":4},{"damage":13,"enemies":"Exordium Wildlife","floor":10,"turns":7},{"damage":8,"enemies":"Lots of Slimes","floor":11,"turns":4},{"damage":14,"enemies":"Exordium Thugs","floor":13,"turns":3},{"damage":5,"enemies":"3 Louse","floor":14,"turns":4},{"damage":24,"enemies":"Slime Boss","floor":16,"turns":11},{"damage":16,"enemies":"3 Byrds","floor":18,"turns":4},{"damage":27,"enemies":"Spheric Guardian","floor":19,"turns":4},{"damage":33,"enemies":"Centurion and Healer","floor":21,"turns":7},{"damage":5,"enemies":"3 Cultists","floor":25,"turns":5},{"damage":34,"enemies":"Snake Plant","floor":27,"turns":4},{"damage":30,"enemies":"Centurion and Healer","floor":28,"turns":5},{"damage":11,"enemies":"Snecko","floor":29,"turns":4},{"damage":61,"enemies":"Champ","floor":33,"turns":6}],"seed_played":"-7390841234276111149","potions_obtained":[{"floor":0,"key":"Dexterity Potion"},{"floor":0,"key":"Fire Potion"},{"floor":0,"key":"Fire Potion"},{"floor":2,"key":"SkillPotion"},{"floor":10,"key":"SkillPotion"},{"floor":14,"key":"PowerPotion"},{"floor":18,"key":"GhostInAJar"},{"floor":19,"key":"PowerPotion"},{"floor":21,"key":"Fire Potion"},{"floor":25,"key":"Fire Potion"},{"floor":27,"key":"Explosive Potion"},{"floor":28,"key":"Strength Potion"},{"floor":29,"key":"AttackPotion"}],"is_trial":false,"path_per_floor":["M","M","M","?","$","E","R","M","T","M","M","R","M","M","R","B",null,"M","M","?","M","$","R","$","M","T","M","M","M","R","$","R","B"],"character_chosen":"THE_SILENT","items_purchased":["Singing Bowl","Caltrops","TwistedFunnel","Footwork"],"campfire_rested":2,"item_purchase_floors":[5,5,22,22],"current_hp_per_floor":[63,62,59,59,59,54,54,44,44,43,47,47,47,44,44,32,65,49,36,36,17,17,56,56,53,53,33,17,20,61,61,61,0],"gold":28,"neow_bonus":"THREE_SMALL_POTIONS","is_prod":false,"is_daily":false,"chose_seed":false,"campfire_upgraded":4,"win_rate":0,"timestamp":1556670189,"path_taken":["M","M","M","?","$","E","R","M","T","?","M","R","M","M","R","BOSS","M","M","?","M","$","R","?","M","T","?","M","M","R","?","R","BOSS"],"build_version":"2019-01-23","purchased_purges":2,"victory":false,"max_hp_per_floor":[70,70,70,70,70,72,72,72,72,72,72,72,74,76,76,76,76,76,78,78,80,80,80,80,82,82,84,86,88,88,88,88,88],"card_choices":[{"not_picked":["Deadly Poison","Bane"],"picked":"Poisoned Stab","floor":1},{"not_picked":["Cloak And Dagger","Expertise"],"picked":"Backflip","floor":2},{"not_picked":["Terror","Riddle With Holes"],"picked":"Deadly Poison","floor":3},{"not_picked":["Predator","Setup","Flechettes"],"picked":"Singing Bowl","floor":6},{"not_picked":["Deflect","Concentrate"],"picked":"Deadly Poison","floor":8},{"not_picked":["Deadly Poison","Slice"],"picked":"Glass Knife","floor":10},{"not_picked":["Poisoned Stab","Dagger Spray"],"picked":"Deadly Poison","floor":11},{"not_picked":["Flying Knee","Poisoned Stab","Outmaneuver"],"picked":"Singing Bowl","floor":13},{"not_picked":["Bane","Calculated Gamble","Deflect"],"picked":"Singing Bowl","floor":14},{"not_picked":["Burst","Glass Knife"],"picked":"Die Die Die","floor":16},{"not_picked":["Riddle With Holes","Flying Knee"],"picked":"Acrobatics+1","floor":18},{"not_picked":["Flechettes","Cloak And Dagger","Blade Dance"],"picked":"Singing Bowl","floor":19},{"not_picked":["Deadly Poison","Terror+1","Quick Slash"],"picked":"Singing Bowl","floor":21},{"not_picked":["Eviscerate","Choke","PiercingWail"],"picked":"Singing Bowl","floor":25},{"not_picked":["Dagger Spray+1","Phantasmal Killer","Dash"],"picked":"Singing Bowl","floor":27},{"not_picked":["Flying Knee+1","Backflip","Dodge and Roll+1"],"picked":"Singing Bowl","floor":28},{"not_picked":["Acrobatics","Quick Slash","Cloak And Dagger"],"picked":"Singing Bowl","floor":29}],"player_experience":568271,"relics_obtained":[{"floor":6,"key":"Meat on the Bone"},{"floor":9,"key":"Regal Pillow"},{"floor":26,"key":"Tiny Chest"}],"event_choices":[{"damage_healed":0,"gold_gain":275,"player_choice":"Desecrate","damage_taken":0,"max_hp_gain":0,"max_hp_loss":0,"event_name":"Golden Shrine","floor":4,"gold_loss":0,"cards_obtained":["Regret"]},{"damage_healed":0,"gold_gain":0,"cards_transformed":["Defend_G"],"player_choice":"Transformed","damage_taken":0,"max_hp_gain":0,"max_hp_loss":0,"event_name":"Transmorgrifier","floor":20,"gold_loss":0,"cards_obtained":["Bouncing Flask"]}],"is_beta":false,"boss_relics":[{"not_picked":["Fusion Hammer","Empty Cage"],"picked":"White Beast Statue"}],"items_purged_floors":[5,31],"is_endless":false,"potions_floor_spawned":[2,3,10,14,18,19,21,25,27,28,29],"killed_by":"Champ","ascension_level":7}