{"gold_per_floor":[11,30,30,44,64,64,98,117,117,143,143,156,156,176,176,247,247,167,182,202,2,2,19,19,19,19,37,63,63,82,93,93,172,172,189,189,207,207,224,249,249],"floor_reached":41,"playtime":5583,"items_purged":[],"score":914,"play_id":"4a160aab-72b8-4347-a9d3-45fe725ba5ea","local_time":"20190104153014","is_ascension_mode":true,"campfire_choices":[{"data":"Go for the Eyes","floor":6.0,"key":"SMITH"},{"data":"Loop","floor":11.0,"key":"SMITH"},{"data":"Hologram","floor":13.0,"key":"SMITH"},{"data":"Thunder Strike","floor":15.0,"key":"SMITH"},{"data":"Apotheosis","floor":24.0,"key":"SMITH"},{"floor":29.0,"key":"REST"},{"floor":32.0,"key":"REST"}],"neow_cost":"NO_GOLD","seed_source_timestamp":1355503550752137,"circlet_count":0,"master_deck":["AscendersBane","Strike_B","Defend_B","Defend_B","Defend_B","Defend_B","Zap+1","Dualcast","Consume","Core Surge","Go for the Eyes+1","Coolheaded","Cold Snap","Ball Lightning","Loop+1","Leap","Seek","Hologram+1","Thunder Strike+1","Reboot","Go for the Eyes","Conserve Battery","Apotheosis+1","RitualDagger","Reprogram","Reprogram","Turbo","Steam","Reboot","Sweeping Beam"],"special_seed":0,"relics":["Cracked Core","Omamori","Strawberry","Pen Nib","Runic Pyramid","Mummified Hand","Cables","Busted Crown","Centennial Puzzle"],"potions_floor_usage":[40,40],"damage_taken":[{"damage":14.0,"enemies":"Jaw Worm","floor":1.0,"turns":4.0},{"damage":1.0,"enemies":"Cultist","floor":2.0,"turns":4.0},{"damage":0.0,"enemies":"Small Slimes","floor":4.0,"turns":4.0},{"damage":2.0,"enemies":"3 Louse","floor":5.0,"turns":4.0},{"damage":7.0,"enemies":"Gremlin Nob","floor":7.0,"turns":3.0},{"damage":4.0,"enemies":"Red Slaver","floor":8.0,"turns":3.0},{"damage":22.0,"enemies":"Lagavulin","floor":10.0,"turns":6.0},{"damage":1.0,"enemies":"Looter","floor":12.0,"turns":3.0},{"damage":4.0,"enemies":"3 Louse","floor":14.0,"turns":2.0},{"damage":12.0,"enemies":"Hexaghost","floor":16.0,"turns":8.0},{"damage":11.0,"enemies":"2 Thieves","floor":18.0,"turns":4.0},{"damage":0.0,"enemies":"3 Byrds","floor":19.0,"turns":5.0},{"damage":18.0,"enemies":"Snake Plant","floor":20.0,"turns":4.0},{"damage":0.0,"enemies":"Chosen and Byrds","floor":23.0,"turns":5.0},{"damage":2.0,"enemies":"Centurion and Healer","floor":27.0,"turns":8.0},{"damage":15.0,"enemies":"Book of Stabbing","floor":28.0,"turns":7.0},{"damage":15.0,"enemies":"3 Cultists","floor":30.0,"turns":6.0},{"damage":0.0,"enemies":"Snecko","floor":31.0,"turns":3.0},{"damage":18.0,"enemies":"Collector","floor":33.0,"turns":10.0},{"damage":27,"enemies":"3 Darklings","floor":35,"turns":5},{"damage":6,"enemies":"3 Shapes","floor":37,"turns":3},{"damage":0,"enemies":"Transient","floor":39,"turns":6},{"damage":18,"enemies":"Reptomancer","floor":40,"turns":7},{"damage":15,"enemies":"4 Shapes","floor":41,"turns":1}],"seed_played":"-7949329279750343610","potions_obtained":[{"floor":1.0,"key":"Explosive Potion"},{"floor":7.0,"key":"Swift Potion"},{"floor":10.0,"key":"EntropicBrew"},{"floor":12.0,"key":"SpeedPotion"},{"floor":16.0,"key":"Block Potion"},{"floor":23.0,"key":"Swift Potion"},{"floor":27.0,"key":"GamblersBrew"},{"floor":28.0,"key":"Ancient Potion"},{"floor":30.0,"key":"Energy Potion"},{"floor":31.0,"key":"FocusPotion"},{"floor":37,"key":"Poison Potion"},{"floor":39,"key":"Block Potion"},{"floor":40,"key":"SteroidPotion"}],"is_trial":false,"path_per_floor":["M","M","?","M","M","R","E","M","T","E","R","M","R","M","R","B",null,"M","M","M","$","?","M","R","?","T","M","E","R","M","M","R","B",null,"M","?","M","?","M","E","M"],"character_chosen":"DEFECT","items_purchased":["Apotheosis"],"campfire_rested":2,"item_purchase_floors":[21],"current_hp_per_floor":[50,49,49,49,47,47,40,36,43,21,21,20,20,16,16,4,60,49,49,31,31,25,25,25,25,25,23,8,31,16,16,39,21,64,37,37,31,31,31,13,0],"gold":249,"neow_bonus":"TRANSFORM_TWO_CARDS","is_prod":false,"is_daily":false,"chose_seed":false,"campfire_upgraded":5,"win_rate":0,"timestamp":1546637414,"path_taken":["M","M","?","M","?","R","E","M","T","E","R","M","R","M","R","BOSS","M","M","M","$","?","M","R","?","T","?","E","R","M","M","R","BOSS","M","?","M","?","?","E","M"],"build_version":"2019-01-03v3","purchased_purges":0,"victory":false,"max_hp_per_floor":[71,71,71,71,71,71,71,71,78,78,78,78,78,78,78,78,78,78,78,78,78,78,78,78,78,78,78,78,78,78,78,78,78,78,78,74,74,74,74,74,74],"card_choices":[{"not_picked":["Reprogram","Rip and Tear"],"picked":"Go for the Eyes","floor":1.0},{"not_picked":["Gash","Melter"],"picked":"Coolheaded","floor":2.0},{"not_picked":["Fusion","Static Discharge"],"picked":"Cold Snap","floor":4.0},{"not_picked":["Sunder","Glacier"],"picked":"Ball Lightning","floor":5.0},{"not_picked":["Undo","BootSequence"],"picked":"Loop","floor":7.0},{"not_picked":["Rebound","Streamline"],"picked":"Leap","floor":8.0},{"not_picked":["Streamline","Sweeping Beam"],"picked":"Seek","floor":10.0},{"not_picked":["Compile Driver","Redo"],"picked":"Hologram","floor":12.0},{"not_picked":["Compile Driver","Tempest"],"picked":"Thunder Strike","floor":14.0},{"not_picked":["Echo Form","Hyperbeam"],"picked":"Reboot","floor":16.0},{"not_picked":["Force Field","Recycle"],"picked":"Go for the Eyes","floor":18.0},{"not_picked":["Skim","Barrage","Rebound"],"picked":"SKIP","floor":19.0},{"not_picked":["Barrage","Chaos"],"picked":"Conserve Battery","floor":20.0},{"not_picked":["Compile Driver","Skim","Lockon"],"picked":"SKIP","floor":23.0},{"not_picked":["Compile Driver","Hologram"],"picked":"Reprogram","floor":27.0},{"not_picked":["Thunder Strike","Gash"],"picked":"Reprogram","floor":28.0},{"not_picked":["Genetic Algorithm","Gash+1"],"picked":"Turbo","floor":30.0},{"not_picked":["Hello World","Leap"],"picked":"Steam","floor":31.0},{"not_picked":["Multi-Cast","Creative AI"],"picked":"Reboot","floor":33.0},{"not_picked":["Turbo+1"],"picked":"SKIP","floor":35},{"not_picked":[],"picked":"Sweeping Beam","floor":37},{"not_picked":["Turbo"],"picked":"SKIP","floor":39},{"not_picked":["Tempest"],"picked":"SKIP","floor":40}],"player_experience":606983,"relics_obtained":[{"floor":7.0,"key":"Omamori"},{"floor":9.0,"key":"Strawberry"},{"floor":10.0,"key":"Pen Nib"},{"floor":26.0,"key":"Mummified Hand"},{"floor":28.0,"key":"Cables"},{"floor":40,"key":"Centennial Puzzle"}],"event_choices":[{"damage_healed":0.0,"max_hp_gain":0.0,"max_hp_loss":0.0,"gold_gain":0.0,"event_name":"Upgrade Shrine","player_choice":"Upgraded","floor":3.0,"gold_loss":0.0,"damage_taken":0.0,"cards_upgraded":["Zap"]},{"damage_healed":0.0,"max_hp_gain":0.0,"max_hp_loss":0.0,"gold_gain":0.0,"event_name":"Nest","player_choice":"Joined the Cult","floor":22.0,"gold_loss":0.0,"damage_taken":6.0,"cards_obtained":["RitualDagger"]},{"damage_healed":0.0,"max_hp_gain":0.0,"max_hp_loss":0.0,"gold_gain":0.0,"event_name":"FaceTrader","player_choice":"Leave","floor":25.0,"gold_loss":0.0,"damage_taken":0.0},{"damage_healed":0,"gold_gain":0,"player_choice":"Max HP","damage_taken":0,"max_hp_gain":0,"max_hp_loss":4,"event_name":"Winding Halls","floor":36,"gold_loss":0},{"cards_removed":["Strike_B"],"damage_healed":0,"gold_gain":0,"player_choice":"Purged","damage_taken":0,"max_hp_gain":0,"max_hp_loss":0,"event_name":"Purifier","floor":38,"gold_loss":0}],"is_beta":false,"boss_relics":[{"not_picked":["Lizard Tail","Velvet Choker"],"picked":"Runic Pyramid"},{"not_picked":["Black Star","Calling Bell"],"picked":"Busted Crown"}],"items_purged_floors":[],"is_endless":false,"potions_floor_spawned":[1,7,10,12,16,23,27,28,30,31,37,39,40],"killed_by":"4 Shapes","ascension_level":20}