{"gold_per_floor":[16,33,33,51,51,51,79,79,79,98,98,117,137,152,152,247,247,264,282,282,58,109,134,134,134],"floor_reached":25,"playtime":1960,"items_purged":["Pain"],"score":384,"play_id":"e2402d24-625f-40a7-8d2b-68b527b3dd14","local_time":"20181120130509","is_ascension_mode":true,"campfire_choices":[{"data":"Chill","floor":6.0,"key":"SMITH"},{"data":"Reprogram","floor":15.0,"key":"SMITH"},{"floor":24.0,"key":"REST"}],"neow_cost":"NO_GOLD","seed_source_timestamp":862475153057749,"circlet_count":0,"master_deck":["AscendersBane","Strike_B","Strike_B","Defend_B","Defend_B","Defend_B","Defend_B","Zap","Dualcast","Amplify","Chill+1","Compile Driver","Leap","Heatsinks","Auto Shields","Chaos+1","Reprogram+1","Hello World","Compile Driver","Creative AI","Defragment","Compile Driver+1","Self Repair","Melter","Redo+1"],"special_seed":0,"relics":["Cracked Core","Meat on the Bone","Sundial","Question Card","Nuclear Battery","WarpedTongs","Regal Pillow","Torii"],"potions_floor_usage":[25],"damage_taken":[{"damage":5.0,"enemies":"2 Louse","floor":1.0,"turns":3.0},{"damage":2.0,"enemies":"Jaw Worm","floor":2.0,"turns":3.0},{"damage":0.0,"enemies":"Cultist","floor":4.0,"turns":4.0},{"damage":50.0,"enemies":"Gremlin Nob","floor":7.0,"turns":6.0},{"damage":0.0,"enemies":"Large Slime","floor":10.0,"turns":6.0},{"damage":1.0,"enemies":"Blue Slaver","floor":12.0,"turns":5.0},{"damage":0.0,"enemies":"3 Louse","floor":13.0,"turns":5.0},{"damage":0.0,"enemies":"2 Fungi Beasts","floor":14.0,"turns":4.0},{"damage":23.0,"enemies":"Slime Boss","floor":16.0,"turns":10.0},{"damage":0.0,"enemies":"Chosen","floor":18.0,"turns":4.0},{"damage":11.0,"enemies":"Spheric Guardian","floor":19.0,"turns":5.0},{"damage":38.0,"enemies":"Gremlin Leader","floor":23.0,"turns":8.0},{"damage":80,"enemies":"Slavers","floor":25,"turns":6}],"seed_played":"-557873320517749093","potions_obtained":[{"floor":2.0,"key":"SpeedPotion"},{"floor":10.0,"key":"FearPotion"},{"floor":13.0,"key":"Fire Potion"},{"floor":23.0,"key":"LiquidBronze"}],"is_trial":false,"path_per_floor":["M","M","?","M","?","R","E","T","T","M","?","M","M","M","R","B",null,"M","M","?","$","T","E","R","E"],"character_chosen":"DEFECT","items_purchased":["Self Repair","Melter"],"campfire_rested":1,"item_purchase_floors":[21,21],"current_hp_per_floor":[63,61,61,61,66,66,16,16,16,28,28,39,51,51,51,40,70,70,59,59,59,59,47,80,0],"gold":134,"neow_bonus":"TRANSFORM_TWO_CARDS","is_prod":false,"is_daily":false,"chose_seed":false,"campfire_upgraded":2,"win_rate":0,"timestamp":1542737109,"path_taken":["M","M","?","M","?","R","E","?","T","?","?","M","M","M","R","BOSS","M","M","?","$","?","E","R","E"],"build_version":"2018-11-15","purchased_purges":1,"victory":false,"max_hp_per_floor":[75,75,75,75,80,80,80,80,80,80,80,80,80,80,80,80,80,80,80,80,80,80,80,80,80],"card_choices":[{"not_picked":["Sweeping Beam","Coolheaded"],"picked":"Compile Driver","floor":1.0},{"not_picked":["Compile Driver","Beam Cell"],"picked":"Leap","floor":2.0},{"not_picked":["Barrage","Reprogram"],"picked":"Heatsinks","floor":4.0},{"not_picked":["Electrodynamics","Leap"],"picked":"Auto Shields","floor":7.0},{"not_picked":["Leap","Turbo","Gash"],"picked":"Chaos","floor":10.0},{"not_picked":["Leap","Conserve Battery","Beam Cell"],"picked":"Reprogram","floor":12.0},{"not_picked":["Leap","Conserve Battery","Cold Snap"],"picked":"Hello World","floor":13.0},{"not_picked":["Reinforced Body","BootSequence","Steam"],"picked":"Compile Driver","floor":14.0},{"not_picked":["Amplify","Hyperbeam","Meteor Strike"],"picked":"Creative AI","floor":16.0},{"not_picked":["Rebound","Stack","Streamline"],"picked":"Defragment","floor":18.0},{"not_picked":["Leap","Amplify","Ball Lightning"],"picked":"Compile Driver+1","floor":19.0},{"not_picked":["Rip and Tear","Hologram","Rebound"],"picked":"Redo+1","floor":23.0}],"player_experience":414716,"relics_obtained":[{"floor":7.0,"key":"Meat on the Bone"},{"floor":8.0,"key":"Sundial"},{"floor":9.0,"key":"Question Card"},{"floor":22.0,"key":"Regal Pillow"},{"floor":23.0,"key":"Torii"}],"event_choices":[{"damage_healed":0.0,"max_hp_gain":0.0,"max_hp_loss":0.0,"gold_gain":0.0,"event_name":"The Cleric","player_choice":"Leave","floor":3.0,"gold_loss":0.0,"damage_taken":0.0},{"damage_healed":0.0,"max_hp_gain":5.0,"max_hp_loss":0.0,"gold_gain":0.0,"event_name":"Big Fish","player_choice":"Donut","floor":5.0,"gold_loss":0.0,"damage_taken":0.0},{"damage_healed":0.0,"max_hp_gain":0.0,"max_hp_loss":0.0,"gold_gain":0.0,"event_name":"Living Wall","player_choice":"Grow","floor":11.0,"gold_loss":0.0,"damage_taken":0.0,"cards_upgraded":["Chaos"]},{"damage_healed":0.0,"max_hp_gain":0.0,"max_hp_loss":0.0,"gold_gain":0.0,"event_name":"Accursed Blacksmith","player_choice":"Rummage","floor":20.0,"gold_loss":0.0,"damage_taken":0.0,"relics_obtained":["WarpedTongs"],"cards_obtained":["Pain"]}],"is_beta":false,"boss_relics":[{"not_picked":["Cursed Key","Coffee Dripper"],"picked":"Nuclear Battery"}],"items_purged_floors":[21],"is_endless":false,"potions_floor_spawned":[2,10,13,14,19,23],"killed_by":"Slavers","ascension_level":11}