{"gold_per_floor":[114,17,29,41,116,148,148,178,178,31,31,42,61,61,61,165,165,175,164,58,70,70,70,70,70,70,70,101,116,136,151,151,247,247,262,279,279,290,290],"floor_reached":39,"playtime":2144,"items_purged":[],"score":463,"play_id":"00f4dec3-a04c-45aa-9db6-b19324653a56","local_time":"20180801184724","is_ascension_mode":false,"campfire_choices":[{"floor":7,"key":"REST"},{"floor":15,"key":"REST"},{"floor":23,"key":"REST"},{"floor":32,"key":"REST"}],"neow_cost":"TEN_PERCENT_HP_LOSS","seed_source_timestamp":216206703692393,"circlet_count":0,"master_deck":["Strike_B","Strike_B","Strike_B","Defend_B","Defend_B","Defend_B","Zap","Dualcast","Double Energy","Aggregate","Leap","Static Discharge","Ball Lightning","BootSequence","Leap","Creative AI+1","Redo","Sweeping Beam","Static Discharge","Leap","Glacier","Streamline","Echo Form","Doom and Gloom","FTL","Storm","Conserve Battery","Loop","Core Surge","Turbo","Defragment","Seek","Conserve Battery","Streamline+1","Good Instincts","Sunder"],"relics":["Cracked Core","Omamori","Gambling Chip","Gremlin Horn","Juzu Bracelet","Lizard Tail","Anchor","Symbiotic Virus","Incense Burner","Nuclear Battery"],"potions_floor_usage":[8,16,16,18,21,30,31,31],"damage_taken":[{"damage":10,"enemies":"Small Slimes","floor":1,"turns":4},{"damage":1,"enemies":"Jaw Worm","floor":3,"turns":4},{"damage":1,"enemies":"Cultist","floor":4,"turns":3},{"damage":22,"enemies":"3 Sentries","floor":6,"turns":6},{"damage":9,"enemies":"Gremlin Nob","floor":8,"turns":4},{"damage":3,"enemies":"Large Slime","floor":12,"turns":5},{"damage":6,"enemies":"3 Louse","floor":13,"turns":2},{"damage":19,"enemies":"The Guardian","floor":16,"turns":9},{"damage":5,"enemies":"Shell Parasite","floor":18,"turns":4},{"damage":16,"enemies":"2 Thieves","floor":19,"turns":4},{"damage":24,"enemies":"Centurion and Healer","floor":21,"turns":6},{"damage":17,"enemies":"Book of Stabbing","floor":28,"turns":5},{"damage":15,"enemies":"Snecko","floor":29,"turns":4},{"damage":19,"enemies":"Sentry and Sphere","floor":30,"turns":4},{"damage":0,"enemies":"Cultist and Chosen","floor":31,"turns":6},{"damage":15,"enemies":"Automaton","floor":33,"turns":12},{"damage":14,"enemies":"3 Shapes","floor":35,"turns":3},{"damage":20,"enemies":"3 Darklings","floor":36,"turns":6},{"damage":50,"enemies":"Maw","floor":38,"turns":7},{"damage":28,"enemies":"Spire Growth","floor":39,"turns":5}],"seed_played":"1430576804513034804","potions_obtained":[{"floor":6,"key":"Fire Potion"},{"floor":8,"key":"AttackPotion"},{"floor":12,"key":"PowerPotion"},{"floor":13,"key":"LiquidBronze"},{"floor":19,"key":"Block Potion"},{"floor":28,"key":"FearPotion"},{"floor":29,"key":"Poison Potion"},{"floor":30,"key":"Weak Potion"}],"is_trial":false,"path_per_floor":["M","$","M","M","?","E","R","E","T","$","?","M","M","?","R","B",null,"M","M","$","M","?","R","?","?","T","?","E","M","M","M","R","B",null,"M","M","?","M"],"character_chosen":"DEFECT","items_purchased":["Static Discharge","Ball Lightning","Sweeping Beam","Static Discharge","Leap","Storm","Conserve Battery"],"campfire_rested":4,"item_purchase_floors":[2,2,10,10,10,20,20],"current_hp_per_floor":[58,58,57,56,45,23,43,34,34,34,34,31,25,25,45,26,68,63,47,47,23,28,48,68,56,56,56,39,24,5,5,26,11,73,59,39,39,25,0],"gold":290,"neow_bonus":"TRANSFORM_TWO_CARDS","is_prod":false,"is_daily":false,"chose_seed":false,"campfire_upgraded":0,"win_rate":0,"timestamp":1533142044,"path_taken":["M","$","M","M","?","E","R","E","T","$","?","M","M","?","R","BOSS","M","M","$","M","?","R","?","?","T","?","E","M","M","M","R","BOSS","M","M","?","M","M"],"build_version":"2018-07-26","purchased_purges":0,"victory":false,"max_hp_per_floor":[68,68,68,68,68,68,68,68,68,68,68,68,68,68,68,68,68,68,68,68,68,68,68,68,73,73,73,73,73,73,73,73,73,73,73,73,73,73,73],"card_choices":[{"not_picked":["Cold Snap","Go for the Eyes"],"picked":"Leap","floor":1},{"not_picked":["Leap","Cold Snap"],"picked":"BootSequence","floor":3},{"not_picked":["Stack","Steam"],"picked":"Leap","floor":4},{"not_picked":["Ball Lightning","Sunder"],"picked":"Creative AI","floor":6},{"not_picked":["Skim","Gash"],"picked":"Redo","floor":8},{"not_picked":["Hologram","Sweeping Beam"],"picked":"Glacier","floor":12},{"not_picked":["Hologram","Defragment"],"picked":"Streamline","floor":13},{"not_picked":["Creative AI","Machine Learning"],"picked":"Echo Form","floor":16},{"not_picked":["Skim","Gash"],"picked":"Doom and Gloom","floor":18},{"not_picked":["Consume","Turbo"],"picked":"FTL","floor":19},{"not_picked":["Barrage+1","Hologram"],"picked":"Conserve Battery","floor":21},{"not_picked":["Sweeping Beam","Blizzard"],"picked":"Loop","floor":28},{"not_picked":["Capacitor","Doom and Gloom+1"],"picked":"Core Surge","floor":29},{"not_picked":["Leap","Go for the Eyes+1"],"picked":"Turbo","floor":30},{"not_picked":["Rebound","Steam"],"picked":"Defragment","floor":31},{"not_picked":["Amplify","Fission"],"picked":"Seek","floor":33},{"not_picked":["Turbo+1","Aggregate+1"],"picked":"Conserve Battery","floor":35},{"not_picked":["Steam+1","Stack"],"picked":"Streamline+1","floor":36},{"not_picked":["Trip","Sadistic Nature"],"picked":"Good Instincts","floor":37},{"not_picked":["Barrage+1","Scrape"],"picked":"Sunder","floor":38}],"player_experience":137502,"relics_obtained":[{"floor":6,"key":"Omamori"},{"floor":8,"key":"Gambling Chip"},{"floor":9,"key":"Gremlin Horn"},{"floor":26,"key":"Anchor"},{"floor":28,"key":"Incense Burner"}],"event_choices":[{"event_name":"World of Goop","player_choice":"Gather Gold","floor":5,"damage_taken":0},{"event_name":"WeMeetAgain","player_choice":"Potion","floor":11,"damage_taken":0},{"event_name":"Living Wall","player_choice":"Grow","floor":14,"damage_taken":0},{"event_name":"Bonfire Elementals","player_choice":"COMMON","floor":22,"damage_taken":0},{"event_name":"The Library","player_choice":"Heal","floor":24,"damage_taken":0},{"event_name":"Forgotten Altar","player_choice":"Shed Blood","floor":25,"damage_taken":0},{"event_name":"The Mausoleum","player_choice":"Yes","floor":27,"damage_taken":0},{"event_name":"SensoryStone","player_choice":"Memory 1","floor":37,"damage_taken":0}],"is_beta":false,"boss_relics":[{"not_picked":["Pandora\u0027s Box","Coffee Dripper"],"picked":"Lizard Tail"},{"not_picked":["FrozenCore","Runic Pyramid"],"picked":"Nuclear Battery"}],"items_purged_floors":[],"is_endless":false,"potions_floor_spawned":[6,8,12,13,19,28,29,30],"killed_by":"Spire Growth","ascension_level":0}