{"gold_per_floor":[114,132,148,164,175,210,210,242,242,258,258,270,270,287,287,387,387,404,404,104,121,152,185,185,198,198,198,215,215,65,75,75,75],"floor_reached":33,"playtime":2508,"items_purged":[],"score":433,"play_id":"66803093-1efe-4796-8c42-d407323ad796","local_time":"20180902215930","is_ascension_mode":true,"campfire_choices":[{"floor":7.0,"key":"REST"},{"floor":13.0,"key":"REST"},{"floor":15.0,"key":"REST"},{"floor":24,"key":"REST"},{"data":"Catalyst","floor":27,"key":"SMITH"},{"data":"Catalyst","floor":29,"key":"SMITH"},{"floor":32,"key":"REST"}],"neow_cost":"NONE","seed_source_timestamp":618987729325140,"circlet_count":0,"master_deck":["Defend_G","Defend_G","Defend_G","Defend_G","Defend_G","Strike_G+1","Strike_G","Strike_G+1","Strike_G","Strike_G","Survivor","Neutralize","Bouncing Flask","Crippling Poison","Leg Sweep","Deadly Poison","All Out Attack","Night Terror","Bouncing Flask","Dash","Deadly Poison","Backflip","Cloak And Dagger","Bane","Bouncing Flask","Glass Knife","All Out Attack","Bane","Ghostly","Ghostly","Ghostly","Ghostly","Ghostly","Noxious Fumes","Bandage Up","Catalyst+1","Cloak And Dagger","Deadly Poison","Noxious Fumes","Catalyst+1","PiercingWail","Dash","Leg Sweep"],"special_seed":0,"relics":["Ring of the Snake","Ninja Scroll","Potion Belt","Prayer Wheel","White Beast Statue","Anchor","Red Mask","Bottled Tornado","Ancient Tea Set","Whetstone"],"potions_floor_usage":[22,23,25,25,25],"damage_taken":[{"damage":3.0,"enemies":"Jaw Worm","floor":1.0,"turns":5.0},{"damage":2.0,"enemies":"2 Louse","floor":2.0,"turns":3.0},{"damage":11.0,"enemies":"Small Slimes","floor":3.0,"turns":4.0},{"damage":8.0,"enemies":"3 Louse","floor":4.0,"turns":4.0},{"damage":0.0,"enemies":"Blue Slaver","floor":5.0,"turns":4.0},{"damage":13.0,"enemies":"3 Sentries","floor":6.0,"turns":8.0},{"damage":24.0,"enemies":"Gremlin Nob","floor":8.0,"turns":5.0},{"damage":11.0,"enemies":"Large Slime","floor":10.0,"turns":6.0},{"damage":0.0,"enemies":"Looter","floor":12.0,"turns":3.0},{"damage":0.0,"enemies":"2 Fungi Beasts","floor":14.0,"turns":2.0},{"damage":23.0,"enemies":"The Guardian","floor":16.0,"turns":7.0},{"damage":7.0,"enemies":"3 Byrds","floor":18.0,"turns":6.0},{"damage":1.0,"enemies":"Chosen","floor":21.0,"turns":5.0},{"damage":0,"enemies":"Masked Bandits","floor":22,"turns":5},{"damage":32,"enemies":"Slavers","floor":23,"turns":8},{"damage":3,"enemies":"3 Cultists","floor":25,"turns":6},{"damage":6,"enemies":"Sentry and Sphere","floor":28,"turns":6},{"damage":0,"enemies":"Snake Plant","floor":31,"turns":3},{"damage":45,"enemies":"Champ","floor":33,"turns":8}],"seed_played":"3345193110992004248","potions_obtained":[{"floor":0.0,"key":"Weak Potion"},{"floor":0.0,"key":"SneckoOil"},{"floor":0.0,"key":"LiquidBronze"},{"floor":2.0,"key":"FearPotion"},{"floor":5.0,"key":"Poison Potion"},{"floor":8.0,"key":"SkillPotion"},{"floor":10.0,"key":"Weak Potion"},{"floor":16.0,"key":"Explosive Potion"},{"floor":18.0,"key":"SneckoOil"},{"floor":21.0,"key":"GamblersBrew"},{"floor":22,"key":"Swift Potion"},{"floor":23,"key":"GamblersBrew"},{"floor":25,"key":"PowerPotion"},{"floor":28,"key":"Strength Potion"},{"floor":31,"key":"Energy Potion"}],"is_trial":false,"path_per_floor":["M","M","M","M","M","E","R","E","T","M","?","M","R","M","R","B",null,"M","?","$","M","?","E","R","M","T","R","M","R","$","M","R"],"character_chosen":"THE_SILENT","items_purchased":["Anchor","Noxious Fumes","Bandage Up","Whetstone"],"campfire_rested":5,"item_purchase_floors":[20,20,20,30],"current_hp_per_floor":[67,65,54,46,46,33,54,30,30,19,19,19,40,40,61,38,62,55,35,35,34,35,3,13,14,14,14,12,12,12,12,22,0],"gold":75,"neow_bonus":"THREE_SMALL_POTIONS","is_prod":false,"is_daily":false,"chose_seed":false,"campfire_upgraded":2,"win_rate":0,"timestamp":1535939970,"path_taken":["M","M","M","M","M","E","R","E","T","M","?","M","R","M","R","BOSS","M","?","$","M","?","E","R","M","T","R","M","R","$","M","R","BOSS"],"build_version":"2018-08-30","purchased_purges":0,"victory":false,"max_hp_per_floor":[70,70,70,70,70,70,70,70,70,70,70,70,70,70,70,70,70,70,35,35,35,35,35,35,35,35,35,35,35,35,35,35,35],"card_choices":[{"not_picked":["Blur","Setup"],"picked":"Bouncing Flask","floor":1.0},{"not_picked":["PiercingWail","Flying Knee"],"picked":"Crippling Poison","floor":2.0},{"not_picked":["Tactician","Dagger Throw"],"picked":"Leg Sweep","floor":3.0},{"not_picked":["Dodge and Roll","Well Laid Plans"],"picked":"Deadly Poison","floor":4.0},{"not_picked":["PiercingWail","Heel Hook"],"picked":"All Out Attack","floor":5.0},{"not_picked":["After Image","Slice"],"picked":"Night Terror","floor":6.0},{"not_picked":["Well Laid Plans","Endless Agony"],"picked":"Bouncing Flask","floor":8.0},{"not_picked":["Acrobatics","Poisoned Stab"],"picked":"Dash","floor":10.0},{"not_picked":["Reflex","Flying Knee"],"picked":"Deadly Poison","floor":10.0},{"not_picked":["Accuracy","Heel Hook"],"picked":"Backflip","floor":12.0},{"not_picked":["Sucker Punch","Outmaneuver"],"picked":"Cloak And Dagger","floor":12.0},{"not_picked":["Terror","Dagger Spray"],"picked":"Bane","floor":14.0},{"not_picked":["Infinite Blades","Sucker Punch"],"picked":"Bouncing Flask","floor":14.0},{"not_picked":["Tools of the Trade","Wraith Form v2"],"picked":"Glass Knife","floor":16.0},{"not_picked":["Quick Slash","Slice+1"],"picked":"All Out Attack","floor":18.0},{"not_picked":["Masterful Stab","Well Laid Plans+1"],"picked":"Bane","floor":18.0},{"not_picked":["Flying Knee+1","Deadly Poison"],"picked":"Catalyst","floor":21.0},{"not_picked":["Acrobatics","Deadly Poison"],"picked":"Cloak And Dagger","floor":21.0},{"not_picked":["Tactician","Concentrate"],"picked":"Deadly Poison","floor":22},{"not_picked":["Envenom","Tactician+1"],"picked":"Noxious Fumes","floor":23},{"not_picked":["Caltrops","Slice"],"picked":"Catalyst","floor":25},{"not_picked":["Poisoned Stab","Crippling Poison"],"picked":"PiercingWail","floor":25},{"not_picked":["Skewer","Reflex","Flechettes"],"picked":"SKIP","floor":28},{"not_picked":["Expertise","Reflex","Slice"],"picked":"SKIP","floor":28},{"not_picked":["PiercingWail+1","Outmaneuver+1"],"picked":"Dash","floor":31},{"not_picked":["PiercingWail","Caltrops"],"picked":"Leg Sweep","floor":31}],"player_experience":223703,"relics_obtained":[{"floor":6.0,"key":"Ninja Scroll"},{"floor":8.0,"key":"Potion Belt"},{"floor":9.0,"key":"Prayer Wheel"},{"floor":22,"key":"Red Mask"},{"floor":23,"key":"Bottled Tornado"},{"floor":26,"key":"Ancient Tea Set"}],"event_choices":[{"event_name":"Liars Game","player_choice":"disagreed","floor":11.0,"damage_taken":0.0},{"event_name":"Ghosts","player_choice":"Became a Ghost","floor":19.0,"damage_taken":0.0},{"event_name":"Masked Bandits","player_choice":"Fought Bandits","floor":22,"damage_taken":0}],"is_beta":false,"boss_relics":[{"not_picked":["Black Star","Runic Pyramid"],"picked":"White Beast Statue"}],"items_purged_floors":[],"is_endless":false,"potions_floor_spawned":[2,5,8,10,16,18,21,22,23,25,28,31],"killed_by":"Champ","ascension_level":5}