{"gold_per_floor":[115,115,125,143,23,23,52,52,52,72,105,120,133,149,149,249,279,292,62,62,79,79,79,112,112],"floor_reached":25,"playtime":1111,"items_purged":["Regret","Pain"],"score":354,"play_id":"6e9a1d42-e61e-4820-a5f1-a5e948bcaeb6","local_time":"20190423142513","is_ascension_mode":true,"campfire_choices":[{"data":"Neutralize","floor":6,"key":"SMITH"},{"data":"Noxious Fumes","floor":8,"key":"SMITH"},{"floor":15,"key":"REST"},{"floor":23,"key":"REST"}],"neow_cost":"NONE","seed_source_timestamp":491319213942792,"circlet_count":0,"master_deck":["Defend_G","Defend_G","Strike_G","Strike_G","Strike_G","Strike_G","Strike_G","Survivor","Neutralize+1","Catalyst+1","Unload+1","Eviscerate+1","All Out Attack","Acrobatics","Dodge and Roll","Deadly Poison","Noxious Fumes+1","Bouncing Flask","Sucker Punch","Leg Sweep","Bane","Catalyst","Dodge and Roll","Parasite","Doubt","Footwork","Bandage Up","Caltrops+1","Backstab+1"],"relics":["Astrolabe","Paper Crane","Prayer Wheel","PreservedInsect","Incense Burner","Calling Bell","Tiny Chest","Shuriken","FossilizedHelix","Ginger"],"potions_floor_usage":[12,16,16],"damage_taken":[{"damage":0,"enemies":"2 Louse","floor":1,"turns":2},{"damage":7,"enemies":"Jaw Worm","floor":3,"turns":3},{"damage":1,"enemies":"Cultist","floor":4,"turns":2},{"damage":27,"enemies":"3 Sentries","floor":7,"turns":7},{"damage":0,"enemies":"Blue Slaver","floor":10,"turns":3},{"damage":12,"enemies":"Lagavulin","floor":11,"turns":3},{"damage":10,"enemies":"Exordium Wildlife","floor":12,"turns":2},{"damage":6,"enemies":"Looter","floor":13,"turns":2},{"damage":0,"enemies":"Large Slime","floor":14,"turns":2},{"damage":0,"enemies":"The Guardian","floor":16,"turns":8},{"damage":7,"enemies":"Chosen","floor":18,"turns":5},{"damage":38,"enemies":"3 Byrds","floor":21,"turns":7},{"damage":22,"enemies":"Book of Stabbing","floor":24,"turns":5},{"damage":30,"enemies":"Centurion and Healer","floor":25,"turns":6}],"seed_played":"2224851743390795836","potions_obtained":[{"floor":3,"key":"SpeedPotion"},{"floor":4,"key":"SteroidPotion"},{"floor":11,"key":"Ancient Potion"},{"floor":12,"key":"SpeedPotion"},{"floor":16,"key":"FearPotion"},{"floor":21,"key":"Explosive Potion"}],"is_trial":false,"path_per_floor":["M","?","M","M","$","R","E","R","T","M","E","M","M","M","R","B",null,"M","$","?","M","?","R","E","M"],"character_chosen":"THE_SILENT","items_purchased":["Deadly Poison","Footwork","Bandage Up"],"campfire_rested":2,"item_purchase_floors":[5,19,19],"current_hp_per_floor":[70,70,63,62,62,62,35,35,35,35,23,13,7,7,28,28,60,53,53,53,19,19,40,22,0],"gold":112,"neow_bonus":"BOSS_RELIC","is_prod":false,"is_daily":false,"chose_seed":false,"campfire_upgraded":2,"win_rate":0,"timestamp":1556025913,"path_taken":["M","?","M","M","$","R","E","R","T","M","E","M","M","M","R","BOSS","M","$","?","M","?","R","E","M"],"build_version":"2019-01-23","purchased_purges":2,"victory":false,"max_hp_per_floor":[70,70,70,70,70,70,70,70,70,70,70,70,70,70,70,70,70,70,70,70,70,70,70,70,70],"card_choices":[{"not_picked":["Outmaneuver","Well Laid Plans"],"picked":"All Out Attack","floor":1},{"not_picked":["Tactician","Reflex"],"picked":"Acrobatics","floor":3},{"not_picked":["Flying Knee","Choke"],"picked":"Dodge and Roll","floor":4},{"not_picked":["Escape Plan","Calculated Gamble"],"picked":"Noxious Fumes","floor":7},{"not_picked":["Underhanded Strike","Predator"],"picked":"Bouncing Flask","floor":10},{"not_picked":["Blade Dance","Concentrate"],"picked":"Sucker Punch","floor":10},{"not_picked":["Predator","Finisher"],"picked":"Leg Sweep","floor":11},{"not_picked":["Grand Finale","Deflect"],"picked":"Bane","floor":12},{"not_picked":["Outmaneuver","PiercingWail","Prepared"],"picked":"SKIP","floor":12},{"not_picked":["Slice","Deflect","Deadly Poison"],"picked":"SKIP","floor":13},{"not_picked":["PiercingWail","Dagger Spray","Underhanded Strike"],"picked":"SKIP","floor":13},{"not_picked":["Blade Dance","Flying Knee"],"picked":"Catalyst","floor":14},{"not_picked":["Acrobatics","Sucker Punch"],"picked":"Dodge and Roll","floor":14},{"not_picked":["Terror","Dagger Spray","Masterful Stab+1"],"picked":"SKIP","floor":18},{"not_picked":["Bane","Acrobatics","Masterful Stab"],"picked":"SKIP","floor":18},{"not_picked":["Quick Slash","Flying Knee"],"picked":"Caltrops+1","floor":21},{"not_picked":["Dagger Spray+1","Dagger Throw"],"picked":"Backstab+1","floor":21},{"not_picked":["Slice","Choke","Concentrate"],"picked":"SKIP","floor":24}],"player_experience":522566,"relics_obtained":[{"floor":7,"key":"Prayer Wheel"},{"floor":9,"key":"PreservedInsect"},{"floor":11,"key":"Incense Burner"},{"floor":17,"key":"Tiny Chest"},{"floor":17,"key":"Shuriken"},{"floor":17,"key":"FossilizedHelix"},{"floor":24,"key":"Ginger"}],"event_choices":[{"damage_healed":0,"gold_gain":0,"player_choice":"Box","damage_taken":0,"relics_obtained":["Paper Crane"],"max_hp_gain":0,"max_hp_loss":0,"event_name":"Big Fish","floor":2,"gold_loss":0,"cards_obtained":["Regret"]},{"damage_healed":0,"gold_gain":0,"player_choice":"Ignored","damage_taken":0,"max_hp_gain":0,"max_hp_loss":0,"event_name":"Beggar","floor":20,"gold_loss":0},{"damage_healed":0,"gold_gain":0,"player_choice":"Bought 0 Potions","damage_taken":0,"max_hp_gain":0,"max_hp_loss":0,"event_name":"The Woman in Blue","floor":22,"gold_loss":0}],"is_beta":false,"boss_relics":[{"not_picked":["Philosopher\u0027s Stone","Black Star"],"picked":"Calling Bell"}],"items_purged_floors":[5,19],"is_endless":false,"potions_floor_spawned":[3,4,11,12,16,21],"killed_by":"Centurion and Healer","ascension_level":5}