{"gold_per_floor":[110,110,125,139,158,158,3,32,59,73,73,73,93,111,111,185,185,200,125,37,52,52,52,67,82,382,382,382,186,196,196],"floor_reached":31,"playtime":1335,"items_purged":[],"score":478,"play_id":"5af3f5f3-8a68-496c-b8ee-a6fcce59baad","local_time":"20190325150150","is_ascension_mode":true,"campfire_choices":[{"data":"Armaments","floor":6.0,"key":"SMITH"},{"floor":11.0,"key":"REST"},{"data":"Whirlwind","floor":15.0,"key":"SMITH"},{"data":"Demon Form","floor":23.0,"key":"SMITH"},{"floor":28.0,"key":"REST"}],"neow_cost":"NONE","seed_source_timestamp":331221799204612,"circlet_count":0,"master_deck":["AscendersBane","Defend_R","Defend_R","Defend_R","Defend_R","Bash+1","Uppercut","Armaments+1","Cleave","Whirlwind+1","Flame Barrier","Corruption","Shrug It Off","Rampage","Demon Form+1","Disarm+1","Entrench+1","Infernal Blade+1","Disarm","Reckless Charge","Warcry+1","Shrug It Off","Seeing Red+1"],"special_seed":0,"relics":["Burning Blood","NeowsBlessing","Oddly Smooth Stone","Strawberry","Astrolabe","Old Coin","Anchor"],"potions_floor_usage":[31],"damage_taken":[{"damage":0.0,"enemies":"2 Louse","floor":1.0,"turns":2.0},{"damage":0.0,"enemies":"Cultist","floor":3.0,"turns":1.0},{"damage":0.0,"enemies":"Jaw Worm","floor":4.0,"turns":1.0},{"damage":25.0,"enemies":"Lots of Slimes","floor":5.0,"turns":8.0},{"damage":30.0,"enemies":"Lagavulin","floor":8.0,"turns":5.0},{"damage":36.0,"enemies":"Large Slime","floor":10.0,"turns":8.0},{"damage":13.0,"enemies":"3 Louse","floor":13.0,"turns":4.0},{"damage":9.0,"enemies":"Lots of Slimes","floor":14.0,"turns":4.0},{"damage":22.0,"enemies":"The Guardian","floor":16.0,"turns":17.0},{"damage":20.0,"enemies":"Shell Parasite","floor":18.0,"turns":12.0},{"damage":34.0,"enemies":"Spheric Guardian","floor":21.0,"turns":6.0},{"damage":22.0,"enemies":"Snecko","floor":24.0,"turns":7.0},{"damage":5.0,"enemies":"Snake Plant","floor":25.0,"turns":7.0},{"damage":30.0,"enemies":"Centurion and Healer","floor":30.0,"turns":5.0},{"damage":21,"enemies":"Sentry and Sphere","floor":31,"turns":5}],"seed_played":"99709853169586014","potions_obtained":[{"floor":4.0,"key":"SpeedPotion"},{"floor":13.0,"key":"SkillPotion"},{"floor":14.0,"key":"Strength Potion"},{"floor":16.0,"key":"Poison Potion"},{"floor":21.0,"key":"FairyPotion"},{"floor":24.0,"key":"Strength Potion"},{"floor":25.0,"key":"Dexterity Potion"}],"is_trial":false,"path_per_floor":["M","?","M","M","M","R","$","E","T","M","R","?","M","M","R","B",null,"M","?","$","M","?","R","M","M","T","?","R","$","M","M"],"character_chosen":"IRONCLAD","items_purchased":["Whirlwind","Flame Barrier","Disarm","Shrug It Off","Anchor"],"campfire_rested":2,"item_purchase_floors":[7,7,20,29,29],"current_hp_per_floor":[74,74,75,75,56,56,56,32,39,9,33,33,26,23,23,7,63,49,49,49,21,21,21,14,15,15,15,39,39,15,0],"gold":196,"neow_bonus":"THREE_ENEMY_KILL","is_prod":false,"is_daily":false,"chose_seed":false,"campfire_upgraded":3,"win_rate":0,"timestamp":1553540510,"path_taken":["M","?","M","M","M","R","$","E","T","?","R","?","M","?","R","BOSS","M","?","$","M","?","R","M","?","T","?","R","$","M","M"],"build_version":"2019-01-23","purchased_purges":0,"victory":false,"max_hp_per_floor":[75,75,75,75,75,75,75,75,82,82,82,82,82,82,82,82,82,82,82,82,82,82,82,82,82,82,82,82,82,82,82],"card_choices":[{"not_picked":["Flex","Fire Breathing","Rage"],"picked":"SKIP","floor":1.0},{"not_picked":["Anger","Rupture"],"picked":"Uppercut","floor":3.0},{"not_picked":["Havoc","Burning Pact"],"picked":"Armaments","floor":4.0},{"not_picked":["Headbutt","Pommel Strike"],"picked":"Cleave","floor":5.0},{"not_picked":["Combust","Blood for Blood"],"picked":"Corruption","floor":8.0},{"not_picked":["Reaper","Dual Wield"],"picked":"Shrug It Off","floor":10.0},{"not_picked":["Armaments","Warcry"],"picked":"Rampage","floor":13.0},{"not_picked":["Clothesline","Intimidate","Flex"],"picked":"SKIP","floor":14.0},{"not_picked":["Offering","Exhume"],"picked":"Demon Form","floor":16.0},{"not_picked":["Rage","Armaments","Twin Strike"],"picked":"SKIP","floor":18.0},{"not_picked":["Body Slam","Heavy Blade"],"picked":"Reckless Charge","floor":21.0},{"not_picked":["Body Slam","Reaper"],"picked":"Warcry+1","floor":24.0},{"not_picked":["Blood for Blood","Pommel Strike","Armaments"],"picked":"SKIP","floor":25.0},{"not_picked":["Flame Barrier","True Grit"],"picked":"Seeing Red+1","floor":30.0}],"player_experience":848870,"relics_obtained":[{"floor":8.0,"key":"Oddly Smooth Stone"},{"floor":9.0,"key":"Strawberry"},{"floor":26.0,"key":"Old Coin"}],"event_choices":[{"damage_healed":0.0,"max_hp_gain":0.0,"max_hp_loss":0.0,"gold_gain":0.0,"event_name":"Upgrade Shrine","player_choice":"Upgraded","floor":2.0,"gold_loss":0.0,"damage_taken":0.0,"cards_upgraded":["Bash"]},{"damage_healed":0.0,"max_hp_gain":0.0,"max_hp_loss":0.0,"gold_gain":0.0,"event_name":"Wheel of Change","player_choice":"Cursed","floor":12.0,"gold_loss":0.0,"damage_taken":0.0,"cards_obtained":["Decay"]},{"cards_removed":["Decay"],"damage_healed":0.0,"max_hp_gain":0.0,"max_hp_loss":0.0,"gold_gain":0.0,"event_name":"Beggar","player_choice":"Gave Gold","floor":19.0,"gold_loss":75.0,"damage_taken":0.0},{"cards_removed":["Strike_R"],"damage_healed":0.0,"max_hp_gain":0.0,"max_hp_loss":0.0,"gold_gain":0.0,"event_name":"Purifier","player_choice":"Purged","floor":22.0,"gold_loss":0.0,"damage_taken":0.0},{"cards_removed":["Strike_R"],"damage_healed":0.0,"max_hp_gain":0.0,"max_hp_loss":0.0,"gold_gain":0.0,"event_name":"Back to Basics","player_choice":"Elegance","floor":27.0,"gold_loss":0.0,"damage_taken":0.0}],"is_beta":false,"boss_relics":[{"not_picked":["Sozu","Velvet Choker"],"picked":"Astrolabe"}],"items_purged_floors":[],"is_endless":false,"potions_floor_spawned":[4,13,14,16,21,24,25],"killed_by":"Sentry and Sphere","ascension_level":20}