{"gold_per_floor":[109,123,142,155,12,12,32,60,87,118,118,148,148,148],"floor_reached":14,"playtime":988,"items_purged":["Strike_G"],"score":132,"play_id":"137d9be7-bf33-4b63-b80d-ebbb15a2f023","local_time":"20190421173643","is_ascension_mode":true,"campfire_choices":[{"data":"Caltrops","floor":6,"key":"SMITH"},{"data":"Neutralize","floor":11,"key":"SMITH"}],"neow_cost":"NONE","seed_source_timestamp":430268743383827,"circlet_count":0,"master_deck":["Defend_G","Defend_G","Defend_G","Defend_G","Defend_G+1","Strike_G","Strike_G","Strike_G","Strike_G","Survivor","Neutralize+1","Well Laid Plans","Poisoned Stab","Grand Finale","Caltrops+1","Acrobatics+1","Deadly Poison","Noxious Fumes"],"relics":["Ring of the Snake","War Paint","Art of War","Oddly Smooth Stone","Bronze Scales"],"potions_floor_usage":[7,10,12],"damage_taken":[{"damage":0,"enemies":"2 Louse","floor":1,"turns":4},{"damage":0,"enemies":"Small Slimes","floor":2,"turns":4},{"damage":0,"enemies":"Cultist","floor":3,"turns":4},{"damage":3,"enemies":"Blue Slaver","floor":4,"turns":6},{"damage":20,"enemies":"Large Slime","floor":7,"turns":8},{"damage":32,"enemies":"Lagavulin","floor":8,"turns":8},{"damage":1,"enemies":"Gremlin Nob","floor":10,"turns":3},{"damage":12,"enemies":"3 Sentries","floor":12,"turns":9},{"damage":6,"enemies":"2 Fungi Beasts","floor":14,"turns":2}],"seed_played":"-2949878868222969506","potions_obtained":[{"floor":1,"key":"GhostInAJar"},{"floor":2,"key":"Energy Potion"},{"floor":3,"key":"SmokeBomb"},{"floor":10,"key":"Regen Potion"}],"is_trial":false,"path_per_floor":["M","M","M","M","$","R","M","E","T","E","R","E","?","M"],"character_chosen":"THE_SILENT","items_purchased":["Caltrops"],"campfire_rested":0,"item_purchase_floors":[5],"current_hp_per_floor":[77,77,77,74,74,74,54,22,22,21,21,24,6,0],"gold":148,"neow_bonus":"TEN_PERCENT_HP_BONUS","is_prod":false,"is_daily":false,"chose_seed":false,"campfire_upgraded":2,"win_rate":0,"timestamp":1555864603,"path_taken":["M","M","M","M","$","R","M","E","T","E","R","E","?","M"],"build_version":"2019-01-23","purchased_purges":1,"victory":false,"max_hp_per_floor":[77,77,77,77,77,77,77,77,77,77,77,77,77,77],"card_choices":[{"not_picked":["Dagger Spray","Finisher"],"picked":"Well Laid Plans","floor":1},{"not_picked":["Terror","Choke"],"picked":"Poisoned Stab","floor":2},{"not_picked":["Acrobatics","Expertise","Flechettes"],"picked":"SKIP","floor":3},{"not_picked":["Cloak And Dagger","Dodge and Roll"],"picked":"Grand Finale","floor":4},{"not_picked":["Dagger Spray","Masterful Stab"],"picked":"Acrobatics","floor":7},{"not_picked":["Terror","Underhanded Strike"],"picked":"Deadly Poison","floor":8},{"not_picked":["Cloak And Dagger","Flechettes","Quick Slash"],"picked":"SKIP","floor":10},{"not_picked":["Poisoned Stab","Cloak And Dagger"],"picked":"Noxious Fumes","floor":12}],"player_experience":499619,"relics_obtained":[{"floor":8,"key":"War Paint"},{"floor":9,"key":"Art of War"},{"floor":10,"key":"Oddly Smooth Stone"},{"floor":12,"key":"Bronze Scales"}],"event_choices":[{"damage_healed":0,"gold_gain":0,"player_choice":"Fled","damage_taken":18,"max_hp_gain":0,"max_hp_loss":0,"event_name":"Scrap Ooze","floor":13,"gold_loss":0}],"is_beta":false,"boss_relics":[],"items_purged_floors":[5],"is_endless":false,"potions_floor_spawned":[1,2,3,10],"killed_by":"2 Fungi Beasts","ascension_level":4}