{"gold_per_floor":[119,119,119,138,162,188,188,216,216,216,248,248,267,280,280,356,406,419,419,419,419,433,433,452,452],"floor_reached":25,"playtime":967,"items_purged":[],"score":464,"play_id":"8a428e85-f5b8-4cfe-ad91-7abff6ad3e15","local_time":"20190304054730","is_ascension_mode":true,"campfire_choices":[{"floor":10,"key":"REST"},{"floor":12,"key":"REST"},{"floor":15,"key":"REST"},{"floor":23,"key":"REST"}],"neow_cost":"NONE","seed_source_timestamp":1276553387993721,"circlet_count":0,"master_deck":["AscendersBane","Strike_B","Strike_B","Strike_B","Defend_B","Defend_B+1","Defend_B","Defend_B","Zap","Dualcast","Go for the Eyes","White Noise","Steam Power","Electrodynamics+1","Heatsinks+1","Loop+1","Rainbow","Gash","Writhe","Static Discharge+1","Storm+1"],"relics":["Cracked Core","NeowsBlessing","Bag of Marbles","Boot","Bottled Flame","Frozen Egg 2","Nunchaku","Tiny House","Toxic Egg 2"],"potions_floor_usage":[11,11,16,25,25],"damage_taken":[{"damage":0,"enemies":"2 Louse","floor":1,"turns":1},{"damage":0,"enemies":"Jaw Worm","floor":4,"turns":1},{"damage":0,"enemies":"Lagavulin","floor":6,"turns":1},{"damage":56,"enemies":"Gremlin Nob","floor":8,"turns":6},{"damage":20,"enemies":"3 Sentries","floor":11,"turns":8},{"damage":1,"enemies":"Cultist","floor":13,"turns":3},{"damage":1,"enemies":"Blue Slaver","floor":14,"turns":3},{"damage":41,"enemies":"The Guardian","floor":16,"turns":9},{"damage":20,"enemies":"2 Thieves","floor":18,"turns":3},{"damage":27,"enemies":"Chosen","floor":22,"turns":5},{"damage":20,"enemies":"Centurion and Healer","floor":24,"turns":3},{"damage":26,"enemies":"Cultist and Chosen","floor":25,"turns":3}],"seed_played":"-5547978848101328028","potions_obtained":[{"floor":6,"key":"Explosive Potion"},{"floor":8,"key":"Block Potion"},{"floor":13,"key":"Poison Potion"},{"floor":17,"key":"Energy Potion"},{"floor":18,"key":"Ancient Potion"},{"floor":24,"key":"Weak Potion"}],"is_trial":false,"path_per_floor":["M","?","?","M","T","E","?","E","T","R","E","R","M","M","R","B",null,"M","?","?","?","M","R","M","M"],"character_chosen":"DEFECT","items_purchased":[],"campfire_rested":4,"item_purchase_floors":[],"current_hp_per_floor":[64,64,64,64,64,64,64,8,8,29,9,30,29,28,49,8,60,40,40,40,40,13,35,15,0],"gold":452,"neow_bonus":"THREE_ENEMY_KILL","is_prod":false,"is_daily":false,"chose_seed":false,"campfire_upgraded":0,"win_rate":0,"timestamp":1551700050,"path_taken":["M","?","?","M","?","E","?","E","T","R","E","R","M","M","R","BOSS","M","?","?","?","M","R","M","?"],"build_version":"2019-01-23","purchased_purges":0,"victory":false,"max_hp_per_floor":[71,71,71,71,71,71,71,71,71,71,71,71,71,71,71,71,76,76,76,76,76,76,76,76,76],"card_choices":[{"not_picked":["Barrage","Reinforced Body","Auto Shields"],"picked":"SKIP","floor":1},{"not_picked":["Conserve Battery","Barrage"],"picked":"Go for the Eyes","floor":4},{"not_picked":["FTL","Doom and Gloom"],"picked":"White Noise","floor":6},{"not_picked":["Turbo","Storm","Scrape"],"picked":"SKIP","floor":8},{"not_picked":["Storm+1","Barrage"],"picked":"Electrodynamics+1","floor":11},{"not_picked":["Doom and Gloom","Compile Driver"],"picked":"Heatsinks+1","floor":13},{"not_picked":["Blizzard","Redo"],"picked":"Loop+1","floor":14},{"not_picked":["Hyperbeam","Seek"],"picked":"Rainbow","floor":16},{"not_picked":["Lockon","Beam Cell"],"picked":"Gash","floor":17},{"not_picked":["Steam","Consume+1","Streamline"],"picked":"SKIP","floor":18},{"not_picked":["Beam Cell+1","Steam+1"],"picked":"Static Discharge+1","floor":22},{"not_picked":["Compile Driver","Sweeping Beam+1"],"picked":"Storm+1","floor":24}],"player_experience":624036,"relics_obtained":[{"floor":5,"key":"Bag of Marbles"},{"floor":6,"key":"Boot"},{"floor":8,"key":"Bottled Flame"},{"floor":9,"key":"Frozen Egg 2"},{"floor":11,"key":"Nunchaku"}],"event_choices":[{"damage_healed":0,"gold_gain":0,"player_choice":"Ignored","damage_taken":0,"max_hp_gain":0,"max_hp_loss":0,"event_name":"Golden Wing","floor":2,"gold_loss":0},{"damage_healed":0,"gold_gain":0,"player_choice":"Leave","damage_taken":0,"max_hp_gain":0,"max_hp_loss":0,"event_name":"The Cleric","floor":3,"gold_loss":0},{"damage_healed":0,"gold_gain":0,"cards_transformed":["Strike_B"],"player_choice":"Transformed","damage_taken":0,"max_hp_gain":0,"max_hp_loss":0,"event_name":"Transmorgrifier","floor":7,"gold_loss":0,"cards_obtained":["Steam Power"]},{"damage_healed":0,"gold_gain":0,"player_choice":"Opened","damage_taken":0,"relics_obtained":["Toxic Egg 2"],"max_hp_gain":0,"max_hp_loss":0,"event_name":"The Mausoleum","floor":19,"gold_loss":0,"cards_obtained":["Writhe"]},{"damage_healed":0,"gold_gain":0,"player_choice":"Ignored","damage_taken":0,"max_hp_gain":0,"max_hp_loss":0,"event_name":"Ghosts","floor":20,"gold_loss":0},{"damage_healed":0,"gold_gain":0,"player_choice":"Got Potions","damage_taken":0,"max_hp_gain":0,"max_hp_loss":0,"event_name":"Lab","floor":21,"gold_loss":0}],"is_beta":false,"boss_relics":[{"not_picked":["Runic Dome","Orrery"],"picked":"Tiny House"}],"items_purged_floors":[],"is_endless":false,"potions_floor_spawned":[6,8,13,18,24],"killed_by":"Cultist and Chosen","ascension_level":18}