{"gold_per_floor":[117,133,147,163,163,196,39,39],"floor_reached":8,"playtime":407,"items_purged":[],"score":70,"play_id":"71e4edb6-a0bd-4843-a054-6afde90ec243","local_time":"20190421171934","is_ascension_mode":true,"campfire_choices":[],"neow_cost":"NONE","seed_source_timestamp":429820915304517,"circlet_count":0,"master_deck":["Defend_G","Defend_G","Defend_G","Defend_G","Strike_G","Strike_G","Strike_G","Strike_G","Strike_G","Survivor","Neutralize","Concentrate","Caltrops","Poisoned Stab","Corpse Explosion"],"relics":["Ring of the Snake","GremlinMask","Potion Belt","Bag of Marbles"],"potions_floor_usage":[6,6,6],"damage_taken":[{"damage":2,"enemies":"Small Slimes","floor":1,"turns":4},{"damage":20,"enemies":"Cultist","floor":2,"turns":6},{"damage":7,"enemies":"Jaw Worm","floor":3,"turns":5},{"damage":11,"enemies":"3 Louse","floor":4,"turns":3},{"damage":2,"enemies":"3 Sentries","floor":6,"turns":2},{"damage":32,"enemies":"Lagavulin","floor":8,"turns":6}],"seed_played":"7859192897400503837","potions_obtained":[{"floor":1,"key":"Strength Potion"},{"floor":3,"key":"Explosive Potion"},{"floor":4,"key":"SteroidPotion"}],"is_trial":false,"path_per_floor":["M","M","M","M","?","E","$","E"],"character_chosen":"THE_SILENT","items_purchased":["Bag of Marbles"],"campfire_rested":0,"item_purchase_floors":[7],"current_hp_per_floor":[68,48,41,30,30,28,28,0],"gold":39,"neow_bonus":"TRANSFORM_CARD","is_prod":false,"is_daily":false,"chose_seed":false,"campfire_upgraded":0,"win_rate":0,"timestamp":1555863574,"path_taken":["M","M","M","M","?","E","?","E"],"build_version":"2019-01-23","purchased_purges":0,"victory":false,"max_hp_per_floor":[70,70,70,70,70,70,70,70],"card_choices":[{"not_picked":["Distraction","Poisoned Stab"],"picked":"Caltrops","floor":1},{"not_picked":["Slice","Finisher"],"picked":"Poisoned Stab","floor":2},{"not_picked":["Backstab","Blade Dance"],"picked":"Corpse Explosion","floor":3},{"not_picked":["Blade Dance","PiercingWail","Heel Hook"],"picked":"SKIP","floor":4},{"not_picked":["All Out Attack","Slice","Quick Slash"],"picked":"SKIP","floor":6}],"player_experience":499212,"relics_obtained":[{"floor":6,"key":"Potion Belt"}],"event_choices":[{"damage_healed":0,"gold_gain":0,"player_choice":"Trade","damage_taken":0,"relics_obtained":["GremlinMask"],"max_hp_gain":0,"max_hp_loss":0,"event_name":"FaceTrader","floor":5,"gold_loss":0}],"is_beta":false,"boss_relics":[],"items_purged_floors":[],"is_endless":false,"potions_floor_spawned":[1,3,4],"killed_by":"Lagavulin","ascension_level":4}