{"gold_per_floor":[20,40,40,40,60,96,96,130,130,168,168,206,229,253,253,379,379,399,24,42,42,42,42,81,99,124,136,148,160],"floor_reached":29,"playtime":2007,"items_purged":[],"score":336,"play_id":"8dcee5b3-8650-4f73-b2cc-af720773625d","local_time":"20180904141035","is_ascension_mode":true,"campfire_choices":[{"floor":11.0,"key":"REST"},{"floor":15.0,"key":"REST"},{"data":"Infinite Blades","floor":23.0,"key":"SMITH"}],"neow_cost":"NO_GOLD","seed_source_timestamp":683130382120950,"circlet_count":0,"master_deck":["Survivor","Neutralize","Choke","Injury","Deflect","Blade Dance","Burst","Cloak And Dagger","Slice","Concentrate+1","Slice","Glass Knife","Acrobatics","Poisoned Stab","Choke","Caltrops","Backflip","Sucker Punch","Poisoned Stab","Quick Slash","Cloak And Dagger","Poisoned Stab","Accuracy","Infinite Blades+1","Glass Knife","Slice","Expertise"],"special_seed":0,"relics":["Ring of the Snake","Gambling Chip","Golden Idol","Strawberry","Darkstone Periapt","Dream Catcher","Happy Flower","Du-Vu Doll","War Paint","StoneCalendar","Nloth\u0027s Gift","Regal Pillow","MawBank","Art of War"],"potions_floor_usage":[29,29,29,29,29,29],"damage_taken":[{"damage":2.0,"enemies":"Small Slimes","floor":1.0,"turns":5.0},{"damage":1.0,"enemies":"2 Louse","floor":2.0,"turns":3.0},{"damage":0.0,"enemies":"Cultist","floor":5.0,"turns":3.0},{"damage":39.0,"enemies":"Lagavulin","floor":6.0,"turns":10.0},{"damage":37.0,"enemies":"3 Sentries","floor":8.0,"turns":10.0},{"damage":29.0,"enemies":"Gremlin Nob","floor":10.0,"turns":5.0},{"damage":14.0,"enemies":"Lagavulin","floor":12.0,"turns":9.0},{"damage":10.0,"enemies":"Large Slime","floor":13.0,"turns":5.0},{"damage":31.0,"enemies":"The Guardian","floor":16.0,"turns":16.0},{"damage":0.0,"enemies":"3 Byrds","floor":18.0,"turns":4.0},{"damage":15.0,"enemies":"Shell Parasite","floor":20.0,"turns":4.0},{"damage":16.0,"enemies":"Gremlin Leader","floor":24.0,"turns":7.0},{"damage":15.0,"enemies":"3 Cultists","floor":25.0,"turns":4.0},{"damage":26,"enemies":"Cultist and Chosen","floor":29,"turns":4}],"seed_played":"4509072773891660640","potions_obtained":[{"floor":2.0,"key":"EssenceOfSteel"},{"floor":5.0,"key":"Dexterity Potion"},{"floor":10.0,"key":"EntropicBrew"},{"floor":12.0,"key":"Poison Potion"},{"floor":13.0,"key":"EssenceOfSteel"},{"floor":18.0,"key":"Dexterity Potion"},{"floor":24.0,"key":"EntropicBrew"}],"is_trial":false,"path_per_floor":["M","M","?","?","M","E","?","E","T","E","R","E","M","T","R","B",null,"M","$","M","?","?","R","E","M","T","$","T"],"character_chosen":"THE_SILENT","items_purchased":["Accuracy","StoneCalendar"],"campfire_rested":2,"item_purchase_floors":[19,19],"current_hp_per_floor":[68,67,67,67,67,35,77,40,40,11,34,20,10,10,33,2,58,58,58,43,43,43,43,27,12,12,12,12,0],"gold":160,"neow_bonus":"ONE_RARE_RELIC","is_prod":false,"is_daily":false,"chose_seed":false,"campfire_upgraded":1,"win_rate":0,"timestamp":1536084635,"path_taken":["M","M","?","?","M","E","?","E","T","E","R","E","M","?","R","BOSS","M","$","M","?","?","R","E","?","T","?","?","M"],"build_version":"2018-08-30","purchased_purges":0,"victory":false,"max_hp_per_floor":[70,70,70,70,70,77,77,77,77,77,77,77,77,77,77,77,77,77,77,77,77,77,77,77,77,77,77,77,77],"card_choices":[{"not_picked":["PiercingWail","Acrobatics","Setup"],"picked":"SKIP","floor":1.0},{"not_picked":["Tactician","Prepared"],"picked":"Choke","floor":2.0},{"not_picked":["Finisher","Eviscerate"],"picked":"Deflect","floor":5.0},{"not_picked":["Acrobatics","Concentrate"],"picked":"Noxious Fumes","floor":6.0},{"not_picked":["Prepared","Dash"],"picked":"Blade Dance","floor":8.0},{"not_picked":["Dodge and Roll","Expertise"],"picked":"Burst","floor":10.0},{"not_picked":["Dagger Throw","PiercingWail"],"picked":"Cloak And Dagger","floor":11.0},{"not_picked":["Distraction","Heel Hook"],"picked":"Slice","floor":12.0},{"not_picked":["Dagger Spray","Sucker Punch"],"picked":"Concentrate","floor":13.0},{"not_picked":["Quick Slash","Catalyst"],"picked":"Slice","floor":15.0},{"not_picked":["Grand Finale","Venomology"],"picked":"Glass Knife","floor":16.0},{"not_picked":["PiercingWail","Flechettes","Outmaneuver"],"picked":"SKIP","floor":18.0},{"not_picked":["Sucker Punch","Acrobatics"],"picked":"Infinite Blades","floor":20.0},{"not_picked":["Prepared","Dodge and Roll"],"picked":"Slice","floor":24.0},{"not_picked":["Acrobatics","Finisher"],"picked":"Expertise","floor":25.0}],"player_experience":230290,"relics_obtained":[{"floor":6.0,"key":"Strawberry"},{"floor":8.0,"key":"Darkstone Periapt"},{"floor":9.0,"key":"Dream Catcher"},{"floor":10.0,"key":"Happy Flower"},{"floor":12.0,"key":"Du-Vu Doll"},{"floor":14.0,"key":"War Paint"},{"floor":24.0,"key":"Regal Pillow"},{"floor":26.0,"key":"MawBank"},{"floor":28.0,"key":"Art of War"}],"event_choices":[{"event_name":"Golden Idol","player_choice":"Take Wound","floor":3.0,"damage_taken":0.0},{"event_name":"The Cleric","player_choice":"Leave","floor":4.0,"damage_taken":0.0},{"event_name":"Bonfire Elementals","player_choice":"UNCOMMON","floor":7.0,"damage_taken":0.0},{"event_name":"N\u0027loth","player_choice":"Traded a Pandora\u0027s Box","floor":21.0,"damage_taken":0.0},{"event_name":"Duplicator","player_choice":"One dupe","floor":22.0,"damage_taken":0.0}],"is_beta":false,"boss_relics":[{"not_picked":["Busted Crown","Lizard Tail"],"picked":"Pandora\u0027s Box"}],"items_purged_floors":[],"is_endless":false,"potions_floor_spawned":[2,5,10,12,13,18,24],"killed_by":"Cultist and Chosen","ascension_level":5}