{"gold_per_floor":[111,122,133,208,208,208,233,233,233,233,263,279,314,329,329,403,403,414,460,1,12,32,32,60,60,60,91,31,62,62,77,77,77],"floor_reached":33,"playtime":1414,"items_purged":["Strike_R"],"score":696,"play_id":"67c8144d-a583-4bf3-8ba5-61ebf3976509","local_time":"20190426221544","is_ascension_mode":true,"campfire_choices":[{"data":"Hemokinesis","floor":6.0,"key":"SMITH"},{"data":"Uppercut","floor":8.0,"key":"SMITH"},{"data":"Defend_R","floor":10.0,"key":"SMITH"},{"data":"Infernal Blade","floor":15.0,"key":"SMITH"},{"data":"Shrug It Off","floor":23.0,"key":"SMITH"},{"data":"Shrug It Off","floor":32.0,"key":"SMITH"}],"neow_cost":"NONE","seed_source_timestamp":111270523018235,"circlet_count":0,"master_deck":["AscendersBane","Strike_R","Strike_R","Strike_R","Strike_R","Defend_R","Defend_R","Defend_R","Defend_R+1","Bash","Hemokinesis+1","Uppercut+1","Anger","Headbutt+1","Infernal Blade+1","Clothesline+1","Warcry","True Grit","Offering","Warcry","Shrug It Off+1","Combust+1","Shrug It Off+1","Thunderclap+1","Shame","Corruption+1","Seeing Red","Metallicize+1"],"special_seed":0,"relics":["Burning Blood","Bag of Marbles","Molten Egg 2","Red Skull","Charon\u0027s Ashes","Happy Flower","Black Star","Vajra","Frozen Egg 2","The Courier","Mummified Hand","Mercury Hourglass","Paper Frog","Blue Candle","Oddly Smooth Stone","Boot","Calipers","MutagenicStrength"],"potions_floor_usage":[33],"damage_taken":[{"damage":4.0,"enemies":"Small Slimes","floor":1.0,"turns":4.0},{"damage":3.0,"enemies":"Cultist","floor":2.0,"turns":3.0},{"damage":10.0,"enemies":"Jaw Worm","floor":3.0,"turns":2.0},{"damage":32.0,"enemies":"Lagavulin","floor":7.0,"turns":4.0},{"damage":4.0,"enemies":"3 Sentries","floor":11.0,"turns":3.0},{"damage":6.0,"enemies":"Blue Slaver","floor":12.0,"turns":2.0},{"damage":12.0,"enemies":"Lagavulin","floor":13.0,"turns":3.0},{"damage":0.0,"enemies":"Large Slime","floor":14.0,"turns":2.0},{"damage":20.0,"enemies":"Slime Boss","floor":16.0,"turns":7.0},{"damage":9.0,"enemies":"Chosen","floor":18.0,"turns":3.0},{"damage":13.0,"enemies":"Shell Parasite","floor":21.0,"turns":2.0},{"damage":14.0,"enemies":"Centurion and Healer","floor":22.0,"turns":4.0},{"damage":15.0,"enemies":"Gremlin Leader","floor":24.0,"turns":5.0},{"damage":32.0,"enemies":"Book of Stabbing","floor":27.0,"turns":3.0},{"damage":11.0,"enemies":"Slavers","floor":29.0,"turns":2.0},{"damage":0.0,"enemies":"Snake Plant","floor":31.0,"turns":1.0},{"damage":28,"enemies":"Automaton","floor":33,"turns":3}],"seed_played":"6211733195869997428","potions_obtained":[{"floor":1.0,"key":"SkillPotion"},{"floor":5.0,"key":"AttackPotion"},{"floor":11.0,"key":"EssenceOfSteel"},{"floor":12.0,"key":"Swift Potion"},{"floor":14.0,"key":"BloodPotion"},{"floor":16.0,"key":"Fire Potion"},{"floor":21.0,"key":"Regen Potion"},{"floor":29.0,"key":"Strength Potion"}],"is_trial":false,"path_per_floor":["M","M","M","?","?","R","E","R","T","R","E","M","E","M","R","B",null,"M","T","$","M","M","R","E","?","T","E","$","E","?","M","R","B"],"character_chosen":"IRONCLAD","items_purchased":["Shrug It Off","Frozen Egg 2","Combust+1","Corruption+1"],"campfire_rested":0,"item_purchase_floors":[20,20,20,28],"current_hp_per_floor":[70,73,69,58,58,58,32,32,32,32,34,34,28,34,34,20,61,58,58,58,51,55,55,46,46,46,20,20,15,15,21,21,0],"gold":77,"neow_bonus":"RANDOM_COMMON_RELIC","is_prod":false,"is_daily":false,"chose_seed":false,"campfire_upgraded":6,"win_rate":0,"timestamp":1556334944,"path_taken":["M","M","M","?","?","R","E","R","T","R","E","M","E","M","R","BOSS","M","?","$","?","M","R","E","?","T","E","$","E","?","M","R","BOSS"],"build_version":"2019-01-23","purchased_purges":1,"victory":false,"max_hp_per_floor":[75,75,75,75,75,75,75,75,75,75,75,75,75,75,75,75,75,75,75,75,75,75,75,75,75,75,75,75,75,75,75,75,75],"card_choices":[{"not_picked":["Cleave","Iron Wave"],"picked":"Hemokinesis","floor":1.0},{"not_picked":["Wild Strike","Twin Strike"],"picked":"Uppercut","floor":2.0},{"not_picked":["Whirlwind","Iron Wave"],"picked":"Anger","floor":3.0},{"not_picked":["Armaments","Flex"],"picked":"Headbutt","floor":7.0},{"not_picked":["Flex","Brutality"],"picked":"Infernal Blade","floor":11.0},{"not_picked":["Sword Boomerang+1","Armaments"],"picked":"Clothesline+1","floor":12.0},{"not_picked":["Flex","Body Slam+1"],"picked":"Warcry","floor":13.0},{"not_picked":["Warcry","Body Slam+1"],"picked":"True Grit","floor":14.0},{"not_picked":["Exhume","Limit Break"],"picked":"Offering","floor":16.0},{"not_picked":["Thunderclap+1","Pommel Strike+1"],"picked":"Warcry","floor":18.0},{"not_picked":["Warcry","Blood for Blood+1","Searing Blow+1"],"picked":"SKIP","floor":21.0},{"not_picked":["Pommel Strike+1","Clothesline+1"],"picked":"Shrug It Off","floor":22.0},{"not_picked":["Warcry","Cleave+1"],"picked":"Thunderclap+1","floor":24.0},{"not_picked":["Body Slam+1","Warcry","Thunderclap+1"],"picked":"SKIP","floor":27.0},{"not_picked":["Clothesline+1","Clash+1"],"picked":"Seeing Red","floor":29.0},{"not_picked":["Headbutt+1","Anger+1"],"picked":"Metallicize+1","floor":31.0}],"player_experience":1090518,"relics_obtained":[{"floor":7.0,"key":"Molten Egg 2"},{"floor":9.0,"key":"Red Skull"},{"floor":11.0,"key":"Charon\u0027s Ashes"},{"floor":13.0,"key":"Happy Flower"},{"floor":19.0,"key":"Vajra"},{"floor":24.0,"key":"The Courier"},{"floor":24.0,"key":"Mummified Hand"},{"floor":26.0,"key":"Paper Frog"},{"floor":27.0,"key":"Blue Candle"},{"floor":27.0,"key":"Oddly Smooth Stone"},{"floor":29.0,"key":"Boot"},{"floor":29.0,"key":"Calipers"}],"event_choices":[{"damage_healed":0.0,"max_hp_gain":0.0,"max_hp_loss":0.0,"gold_gain":75.0,"event_name":"World of Goop","player_choice":"Gather Gold","floor":4.0,"gold_loss":0.0,"damage_taken":11.0},{"damage_healed":0.0,"max_hp_gain":0.0,"max_hp_loss":0.0,"gold_gain":0.0,"event_name":"Lab","player_choice":"Got Potions","floor":5.0,"gold_loss":0.0,"damage_taken":0.0},{"damage_healed":0.0,"max_hp_gain":0.0,"max_hp_loss":0.0,"gold_gain":0.0,"event_name":"Addict","player_choice":"Stole Relic","floor":25.0,"gold_loss":0.0,"damage_taken":0.0,"relics_obtained":["Mercury Hourglass"],"cards_obtained":["Shame"]},{"damage_healed":0.0,"max_hp_gain":0.0,"max_hp_loss":0.0,"gold_gain":0.0,"event_name":"Drug Dealer","player_choice":"Inject Mutagens","floor":30.0,"gold_loss":0.0,"damage_taken":0.0,"relics_obtained":["MutagenicStrength"]}],"is_beta":false,"boss_relics":[{"not_picked":["Lizard Tail","Coffee Dripper"],"picked":"Black Star"}],"items_purged_floors":[20],"is_endless":false,"potions_floor_spawned":[1,11,12,14,16,18,21,29],"killed_by":"Automaton","ascension_level":20}