{"gold_per_floor":[109,109,109,26,40,40,74,91,141,165,165,176,193,193,193,270,270,287,287,299,312,312,312,332,332,359,377,377,393,393,318,318,318],"floor_reached":33,"playtime":3147,"items_purged":[],"score":490,"play_id":"108197c5-f4d4-4c12-8154-7e8c7e40ee0c","local_time":"20190405171158","is_ascension_mode":true,"campfire_choices":[{"data":"Poisoned Stab","floor":6.0,"key":"SMITH"},{"data":"Neutralize","floor":11.0,"key":"SMITH"},{"data":"Cloak And Dagger","floor":15.0,"key":"SMITH"},{"data":"Leg Sweep","floor":23.0,"key":"SMITH"},{"floor":25.0,"key":"REST"},{"floor":28.0,"key":"REST"},{"floor":32,"key":"REST"}],"neow_cost":"NONE","seed_source_timestamp":0,"circlet_count":0,"master_deck":["AscendersBane","Defend_G","Defend_G","Defend_G","Defend_G","Strike_G","Strike_G","Strike_G","Survivor","Neutralize+1","Poisoned Stab+1","Leg Sweep+1","Cloak And Dagger+1","Poisoned Stab","Crippling Poison+1","Backflip+1","Poisoned Stab"],"special_seed":0,"relics":["Ring of the Snake","NeowsBlessing","Centennial Puzzle","Tough Bandages","Omamori","Odd Mushroom","Velvet Choker","Potion Belt","Mummified Hand"],"potions_floor_usage":[33],"damage_taken":[{"damage":0.0,"enemies":"Jaw Worm","floor":1.0,"turns":1.0},{"damage":0.0,"enemies":"2 Louse","floor":5.0,"turns":1.0},{"damage":0.0,"enemies":"Lagavulin","floor":7.0,"turns":1.0},{"damage":1.0,"enemies":"Small Slimes","floor":8.0,"turns":4.0},{"damage":7.0,"enemies":"The Mushroom Lair","floor":10.0,"turns":6.0},{"damage":1.0,"enemies":"Red Slaver","floor":12.0,"turns":3.0},{"damage":16.0,"enemies":"Gremlin Gang","floor":13.0,"turns":8.0},{"damage":17.0,"enemies":"Hexaghost","floor":16.0,"turns":9.0},{"damage":1.0,"enemies":"Chosen","floor":18.0,"turns":5.0},{"damage":3.0,"enemies":"2 Thieves","floor":20.0,"turns":5.0},{"damage":18.0,"enemies":"Cultist and Chosen","floor":21.0,"turns":6.0},{"damage":13.0,"enemies":"Snake Plant","floor":24.0,"turns":4.0},{"damage":15.0,"enemies":"Snecko","floor":27.0,"turns":7.0},{"damage":25,"enemies":"Cultist and Chosen","floor":29,"turns":6},{"damage":60,"enemies":"Automaton","floor":33,"turns":6}],"seed_played":"8935569795289294123","potions_obtained":[{"floor":5.0,"key":"FearPotion"},{"floor":7.0,"key":"Fire Potion"},{"floor":10.0,"key":"PowerPotion"},{"floor":20.0,"key":"Poison Potion"},{"floor":21.0,"key":"LiquidBronze"},{"floor":29,"key":"Energy Potion"}],"is_trial":false,"path_per_floor":["M","?","?","$","M","R","E","M","T","?","R","M","M","?","R","B",null,"M","?","M","M","?","R","M","R","T","M","R","M","?","?","R","B"],"character_chosen":"THE_SILENT","items_purchased":["Leg Sweep"],"campfire_rested":3,"item_purchase_floors":[4],"current_hp_per_floor":[59,59,52,52,52,52,52,51,51,44,44,43,27,27,27,10,52,51,51,48,30,30,30,17,36,36,21,40,15,15,15,34,0],"gold":318,"neow_bonus":"THREE_ENEMY_KILL","is_prod":false,"is_daily":false,"chose_seed":false,"campfire_upgraded":4,"win_rate":0,"timestamp":1554502318,"path_taken":["M","?","?","$","M","R","E","M","T","?","R","M","M","?","R","BOSS","M","?","M","?","?","R","M","R","T","M","R","M","?","?","R","BOSS"],"build_version":"2019-01-23","purchased_purges":0,"victory":false,"max_hp_per_floor":[66,66,66,66,66,66,66,66,66,66,66,66,66,66,66,66,66,66,66,66,66,66,66,66,66,66,66,66,66,66,66,66,66],"card_choices":[{"not_picked":["Acrobatics","Blade Dance"],"picked":"Poisoned Stab","floor":1.0},{"not_picked":["Prepared","Outmaneuver","Reflex"],"picked":"SKIP","floor":5.0},{"not_picked":["Quick Slash","Choke","Expertise"],"picked":"SKIP","floor":7.0},{"not_picked":["Slice","Prepared","Skewer"],"picked":"SKIP","floor":8.0},{"not_picked":["Terror","Quick Slash"],"picked":"Cloak And Dagger","floor":12.0},{"not_picked":["Bane","Deflect"],"picked":"Poisoned Stab","floor":13.0},{"not_picked":["Flechettes","Predator"],"picked":"Crippling Poison+1","floor":18.0},{"not_picked":["Underhanded Strike+1","Flechettes"],"picked":"Backflip+1","floor":20.0},{"not_picked":["Crippling Poison","Eviscerate","Setup"],"picked":"SKIP","floor":21.0},{"not_picked":["Backflip","Calculated Gamble","Terror"],"picked":"SKIP","floor":24.0},{"not_picked":["Bane","Leg Sweep+1"],"picked":"Poisoned Stab","floor":27.0},{"not_picked":["Reflex","Dodge and Roll","Outmaneuver"],"picked":"SKIP","floor":29}],"player_experience":656773,"relics_obtained":[{"floor":7.0,"key":"Tough Bandages"},{"floor":9.0,"key":"Omamori"},{"floor":10.0,"key":"Odd Mushroom"},{"floor":26.0,"key":"Potion Belt"}],"event_choices":[{"damage_healed":0.0,"max_hp_gain":0.0,"max_hp_loss":0.0,"gold_gain":0.0,"event_name":"Big Fish","player_choice":"Box","floor":2.0,"gold_loss":0.0,"damage_taken":0.0,"relics_obtained":["Centennial Puzzle"],"cards_obtained":["Regret"]},{"cards_removed":["Regret"],"damage_healed":0.0,"max_hp_gain":0.0,"max_hp_loss":0.0,"gold_gain":0.0,"event_name":"Golden Wing","player_choice":"Card Removal","floor":3.0,"gold_loss":0.0,"damage_taken":7.0},{"damage_healed":0.0,"max_hp_gain":0.0,"max_hp_loss":0.0,"gold_gain":0.0,"event_name":"Mushrooms","player_choice":"Fought Mushrooms","floor":10.0,"gold_loss":0.0,"damage_taken":0.0},{"cards_removed":["Strike_G"],"damage_healed":0.0,"max_hp_gain":0.0,"max_hp_loss":0.0,"gold_gain":0.0,"event_name":"Purifier","player_choice":"Purged","floor":14.0,"gold_loss":0.0,"damage_taken":0.0},{"cards_removed":["Strike_G"],"damage_healed":0.0,"max_hp_gain":0.0,"max_hp_loss":0.0,"gold_gain":0.0,"event_name":"Bonfire Elementals","player_choice":"Offered Basic","floor":19.0,"gold_loss":0.0,"damage_taken":0.0},{"damage_healed":0.0,"max_hp_gain":0.0,"max_hp_loss":0.0,"gold_gain":0.0,"event_name":"Ghosts","player_choice":"Ignored","floor":22.0,"gold_loss":0.0,"damage_taken":0.0},{"damage_healed":0,"gold_gain":0,"player_choice":"Opened","damage_taken":0,"relics_obtained":["Mummified Hand"],"max_hp_gain":0,"max_hp_loss":0,"event_name":"The Mausoleum","floor":30,"gold_loss":0,"cards_obtained":["Writhe"]},{"cards_removed":["Defend_G"],"damage_healed":0,"gold_gain":0,"player_choice":"Gave Gold","damage_taken":0,"max_hp_gain":0,"max_hp_loss":0,"event_name":"Beggar","floor":31,"gold_loss":75}],"is_beta":false,"boss_relics":[{"not_picked":["White Beast Statue","Pandora\u0027s Box"],"picked":"Velvet Choker"}],"items_purged_floors":[],"is_endless":false,"potions_floor_spawned":[5,7,10,12,13,20,21,29],"killed_by":"Automaton","ascension_level":16}