{"gold_per_floor":[117,128,145,320,338,338,394,420,475,501,501,520,533,550,550,655,655,669,669,682,682,695,721,721,748,748,766,766,782,782,792,792,890,890,910,924,924,38,52,86,86,106,132,85,85,113,113,125,125,125],"floor_reached":51,"playtime":3019,"items_purged":["Doubt"],"score":936,"play_id":"65e8c942-7817-4072-8af4-eebca1a799e5","local_time":"20180706223751","is_ascension_mode":false,"campfire_choices":[{"data":"Perfected Strike","floor":6.0,"key":"SMITH"},{"floor":11.0,"key":"REST"},{"data":"Perfected Strike","floor":15.0,"key":"SMITH"},{"floor":24.0,"key":"REST"},{"floor":28.0,"key":"REST"},{"data":"Perfected Strike","floor":30.0,"key":"SMITH"},{"data":"Perfected Strike","floor":32.0,"key":"SMITH"},{"data":"Regret","floor":41.0,"key":"PURGE"},{"floor":45.0,"key":"REST"},{"data":"Injury","floor":47.0,"key":"PURGE"},{"floor":49.0,"key":"REST"}],"neow_cost":"","seed_source_timestamp":33187575561576,"circlet_count":0,"master_deck":["Strike_R+1","Strike_R+1","Strike_R+1","Strike_R+1","Strike_R+1","Defend_R+1","Defend_R+1","Bash","Perfected Strike+1","Sever Soul","Pommel Strike","Hemokinesis","Pommel Strike","Battle Trance+1","Pommel Strike","Flame Barrier","Perfected Strike+1","Feed","Shrug It Off+1","Writhe","Pommel Strike","Twin Strike+1","Perfected Strike+1","Perfected Strike+1","Twin Strike+1","Seeing Red+1","Demon Form","Clumsy","Pommel Strike","Twin Strike+1","Dark Shackles","Warcry","Finesse","Perfected Strike","Warcry+1","Spot Weakness","Twin Strike","Warcry","Warcry+1"],"special_seed":0,"relics":["Burning Blood","Pantograph","Oddly Smooth Stone","Pen Nib","Regal Pillow","Empty Cage","Happy Flower","Bag of Preparation","Thread and Needle","Bottled Flame","Calling Bell","Juzu Bracelet","Pear","Gambling Chip","TwistedFunnel","War Paint","Ice Cream","Peace Pipe","Lantern","Letter Opener"],"potions_floor_usage":[],"damage_taken":[{"damage":10.0,"enemies":"Jaw Worm","floor":1.0,"turns":4.0},{"damage":0.0,"enemies":"2 Louse","floor":2.0,"turns":2.0},{"damage":10.0,"enemies":"Small Slimes","floor":3.0,"turns":3.0},{"damage":9.0,"enemies":"Blue Slaver","floor":5.0,"turns":3.0},{"damage":6.0,"enemies":"Gremlin Nob","floor":7.0,"turns":3.0},{"damage":39.0,"enemies":"Lagavulin","floor":8.0,"turns":6.0},{"damage":14.0,"enemies":"Gremlin Nob","floor":10.0,"turns":3.0},{"damage":6.0,"enemies":"3 Louse","floor":12.0,"turns":2.0},{"damage":11.0,"enemies":"Exordium Wildlife","floor":13.0,"turns":3.0},{"damage":9.0,"enemies":"2 Fungi Beasts","floor":14.0,"turns":2.0},{"damage":74.0,"enemies":"The Guardian","floor":16.0,"turns":10.0},{"damage":17.0,"enemies":"3 Byrds","floor":18.0,"turns":3.0},{"damage":11.0,"enemies":"2 Thieves","floor":20.0,"turns":4.0},{"damage":21.0,"enemies":"Centurion and Healer","floor":22.0,"turns":5.0},{"damage":57.0,"enemies":"Gremlin Leader","floor":23.0,"turns":7.0},{"damage":49.0,"enemies":"Slavers","floor":25.0,"turns":4.0},{"damage":7.0,"enemies":"Slaver and Parasite","floor":27.0,"turns":4.0},{"damage":10.0,"enemies":"Chosen and Byrds","floor":29.0,"turns":2.0},{"damage":0.0,"enemies":"Centurion and Healer","floor":31.0,"turns":4.0},{"damage":75.0,"enemies":"Champ","floor":33.0,"turns":8.0},{"damage":0.0,"enemies":"Orb Walker","floor":35.0,"turns":1.0},{"damage":36.0,"enemies":"3 Darklings","floor":36.0,"turns":5.0},{"damage":14.0,"enemies":"4 Shapes","floor":39.0,"turns":3.0},{"damage":19.0,"enemies":"2 Orb Walkers","floor":40.0,"turns":3.0},{"damage":18.0,"enemies":"Maw","floor":42.0,"turns":4.0},{"damage":35.0,"enemies":"Nemesis","floor":46.0,"turns":3.0},{"damage":0.0,"enemies":"3 Darklings","floor":48.0,"turns":2.0},{"damage":54,"enemies":"Donu and Deca","floor":50,"turns":6}],"seed_played":"1617448840774537342","potions_obtained":[{"floor":5.0,"key":"Poison Potion"},{"floor":7.0,"key":"Fire Potion"},{"floor":7.0,"key":"SneckoOil"},{"floor":10.0,"key":"FearPotion"},{"floor":14.0,"key":"LiquidBronze"},{"floor":18.0,"key":"Regen Potion"},{"floor":20.0,"key":"Poison Potion"},{"floor":22.0,"key":"LiquidBronze"},{"floor":27.0,"key":"Explosive Potion"},{"floor":29.0,"key":"Poison Potion"},{"floor":35.0,"key":"Dexterity Potion"},{"floor":42.0,"key":"BloodPotion"},{"floor":48.0,"key":"Explosive Potion"}],"is_trial":false,"path_per_floor":["M","M","M","?","M","R","?","E","T","E","R","M","M","M","R","B",null,"M","?","M","?","M","E","R","E","T","M","R","M","R","M","R","B",null,"M","M","?","$","M","E","R","M","T","$","R","E","R","M","R","B"],"character_chosen":"IRONCLAD","items_purchased":["TwistedFunnel","War Paint","Ice Cream","Warcry","Finesse","Twin Strike"],"campfire_rested":5,"item_purchase_floors":[38,38,38,38,38,44],"current_hp_per_floor":[76,80,76,76,73,73,73,40,40,32,71,71,66,63,63,12,80,72,72,70,70,58,22,63,20,20,22,64,60,60,69,69,25,105,105,75,75,75,70,60,60,48,48,48,96,67,67,73,111,66],"gold":125,"neow_bonus":"","is_prod":false,"is_daily":false,"chose_seed":false,"campfire_upgraded":4,"win_rate":0.0,"timestamp":1530931071,"path_taken":["M","M","M","?","M","R","?","E","T","E","R","M","M","M","R","BOSS","M","?","M","?","M","E","R","E","T","M","R","M","R","M","R","BOSS","M","M","?","$","M","E","R","M","T","$","R","E","R","M","R","BOSS"],"build_version":"2018-07-05","purchased_purges":1,"victory":true,"max_hp_per_floor":[80,80,80,80,80,80,80,80,80,80,80,80,80,80,80,80,80,83,83,86,86,89,89,89,89,89,92,92,92,92,95,95,95,105,105,105,105,105,108,111,111,111,111,111,111,111,111,111,111,114],"card_choices":[{"not_picked":["Warcry","Blood for Blood"],"picked":"Perfected Strike","floor":1.0},{"not_picked":["True Grit","Clash"],"picked":"Sever Soul","floor":2.0},{"not_picked":["Headbutt","Corruption"],"picked":"Pommel Strike","floor":3.0},{"not_picked":["Thunderclap","Clothesline"],"picked":"Hemokinesis","floor":5.0},{"not_picked":["Warcry","Iron Wave"],"picked":"Pommel Strike","floor":8.0},{"not_picked":["Power Through","Shockwave"],"picked":"Battle Trance","floor":10.0},{"not_picked":["True Grit","Clothesline"],"picked":"Pommel Strike","floor":12.0},{"not_picked":["Rampage","Reckless Charge"],"picked":"Flame Barrier","floor":13.0},{"not_picked":["Headbutt","Armaments"],"picked":"Perfected Strike","floor":14.0},{"not_picked":["Juggernaut","Brutality"],"picked":"Feed","floor":16.0},{"not_picked":["Warcry","Clash"],"picked":"Shrug It Off","floor":18.0},{"not_picked":["Battle Trance","Heavy Blade"],"picked":"Pommel Strike","floor":20.0},{"not_picked":["Carnage","Reckless Charge","Armaments"],"picked":"SKIP","floor":22.0},{"not_picked":["Ghostly Armor","Armaments"],"picked":"Twin Strike+1","floor":23.0},{"not_picked":["Body Slam","Thunderclap"],"picked":"Perfected Strike","floor":25.0},{"not_picked":["Fiend Fire","Heavy Blade+1"],"picked":"Perfected Strike","floor":27.0},{"not_picked":["Flex","Thunderclap"],"picked":"Twin Strike+1","floor":29.0},{"not_picked":["Blood for Blood","Dropkick"],"picked":"Seeing Red+1","floor":31.0},{"not_picked":["Fiend Fire","Bludgeon"],"picked":"Demon Form","floor":33.0},{"not_picked":["Clash","Anger"],"picked":"Pommel Strike","floor":35.0},{"not_picked":["Burning Pact","Body Slam"],"picked":"Twin Strike+1","floor":36.0},{"not_picked":["Magnetism","Sadistic Nature"],"picked":"Dark Shackles","floor":37.0},{"not_picked":["Entrench+1","Heavy Blade"],"picked":"Perfected Strike","floor":39.0},{"not_picked":["Shrug It Off","Burning Pact"],"picked":"Warcry+1","floor":40.0},{"not_picked":["Corruption","Body Slam"],"picked":"Spot Weakness","floor":42.0},{"not_picked":["Headbutt","Rupture"],"picked":"Warcry","floor":46.0},{"not_picked":["Sword Boomerang","Thunderclap"],"picked":"Warcry+1","floor":48.0}],"player_experience":14753,"relics_obtained":[{"floor":7.0,"key":"Pantograph"},{"floor":8.0,"key":"Oddly Smooth Stone"},{"floor":9.0,"key":"Pen Nib"},{"floor":10.0,"key":"Regal Pillow"},{"floor":23.0,"key":"Bag of Preparation"},{"floor":25.0,"key":"Thread and Needle"},{"floor":26.0,"key":"Bottled Flame"},{"floor":34.0,"key":"Juzu Bracelet"},{"floor":34.0,"key":"Pear"},{"floor":34.0,"key":"Gambling Chip"},{"floor":40.0,"key":"Peace Pipe"},{"floor":43.0,"key":"Lantern"},{"floor":46.0,"key":"Letter Opener"}],"event_choices":[{"event_name":"Liars Game","player_choice":"agreed","floor":4.0,"damage_taken":0.0},{"event_name":"Dead Adventurer","player_choice":"Searched \u00271\u0027 times","floor":7.0,"damage_taken":0.0},{"event_name":"The Mausoleum","player_choice":"Yes","floor":19.0,"damage_taken":0.0},{"event_name":"Back to Basics","player_choice":"Simplicity","floor":21.0,"damage_taken":0.0},{"event_name":"SensoryStone","player_choice":"Memory 1","floor":37.0,"damage_taken":0.0}],"boss_relics":[{"not_picked":["Runic Cube","Mark of Pain"],"picked":"Empty Cage"},{"not_picked":["Tiny House","Philosopher\u0027s Stone"],"picked":"Calling Bell"}],"items_purged_floors":[38],"is_endless":false,"potions_floor_spawned":[5,7,7,10,14,18,20,22,27,29,35,42,48],"ascension_level":0}