{"gold_per_floor":[114,114,128,145,145,145,176,176,176,196,216,249,267,292,292,369,369,382,382,382,395,73,73,92,102,102,102,112,112,112,3,3,3],"floor_reached":33,"playtime":4647,"items_purged":[],"score":534,"play_id":"3d4f4d5f-c125-496b-84c9-de23bd64d7af","local_time":"20190401205647","is_ascension_mode":true,"campfire_choices":[{"data":"Darkness","floor":6.0,"key":"SMITH"},{"data":"Zap","floor":8.0,"key":"SMITH"},{"floor":15.0,"key":"REST"},{"data":"Redo","floor":23.0,"key":"SMITH"},{"floor":27.0,"key":"REST"},{"floor":29.0,"key":"REST"},{"floor":32.0,"key":"REST"}],"neow_cost":"NONE","seed_source_timestamp":0,"circlet_count":0,"master_deck":["AscendersBane","Strike_B","Strike_B+1","Strike_B","Defend_B","Defend_B","Defend_B","Defend_B","Zap+1","Dualcast","Streamline","Darkness+1","Cold Snap+1","Loop","Rip and Tear","Seek","Cold Snap","Cold Snap","Core Surge","Genetic Algorithm","Fusion+1","Redo+1","BootSequence+1","Self Repair","Turbo"],"special_seed":0,"relics":["Cracked Core","Kunai","Potion Belt","Ancient Tea Set","Bottled Flame","Whetstone","White Beast Statue","MutagenicStrength","Mummified Hand","Bag of Preparation"],"potions_floor_usage":[33,33,33],"damage_taken":[{"damage":0.0,"enemies":"Jaw Worm","floor":1.0,"turns":3.0},{"damage":0.0,"enemies":"Cultist","floor":3.0,"turns":3.0},{"damage":0.0,"enemies":"2 Louse","floor":4.0,"turns":2.0},{"damage":10.0,"enemies":"3 Sentries","floor":7.0,"turns":4.0},{"damage":0.0,"enemies":"Large Slime","floor":10.0,"turns":5.0},{"damage":9.0,"enemies":"Red Slaver","floor":11.0,"turns":3.0},{"damage":8.0,"enemies":"Gremlin Nob","floor":12.0,"turns":3.0},{"damage":18.0,"enemies":"Lots of Slimes","floor":13.0,"turns":3.0},{"damage":15.0,"enemies":"3 Sentries","floor":14.0,"turns":6.0},{"damage":19.0,"enemies":"Slime Boss","floor":16.0,"turns":5.0},{"damage":9.0,"enemies":"Spheric Guardian","floor":18.0,"turns":3.0},{"damage":18.0,"enemies":"2 Thieves","floor":21.0,"turns":3.0},{"damage":14.0,"enemies":"Chosen and Byrds","floor":24.0,"turns":6.0},{"damage":17.0,"enemies":"Snake Plant","floor":25.0,"turns":3.0},{"damage":19.0,"enemies":"Centurion and Healer","floor":28.0,"turns":6.0},{"damage":69,"enemies":"Collector","floor":33,"turns":15}],"seed_played":"1572155569524642708","potions_obtained":[{"floor":1.0,"key":"Weak Potion"},{"floor":3.0,"key":"PowerPotion"},{"floor":7.0,"key":"AttackPotion"},{"floor":10.0,"key":"LiquidBronze"},{"floor":13.0,"key":"Explosive Potion"},{"floor":16.0,"key":"Dexterity Potion"},{"floor":18.0,"key":"Swift Potion"},{"floor":21.0,"key":"Block Potion"},{"floor":24.0,"key":"Ancient Potion"},{"floor":25.0,"key":"FocusPotion"},{"floor":28.0,"key":"Swift Potion"}],"is_trial":false,"path_per_floor":["M","?","M","M","$","R","E","R","T","M","M","E","M","E","R","B",null,"M","?","?","M","$","R","M","M","T","R","M","R","?","$","R","B"],"character_chosen":"DEFECT","items_purchased":["Mummified Hand","Redo","FocusPotion","Turbo"],"campfire_rested":4,"item_purchase_floors":[22,22,31,31],"current_hp_per_floor":[64,64,64,64,64,64,54,54,54,54,45,37,19,4,25,6,55,46,46,60,42,42,42,28,11,11,32,13,34,34,34,55,0],"gold":3,"neow_bonus":"REMOVE_CARD","is_prod":false,"is_daily":false,"chose_seed":false,"campfire_upgraded":3,"win_rate":0,"timestamp":1554170207,"path_taken":["M","?","M","?","$","R","E","R","T","M","M","E","M","E","R","BOSS","M","?","?","M","$","R","M","M","T","R","M","R","?","$","R","BOSS"],"build_version":"2019-01-23","purchased_purges":0,"victory":false,"max_hp_per_floor":[71,71,71,71,71,71,71,71,71,71,71,71,71,71,71,71,71,71,71,71,71,71,71,71,71,71,71,71,71,71,71,71,71],"card_choices":[{"not_picked":["Chill","Capacitor"],"picked":"Rebound","floor":1.0},{"not_picked":["Leap","Coolheaded"],"picked":"Streamline","floor":3.0},{"not_picked":["Double Energy","Streamline"],"picked":"Darkness","floor":4.0},{"not_picked":["Heatsinks","Streamline"],"picked":"Cold Snap","floor":7.0},{"not_picked":["Conserve Battery","Auto Shields"],"picked":"Loop","floor":10.0},{"not_picked":["Buffer","Leap"],"picked":"Rip and Tear","floor":11.0},{"not_picked":["Turbo","Compile Driver"],"picked":"Seek","floor":12.0},{"not_picked":["BootSequence","Fission"],"picked":"Cold Snap","floor":13.0},{"not_picked":["Barrage","Self Repair"],"picked":"Cold Snap","floor":14.0},{"not_picked":["Amplify","Rainbow"],"picked":"Core Surge","floor":16.0},{"not_picked":["Conserve Battery","Lockon"],"picked":"Genetic Algorithm","floor":18.0},{"not_picked":["Coolheaded+1","Ball Lightning+1"],"picked":"Fusion+1","floor":21.0},{"not_picked":["Cold Snap","Rebound"],"picked":"BootSequence+1","floor":25.0},{"not_picked":["Melter","Hologram+1"],"picked":"Self Repair","floor":28.0}],"player_experience":971109,"relics_obtained":[{"floor":7.0,"key":"Potion Belt"},{"floor":9.0,"key":"Ancient Tea Set"},{"floor":12.0,"key":"Bottled Flame"},{"floor":14.0,"key":"Whetstone"},{"floor":26.0,"key":"Bag of Preparation"}],"event_choices":[{"cards_removed":["Rebound"],"damage_healed":0.0,"max_hp_gain":0.0,"max_hp_loss":0.0,"gold_gain":0.0,"event_name":"WeMeetAgain","player_choice":"Gave Card","floor":2.0,"gold_loss":0.0,"damage_taken":0.0,"relics_obtained":["Kunai"]},{"damage_healed":0.0,"max_hp_gain":0.0,"max_hp_loss":0.0,"gold_gain":0.0,"event_name":"Drug Dealer","player_choice":"Inject Mutagens","floor":19.0,"gold_loss":0.0,"damage_taken":0.0,"relics_obtained":["MutagenicStrength"]},{"damage_healed":14.0,"max_hp_gain":0.0,"max_hp_loss":0.0,"gold_gain":0.0,"event_name":"The Library","player_choice":"Heal","floor":20.0,"gold_loss":0.0,"damage_taken":0.0},{"damage_healed":0.0,"max_hp_gain":0.0,"max_hp_loss":0.0,"gold_gain":0.0,"event_name":"Match and Keep!","player_choice":"0 cards matched","floor":30.0,"gold_loss":0.0,"damage_taken":0.0,"cards_obtained":[]}],"is_beta":false,"boss_relics":[{"not_picked":["Coffee Dripper","Snecko Eye"],"picked":"White Beast Statue"}],"items_purged_floors":[],"is_endless":false,"potions_floor_spawned":[1,3,7,10,13,16,18,21,24,25,28],"killed_by":"Collector","ascension_level":20}