{"gold_per_floor":[111,111,121,132,132,163,178,178,178,99,99,115,115,150,150,228,228,238,338,613,27,44,44,71,97,134,146],"floor_reached":27,"playtime":1642,"items_purged":["Regret"],"score":482,"play_id":"16f0acc9-c200-4987-b473-d8e124fd82ce","local_time":"20190322091901","is_ascension_mode":true,"campfire_choices":[{"floor":8.0,"key":"REST"},{"data":"Noxious Fumes","floor":11.0,"key":"SMITH"},{"data":"Adrenaline","floor":13.0,"key":"SMITH"},{"data":"Catalyst","floor":15.0,"key":"SMITH"},{"floor":23.0,"key":"REST"}],"neow_cost":"NONE","seed_source_timestamp":747751188159777,"circlet_count":0,"master_deck":["AscendersBane","Defend_G","Defend_G","Defend_G+1","Defend_G","Defend_G+1","Strike_G","Strike_G","Strike_G","Strike_G","Strike_G","Survivor","Neutralize","Crippling Poison","Dagger Throw","Flying Knee","Neutralize","Flying Knee","Adrenaline+1","Noxious Fumes+1","PiercingWail","Catalyst+1","Venomology","Prepared+1","Caltrops","Noxious Fumes","Well Laid Plans","Cloak And Dagger"],"special_seed":0,"relics":["Ring of the Snake","NeowsBlessing","Orichalcum","Happy Flower","Shuriken","Black Star","Ice Cream","The Courier","Bottled Tornado","War Paint","Strawberry","MawBank"],"potions_floor_usage":[27,27],"damage_taken":[{"damage":0.0,"enemies":"2 Louse","floor":1.0,"turns":1.0},{"damage":0.0,"enemies":"Jaw Worm","floor":3.0,"turns":1.0},{"damage":0.0,"enemies":"Cultist","floor":4.0,"turns":1.0},{"damage":51.0,"enemies":"Lagavulin","floor":6.0,"turns":12.0},{"damage":5.0,"enemies":"3 Louse","floor":7.0,"turns":3.0},{"damage":0.0,"enemies":"Exordium Wildlife","floor":12.0,"turns":3.0},{"damage":6.0,"enemies":"3 Sentries","floor":14.0,"turns":9.0},{"damage":7.0,"enemies":"Slime Boss","floor":16.0,"turns":7.0},{"damage":15.0,"enemies":"Spheric Guardian","floor":18.0,"turns":4.0},{"damage":1.0,"enemies":"Colosseum Slavers","floor":19.0,"turns":4.0},{"damage":6.0,"enemies":"Colosseum Nobs","floor":19.0,"turns":6.0},{"damage":6.0,"enemies":"2 Thieves","floor":22.0,"turns":4.0},{"damage":40.0,"enemies":"Slavers","floor":24.0,"turns":6.0},{"damage":13.0,"enemies":"Chosen and Byrds","floor":25.0,"turns":5.0},{"damage":9,"enemies":"Shelled Parasite and Fungi","floor":27,"turns":4}],"seed_played":"1125042791503659186","potions_obtained":[{"floor":1.0,"key":"GhostInAJar"},{"floor":6.0,"key":"PowerPotion"},{"floor":7.0,"key":"Poison Potion"},{"floor":16.0,"key":"Strength Potion"}],"is_trial":false,"path_per_floor":["M","?","M","M","?","E","M","R","T","$","R","M","R","E","R","B",null,"M","?","?","$","M","R","E","M","T","M"],"character_chosen":"THE_SILENT","items_purchased":["Noxious Fumes","Bottled Tornado","War Paint","Noxious Fumes","Well Laid Plans","SteroidPotion"],"campfire_rested":2,"item_purchase_floors":[10,21,21,21,21,21],"current_hp_per_floor":[59,64,64,64,64,13,8,29,29,29,29,29,29,23,23,16,57,42,35,35,35,29,50,17,4,4,0],"gold":146,"neow_bonus":"THREE_ENEMY_KILL","is_prod":false,"is_daily":false,"chose_seed":false,"campfire_upgraded":3,"win_rate":0,"timestamp":1553264341,"path_taken":["M","?","M","M","?","E","M","R","T","$","R","?","R","E","R","BOSS","M","?","?","$","M","R","E","?","T","M"],"build_version":"2019-01-23","purchased_purges":1,"victory":false,"max_hp_per_floor":[66,71,71,71,71,71,71,71,71,71,71,71,71,71,71,71,71,71,71,71,71,71,71,78,78,78,78],"card_choices":[{"not_picked":["Cloak And Dagger","Finisher"],"picked":"Crippling Poison","floor":1.0},{"not_picked":["Underhanded Strike","Flechettes"],"picked":"Dagger Throw","floor":3.0},{"not_picked":["Prepared","Tactician"],"picked":"Flying Knee","floor":4.0},{"not_picked":["Leg Sweep","Underhanded Strike"],"picked":"Flying Knee","floor":6.0},{"not_picked":["Acrobatics","Cloak And Dagger"],"picked":"Adrenaline","floor":7.0},{"not_picked":["Riddle With Holes","Bane"],"picked":"PiercingWail","floor":12.0},{"not_picked":["Finisher","Skewer"],"picked":"Catalyst","floor":14.0},{"not_picked":["Doppelganger","Unload"],"picked":"Venomology","floor":16.0},{"not_picked":["Underhanded Strike","Dagger Spray"],"picked":"Prepared+1","floor":18.0},{"not_picked":["Bane","Acrobatics"],"picked":"Caltrops","floor":19.0},{"not_picked":["Flechettes","Terror"],"picked":"Cloak And Dagger","floor":22.0},{"not_picked":["Masterful Stab","Accuracy","Doppelganger"],"picked":"SKIP","floor":24.0},{"not_picked":["Dagger Spray+1","Sucker Punch","Prepared"],"picked":"SKIP","floor":25.0},{"not_picked":["Dagger Spray+1","Sucker Punch","Prepared"],"picked":"SKIP","floor":25.0}],"player_experience":897328,"relics_obtained":[{"floor":6.0,"key":"Orichalcum"},{"floor":9.0,"key":"Happy Flower"},{"floor":14.0,"key":"Shuriken"},{"floor":19.0,"key":"Ice Cream"},{"floor":19.0,"key":"The Courier"},{"floor":24.0,"key":"Strawberry"},{"floor":24.0,"key":"MawBank"}],"event_choices":[{"damage_healed":0.0,"max_hp_gain":5.0,"max_hp_loss":0.0,"gold_gain":0.0,"event_name":"Big Fish","player_choice":"Donut","floor":2.0,"gold_loss":0.0,"damage_taken":0.0},{"damage_healed":0.0,"max_hp_gain":0.0,"max_hp_loss":0.0,"gold_gain":0.0,"event_name":"Match and Keep!","player_choice":"1 cards matched","floor":5.0,"gold_loss":0.0,"damage_taken":0.0,"cards_obtained":["Neutralize"]},{"damage_healed":0.0,"max_hp_gain":0.0,"max_hp_loss":0.0,"gold_gain":0.0,"event_name":"Colosseum","player_choice":"Fight","floor":19.0,"gold_loss":0.0,"damage_taken":0.0},{"damage_healed":0.0,"max_hp_gain":0.0,"max_hp_loss":0.0,"gold_gain":0.0,"event_name":"Colosseum","player_choice":"Fought Nobs","floor":19.0,"gold_loss":0.0,"damage_taken":0.0},{"damage_healed":0.0,"max_hp_gain":0.0,"max_hp_loss":0.0,"gold_gain":275.0,"event_name":"Golden Shrine","player_choice":"Desecrate","floor":20.0,"gold_loss":0.0,"damage_taken":0.0,"cards_obtained":["Regret"]}],"is_beta":false,"boss_relics":[{"not_picked":["Lizard Tail","Velvet Choker"],"picked":"Black Star"}],"items_purged_floors":[21],"is_endless":false,"potions_floor_spawned":[1,6,7,16,19,22],"killed_by":"Shelled Parasite and Fungi","ascension_level":20}