{"gold_per_floor":[211,221,221,3,3,36,36,36,63,86,51,62,62,73,73,168,168,179,179,149,74,74,139,139,157,157,157,172,185,219,219,219,219],"floor_reached":33,"playtime":967,"items_purged":["Strike_R"],"score":295,"play_id":"446c065f-08c1-45f1-ae09-6ab6220fdaa3","local_time":"20190418180608","is_ascension_mode":true,"campfire_choices":[{"data":"Armaments","floor":7,"key":"SMITH"},{"data":"Bash","floor":15,"key":"SMITH"},{"data":"Shrug It Off","floor":24,"key":"SMITH"},{"data":"RitualDagger","floor":27,"key":"SMITH"},{"data":"Metallicize","floor":32,"key":"SMITH"}],"neow_cost":"NONE","seed_source_timestamp":611610575771600,"circlet_count":0,"master_deck":["Strike_R+1","Strike_R+1","Strike_R+1","Defend_R","Defend_R","Defend_R","Defend_R","Bash+1","Shrug It Off+1","Whirlwind+1","Immolate","Armaments+1","Flex","Metallicize+1","Twin Strike","RitualDagger+1","Headbutt","Twin Strike+1","Shame","Infernal Blade+1","Feed","Reaper"],"relics":["Burning Blood","Juzu Bracelet","Bag of Preparation","Blood Vial","Anchor","Potion Belt","Cursed Key","Tiny Chest","Ancient Tea Set","Whetstone"],"potions_floor_usage":[6,25,30,30,30,30,30,30,33,33,33],"damage_taken":[{"damage":6,"enemies":"Jaw Worm","floor":1,"turns":3},{"damage":7,"enemies":"2 Louse","floor":2,"turns":3},{"damage":24,"enemies":"Lagavulin","floor":6,"turns":7},{"damage":0,"enemies":"Small Slimes","floor":12,"turns":1},{"damage":0,"enemies":"2 Fungi Beasts","floor":14,"turns":1},{"damage":56,"enemies":"Slime Boss","floor":16,"turns":13},{"damage":0,"enemies":"3 Byrds","floor":18,"turns":3},{"damage":34,"enemies":"Slavers","floor":23,"turns":4},{"damage":0,"enemies":"2 Thieves","floor":25,"turns":4},{"damage":5,"enemies":"Cultist and Chosen","floor":28,"turns":5},{"damage":2,"enemies":"Centurion and Healer","floor":29,"turns":4},{"damage":28,"enemies":"Book of Stabbing","floor":30,"turns":5},{"damage":123,"enemies":"Automaton","floor":33,"turns":12}],"seed_played":"-7973169885239741680","potions_obtained":[{"floor":2,"key":"SpeedPotion"},{"floor":16,"key":"SteroidPotion"},{"floor":20,"key":"Explosive Potion"},{"floor":20,"key":"EntropicBrew"},{"floor":25,"key":"Fruit Juice"},{"floor":29,"key":"GamblersBrew"},{"floor":30,"key":"SpeedPotion"}],"is_trial":false,"path_per_floor":["M","M","?","$","?","E","R","?","T","T","?","M","?","M","R","B",null,"M","?","?","$","?","E","R","M","T","R","M","M","E","?","R","B"],"character_chosen":"IRONCLAD","items_purchased":["Immolate","Juzu Bracelet"],"campfire_rested":0,"item_purchase_floors":[4,4],"current_hp_per_floor":[80,79,72,72,56,38,38,38,38,38,58,66,66,74,74,26,80,80,80,80,80,74,48,48,61,61,61,64,70,50,50,50,0],"gold":219,"neow_bonus":"HUNDRED_GOLD","is_prod":false,"is_daily":false,"chose_seed":false,"campfire_upgraded":5,"win_rate":0,"timestamp":1555603568,"path_taken":["M","M","?","$","?","E","R","?","T","?","?","M","?","M","R","BOSS","M","?","?","$","?","E","R","M","T","R","M","M","E","?","R","BOSS"],"build_version":"2019-01-23","purchased_purges":1,"victory":false,"max_hp_per_floor":[80,80,80,80,80,80,80,80,80,80,80,80,80,80,80,80,80,80,80,80,80,80,80,80,85,85,85,85,85,85,85,85,85],"card_choices":[{"not_picked":["Sword Boomerang","Sever Soul"],"picked":"Shrug It Off","floor":1},{"not_picked":["Blood for Blood","Sword Boomerang"],"picked":"Whirlwind","floor":2},{"not_picked":["Twin Strike","Perfected Strike"],"picked":"Armaments","floor":6},{"not_picked":["Feel No Pain","Sever Soul"],"picked":"Flex","floor":12},{"not_picked":["Spot Weakness","Cleave"],"picked":"Metallicize","floor":14},{"not_picked":["Bludgeon","Dark Embrace"],"picked":"Juggernaut","floor":16},{"not_picked":["Ghostly Armor","Combust"],"picked":"Twin Strike","floor":18},{"not_picked":["Entrench","Heavy Blade"],"picked":"Headbutt","floor":23},{"not_picked":["Flex","Anger+1"],"picked":"Twin Strike+1","floor":25},{"not_picked":["Thunderclap","Power Through"],"picked":"Infernal Blade+1","floor":28},{"not_picked":["Sword Boomerang","Warcry","Rupture"],"picked":"SKIP","floor":29},{"not_picked":["Shrug It Off","Reckless Charge"],"picked":"Feed","floor":30}],"player_experience":388144,"relics_obtained":[{"floor":6,"key":"Bag of Preparation"},{"floor":9,"key":"Anchor"},{"floor":10,"key":"Potion Belt"},{"floor":23,"key":"Tiny Chest"},{"floor":26,"key":"Ancient Tea Set"},{"floor":30,"key":"Whetstone"}],"event_choices":[{"cards_removed":["Strike_R"],"damage_healed":0,"gold_gain":0,"player_choice":"Card Removal","damage_taken":7,"max_hp_gain":0,"max_hp_loss":0,"event_name":"Golden Wing","floor":3,"gold_loss":0},{"damage_healed":0,"gold_gain":0,"player_choice":"Entered Light","damage_taken":16,"max_hp_gain":0,"max_hp_loss":0,"event_name":"Shining Light","floor":5,"gold_loss":0,"cards_upgraded":["Strike_R","Strike_R"]},{"damage_healed":0,"gold_gain":0,"player_choice":"Searched \u00272\u0027 times","damage_taken":0,"relics_obtained":["Blood Vial"],"max_hp_gain":0,"max_hp_loss":0,"event_name":"Dead Adventurer","floor":8,"gold_loss":0},{"damage_healed":20,"gold_gain":0,"player_choice":"Healed","damage_taken":0,"max_hp_gain":0,"max_hp_loss":0,"event_name":"The Cleric","floor":11,"gold_loss":35},{"damage_healed":0,"gold_gain":0,"player_choice":"Ignored","damage_taken":0,"max_hp_gain":0,"max_hp_loss":0,"event_name":"Liars Game","floor":13,"gold_loss":0},{"damage_healed":0,"gold_gain":0,"player_choice":"Ignored","damage_taken":0,"max_hp_gain":0,"max_hp_loss":0,"event_name":"Ghosts","floor":19,"gold_loss":0},{"damage_healed":0,"gold_gain":0,"player_choice":"Bought 2 Potions","damage_taken":0,"max_hp_gain":0,"max_hp_loss":0,"event_name":"The Woman in Blue","floor":20,"gold_loss":0},{"damage_healed":0,"gold_gain":0,"player_choice":"Joined the Cult","damage_taken":6,"max_hp_gain":0,"max_hp_loss":0,"event_name":"Nest","floor":22,"gold_loss":0,"cards_obtained":["RitualDagger"]},{"damage_healed":0,"gold_gain":0,"cards_transformed":["Juggernaut"],"player_choice":"Transformed","damage_taken":0,"max_hp_gain":0,"max_hp_loss":0,"event_name":"Transmorgrifier","floor":31,"gold_loss":0,"cards_obtained":["Reaper"]}],"is_beta":false,"boss_relics":[{"not_picked":["Ectoplasm","Orrery"],"picked":"Cursed Key"}],"items_purged_floors":[21],"is_endless":false,"potions_floor_spawned":[2,16,25,29,30],"killed_by":"Automaton","ascension_level":1}