{"gold_per_floor":[361,380,393,4,4,33,53,53,99,99,118,118,129,158,158,258,258,272,286,286,2,2,36,36,69,93,93],"floor_reached":27,"playtime":1810,"items_purged":[],"score":311,"play_id":"33dffa50-d56d-49cd-868c-30046add8413","local_time":"20180713002147","is_ascension_mode":false,"campfire_choices":[{"data":"Glass Knife","floor":8.0,"key":"SMITH"},{"data":"Die Die Die","floor":10.0,"key":"SMITH"},{"data":"Backflip","floor":12.0,"key":"SMITH"},{"data":"Terror","floor":15.0,"key":"SMITH"},{"data":"Accuracy","floor":24.0,"key":"SMITH"}],"neow_cost":"TEN_PERCENT_HP_LOSS","seed_source_timestamp":156587510767342,"circlet_count":0,"master_deck":["Defend_G","Defend_G","Defend_G","Defend_G","Survivor","Neutralize","Backflip+1","Blade Dance","Leg Sweep","Glass Knife+1","Infinite Blades+1","Die Die Die+1","Backstab","Terror+1","Phantasmal Killer","Accuracy+1","Terror","Bite","Bite","Bite","Bite","Bite","Noxious Fumes+1","Cloak And Dagger","Bullet Time"],"special_seed":0,"relics":["Ring of the Serpent","Centennial Puzzle","Ornamental Fan","Bag of Marbles","Omamori","Frozen Egg 2","Calipers","Anchor","Vajra"],"potions_floor_usage":[],"damage_taken":[{"damage":0.0,"enemies":"Small Slimes","floor":1.0,"turns":4.0},{"damage":9.0,"enemies":"Jaw Worm","floor":2.0,"turns":7.0},{"damage":0.0,"enemies":"2 Louse","floor":3.0,"turns":2.0},{"damage":3.0,"enemies":"3 Sentries","floor":6.0,"turns":14.0},{"damage":2.0,"enemies":"Blue Slaver","floor":7.0,"turns":4.0},{"damage":0.0,"enemies":"Lots of Slimes","floor":11.0,"turns":2.0},{"damage":3.0,"enemies":"Large Slime","floor":13.0,"turns":2.0},{"damage":0.0,"enemies":"Lagavulin","floor":14.0,"turns":6.0},{"damage":11.0,"enemies":"The Guardian","floor":16.0,"turns":8.0},{"damage":1.0,"enemies":"Shell Parasite","floor":18.0,"turns":4.0},{"damage":7.0,"enemies":"3 Byrds","floor":19.0,"turns":4.0},{"damage":19.0,"enemies":"Book of Stabbing","floor":23.0,"turns":4.0},{"damage":36.0,"enemies":"Gremlin Leader","floor":25.0,"turns":5.0},{"damage":7,"enemies":"Slavers","floor":27,"turns":2}],"seed_played":"-829109620440707326","potions_obtained":[{"floor":3.0,"key":"PowerPotion"},{"floor":7.0,"key":"Energy Potion"},{"floor":11.0,"key":"SteroidPotion"},{"floor":14.0,"key":"Block Potion"},{"floor":18.0,"key":"EssenceOfSteel"},{"floor":23.0,"key":"Poison Potion"}],"is_trial":false,"path_per_floor":["M","M","M","$","?","E","M","R","T","R","M","R","M","E","R","B",null,"M","M","?","$","?","E","R","E","T"],"character_chosen":"THE_SILENT","items_purchased":["Centennial Puzzle","Glass Knife","Infinite Blades","Frozen Egg 2","Noxious Fumes+1"],"campfire_rested":0,"item_purchase_floors":[4,4,4,21,21],"current_hp_per_floor":[63,54,54,54,54,51,49,49,49,49,49,49,46,46,46,35,63,62,55,44,44,44,31,31,5,5,0],"gold":93,"neow_bonus":"TWO_FIFTY_GOLD","is_prod":false,"is_daily":false,"chose_seed":false,"campfire_upgraded":5,"win_rate":0,"timestamp":1531455707,"path_taken":["M","M","M","$","?","E","M","R","T","R","M","R","M","E","R","BOSS","M","M","?","$","?","E","R","E","T","E"],"build_version":"2018-07-12","purchased_purges":0,"victory":false,"max_hp_per_floor":[63,63,63,63,63,63,63,63,63,63,63,63,63,63,63,63,63,63,63,44,44,44,44,44,44,44,44],"card_choices":[{"not_picked":["Prepared","Blur"],"picked":"Backflip","floor":1.0},{"not_picked":["Terror","Sucker Punch"],"picked":"Blade Dance","floor":2.0},{"not_picked":["Crippling Poison","Well Laid Plans"],"picked":"Leg Sweep","floor":3.0},{"not_picked":["Bouncing Flask","Expertise"],"picked":"Die Die Die","floor":6.0},{"not_picked":["Sucker Punch","Finisher","Deadly Poison"],"picked":"SKIP","floor":7.0},{"not_picked":["PiercingWail","Deadly Poison","Acrobatics"],"picked":"SKIP","floor":11.0},{"not_picked":["Deadly Poison","Sucker Punch"],"picked":"Backstab","floor":13.0},{"not_picked":["Well Laid Plans","Dodge and Roll"],"picked":"Terror","floor":14.0},{"not_picked":["A Thousand Cuts","Die Die Die"],"picked":"Phantasmal Killer","floor":16.0},{"not_picked":["Sucker Punch","Prepared"],"picked":"Accuracy","floor":18.0},{"not_picked":["Choke","Noxious Fumes"],"picked":"Terror","floor":19.0},{"not_picked":["Backflip","Prepared"],"picked":"Cloak And Dagger","floor":23.0},{"not_picked":["Blur","Sucker Punch"],"picked":"Bullet Time","floor":25.0}],"player_experience":50069,"relics_obtained":[{"floor":6.0,"key":"Ornamental Fan"},{"floor":9.0,"key":"Bag of Marbles"},{"floor":14.0,"key":"Omamori"},{"floor":23.0,"key":"Calipers"},{"floor":25.0,"key":"Anchor"},{"floor":26.0,"key":"Vajra"}],"event_choices":[{"event_name":"Living Wall","player_choice":"Grow","floor":5.0,"damage_taken":0.0},{"event_name":"Vampires","player_choice":"Became a vampire","floor":20.0,"damage_taken":0.0},{"event_name":"Wheel of Change","player_choice":"Card Removal","floor":22.0,"damage_taken":0.0}],"boss_relics":[{"not_picked":["Tiny House","Empty Cage"],"picked":"Ring of the Serpent"}],"items_purged_floors":[],"is_endless":false,"potions_floor_spawned":[3,7,11,14,18,23],"killed_by":"Slavers","ascension_level":0}