{"gold_per_floor":[110,121,140,37,54,54,34,60,60,60,70,45,10,37,37,112,112,131,31,46,46,66,66,66,66,118,134,134,165,182,214,214,293,293,313,273,273,273,287,318,318,330,356,356,384,159,159,190,190,190,190],"floor_reached":51,"playtime":3265,"items_purged":["Strike_B","Strike_B"],"score":1462,"play_id":"cfe6c5ae-4e56-400c-b618-b8484fa8b873","local_time":"20190403102056","is_ascension_mode":true,"campfire_choices":[{"data":"Zap","floor":6.0,"key":"SMITH"},{"data":"Doom and Gloom","floor":10.0,"key":"SMITH"},{"data":"Sunder","floor":15.0,"key":"SMITH"},{"data":"Writhe","floor":23.0,"key":"PURGE"},{"data":"Strike_B","floor":25.0,"key":"PURGE"},{"floor":28.0,"key":"RECALL"},{"data":"Defend_B","floor":32.0,"key":"PURGE"},{"data":"Defend_B","floor":41.0,"key":"PURGE"},{"floor":44.0,"key":"REST"},{"floor":47.0,"key":"REST"},{"floor":49.0,"key":"REST"}],"neow_cost":"PERCENT_DAMAGE","seed_source_timestamp":0,"circlet_count":0,"master_deck":["AscendersBane","Defend_B+1","Zap+1","Dualcast","Rip and Tear","Doom and Gloom+1","Chill","Conserve Battery+1","Biased Cognition","Sunder+1","Go for the Eyes","Conserve Battery","Electrodynamics","Self Repair+1","Redo","Compile Driver","Coolheaded","Leap","Undo","Biased Cognition","Barrage+1","Capacitor","Leap+1","Compile Driver+1","Compile Driver+1","Creative AI","Redo","Lockon+1"],"special_seed":0,"relics":["Cracked Core","War Paint","Mummified Hand","Peace Pipe","Fusion Hammer","Ancient Tea Set","Happy Flower","Oddly Smooth Stone","Orichalcum","Mango","Nuclear Battery","Gremlin Horn","Bottled Flame","Omamori"],"potions_floor_usage":[51],"damage_taken":[{"damage":3.0,"enemies":"2 Louse","floor":1.0,"turns":3.0},{"damage":0.0,"enemies":"Cultist","floor":2.0,"turns":3.0},{"damage":0.0,"enemies":"Small Slimes","floor":3.0,"turns":2.0},{"damage":0.0,"enemies":"Exordium Wildlife","floor":5.0,"turns":2.0},{"damage":6.0,"enemies":"3 Sentries","floor":8.0,"turns":4.0},{"damage":2.0,"enemies":"3 Louse","floor":11.0,"turns":3.0},{"damage":10.0,"enemies":"Lagavulin","floor":14.0,"turns":4.0},{"damage":38.0,"enemies":"The Guardian","floor":16.0,"turns":9.0},{"damage":7.0,"enemies":"2 Thieves","floor":18.0,"turns":2.0},{"damage":1.0,"enemies":"Spheric Guardian","floor":20.0,"turns":3.0},{"damage":10.0,"enemies":"Snecko","floor":22.0,"turns":4.0},{"damage":0.0,"enemies":"3 Cultists","floor":27.0,"turns":3.0},{"damage":14.0,"enemies":"Book of Stabbing","floor":29.0,"turns":4.0},{"damage":7.0,"enemies":"Snake Plant","floor":30.0,"turns":4.0},{"damage":23.0,"enemies":"Slavers","floor":31.0,"turns":4.0},{"damage":48.0,"enemies":"Champ","floor":33.0,"turns":13.0},{"damage":0.0,"enemies":"3 Shapes","floor":35.0,"turns":7.0},{"damage":0.0,"enemies":"Orb Walker","floor":39.0,"turns":3.0},{"damage":19.0,"enemies":"Nemesis","floor":40.0,"turns":7.0},{"damage":3.0,"enemies":"4 Shapes","floor":42.0,"turns":4.0},{"damage":68.0,"enemies":"Giant Head","floor":45.0,"turns":8.0},{"damage":30.0,"enemies":"Nemesis","floor":48.0,"turns":9.0},{"damage":17.0,"enemies":"Donu and Deca","floor":50.0,"turns":6.0},{"damage":51,"enemies":"Awakened One","floor":51,"turns":11}],"seed_played":"4700211711800153562","potions_obtained":[{"floor":1.0,"key":"Energy Potion"},{"floor":3.0,"key":"Dexterity Potion"},{"floor":5.0,"key":"FearPotion"},{"floor":11.0,"key":"Explosive Potion"},{"floor":29.0,"key":"Ancient Potion"},{"floor":35.0,"key":"FearPotion"}],"is_trial":false,"path_per_floor":["M","M","M","$","M","R","?","E","T","R","M","$","?","E","R","B",null,"M","$","M","?","M","R","?","R","T","M","R","E","M","E","R","B",null,"M","$","?","?","M","E","R","M","T","R","E","$","R","E","R","B","B"],"character_chosen":"DEFECT","items_purchased":["Conserve Battery","Go for the Eyes","Capacitor","Creative AI","Redo","LiquidBronze"],"campfire_rested":3,"item_purchase_floors":[4,12,36,46,46,46],"current_hp_per_floor":[43,43,43,43,43,43,43,37,37,37,35,35,52,42,42,4,54,47,47,56,56,56,56,56,56,56,66,66,62,65,66,66,28,71,81,81,81,81,81,72,72,79,79,81,23,23,47,27,51,44,0],"gold":190,"neow_bonus":"REMOVE_TWO","is_prod":false,"is_daily":false,"chose_seed":false,"campfire_upgraded":3,"win_rate":0,"timestamp":1554304856,"path_taken":["M","M","M","$","M","R","?","E","T","R","?","$","?","E","R","BOSS","M","$","M","?","M","R","?","R","T","?","R","E","M","E","R","BOSS","M","$","?","?","M","E","R","M","T","R","E","$","R","E","R","BOSS","BOSS"],"build_version":"2019-01-23","purchased_purges":2,"victory":false,"max_hp_per_floor":[71,71,71,71,71,71,71,71,71,71,71,71,71,71,71,71,71,71,71,71,71,71,71,71,71,71,71,71,71,71,85,85,85,85,85,85,85,81,81,81,81,81,81,81,81,81,81,81,81,81,81],"card_choices":[{"not_picked":["Leap","Cold Snap"],"picked":"Rip and Tear","floor":1.0},{"not_picked":["Melter","Cold Snap"],"picked":"Doom and Gloom","floor":2.0},{"not_picked":["Turbo","Skim"],"picked":"Chill","floor":3.0},{"not_picked":["Coolheaded","Rebound"],"picked":"Ball Lightning","floor":5.0},{"not_picked":["Gash","Steam"],"picked":"Biased Cognition","floor":8.0},{"not_picked":["Barrage","Coolheaded"],"picked":"Sunder","floor":11.0},{"not_picked":["Leap","Cold Snap"],"picked":"Conserve Battery","floor":14.0},{"not_picked":["Amplify","Meteor Strike"],"picked":"Electrodynamics","floor":16.0},{"not_picked":["Rebound","Compile Driver+1"],"picked":"Self Repair+1","floor":18.0},{"not_picked":["Turbo","Static Discharge"],"picked":"Redo","floor":20.0},{"not_picked":["Consume","Ball Lightning","Sweeping Beam"],"picked":"SKIP","floor":22.0},{"not_picked":["Turbo","Conserve Battery"],"picked":"Compile Driver","floor":27.0},{"not_picked":["Turbo","BootSequence"],"picked":"Coolheaded","floor":29.0},{"not_picked":["Redo","Rip and Tear"],"picked":"Leap","floor":30.0},{"not_picked":["Fission","Conserve Battery"],"picked":"Undo","floor":31.0},{"not_picked":["All For One","Fission"],"picked":"Biased Cognition","floor":33.0},{"not_picked":["Go for the Eyes","Barrage+1","Beam Cell+1"],"picked":"SKIP","floor":35.0},{"not_picked":["Go for the Eyes","Beam Cell+1"],"picked":"Barrage+1","floor":35.0},{"not_picked":["Storm","Aggregate","Streamline"],"picked":"SKIP","floor":39.0},{"not_picked":["Amplify","Auto Shields"],"picked":"Leap+1","floor":40.0},{"not_picked":["Steam","Rebound"],"picked":"Compile Driver+1","floor":42.0},{"not_picked":["Genetic Algorithm","Chill"],"picked":"Compile Driver+1","floor":45.0},{"not_picked":["Auto Shields","Coolheaded"],"picked":"Lockon+1","floor":48.0}],"player_experience":975756,"relics_obtained":[{"floor":8.0,"key":"War Paint"},{"floor":9.0,"key":"Mummified Hand"},{"floor":14.0,"key":"Peace Pipe"},{"floor":24.0,"key":"Happy Flower"},{"floor":26.0,"key":"Oddly Smooth Stone"},{"floor":29.0,"key":"Orichalcum"},{"floor":31.0,"key":"Mango"},{"floor":40.0,"key":"Gremlin Horn"},{"floor":45.0,"key":"Bottled Flame"},{"floor":48.0,"key":"Omamori"}],"event_choices":[{"damage_healed":0.0,"max_hp_gain":0.0,"max_hp_loss":0.0,"gold_gain":0.0,"event_name":"The Woman in Blue","player_choice":"Bought 1 Potion","floor":7.0,"gold_loss":0.0,"damage_taken":0.0},{"damage_healed":17.0,"max_hp_gain":0.0,"max_hp_loss":0.0,"gold_gain":0.0,"event_name":"The Cleric","player_choice":"Healed","floor":13.0,"gold_loss":35.0,"damage_taken":0.0},{"damage_healed":0.0,"max_hp_gain":0.0,"max_hp_loss":0.0,"gold_gain":0.0,"event_name":"The Mausoleum","player_choice":"Opened","floor":21.0,"gold_loss":0.0,"damage_taken":0.0,"relics_obtained":["Ancient Tea Set"],"cards_obtained":["Writhe"]},{"damage_healed":0.0,"max_hp_gain":0.0,"max_hp_loss":0.0,"gold_gain":0.0,"event_name":"Wheel of Change","player_choice":"Relic","floor":24.0,"gold_loss":0.0,"damage_taken":0.0},{"cards_removed":["Ball Lightning"],"damage_healed":0.0,"max_hp_gain":0.0,"max_hp_loss":0.0,"gold_gain":0.0,"event_name":"Falling","player_choice":"Removed Attack","floor":37.0,"gold_loss":0.0,"damage_taken":0.0},{"damage_healed":0.0,"max_hp_gain":0.0,"max_hp_loss":4.0,"gold_gain":0.0,"event_name":"Winding Halls","player_choice":"Max HP","floor":38.0,"gold_loss":0.0,"damage_taken":0.0}],"is_beta":false,"boss_relics":[{"not_picked":["Cursed Key","Black Star"],"picked":"Fusion Hammer"},{"not_picked":["Coffee Dripper","Orrery"],"picked":"Nuclear Battery"}],"items_purged_floors":[4,19],"is_endless":false,"potions_floor_spawned":[1,3,5,11,16,18,27,29,35,40,48],"killed_by":"Awakened One","ascension_level":20}