{"gold_per_floor":[114,124,124,148,164,164,198,198,198,216,216,259,259,272,272,362,362,385,410,431,446,56,56,75,75,157,157,16,32,73,98,98,194,194,209,209],"floor_reached":36,"playtime":1921,"items_purged":[],"score":796,"play_id":"81abe172-a05e-415f-b15a-3353b3ac4cef","local_time":"20190405091237","is_ascension_mode":true,"campfire_choices":[{"floor":6.0,"key":"REST"},{"data":"Carnage","floor":11.0,"key":"SMITH"},{"data":"Power Through","floor":13.0,"key":"SMITH"},{"data":"Disarm","floor":15.0,"key":"SMITH"},{"data":"Demon Form","floor":23.0,"key":"SMITH"},{"data":"Flex","floor":25.0,"key":"SMITH"},{"data":"True Grit","floor":27.0,"key":"SMITH"},{"data":"Limit Break","floor":32.0,"key":"SMITH"}],"neow_cost":"TEN_PERCENT_HP_LOSS","seed_source_timestamp":128716304924363,"circlet_count":0,"master_deck":["AscendersBane","Strike_R","Strike_R","Strike_R","Strike_R","Strike_R","Defend_R","Defend_R","Defend_R","Defend_R","Bash","Disarm","Anger","Power Through+1","Carnage+1","Disarm+1","Flame Barrier","Shrug It Off","Demon Form+1","True Grit+1","Headbutt","Havoc","Flex+1","Limit Break+1","Sword Boomerang"],"special_seed":0,"relics":["Burning Blood","Charon\u0027s Ashes","Golden Idol","Kunai","Bird Faced Urn","Torii","Busted Crown","ClockworkSouvenir","Bag of Marbles","Paper Frog","Girya","Cursed Key"],"potions_floor_usage":[33,33,33],"damage_taken":[{"damage":12.0,"enemies":"Small Slimes","floor":1.0,"turns":5.0},{"damage":12.0,"enemies":"2 Louse","floor":2.0,"turns":4.0},{"damage":6.0,"enemies":"Cultist","floor":4.0,"turns":3.0},{"damage":21.0,"enemies":"Lots of Slimes","floor":5.0,"turns":5.0},{"damage":20.0,"enemies":"3 Sentries","floor":7.0,"turns":8.0},{"damage":0.0,"enemies":"Red Slaver","floor":10.0,"turns":4.0},{"damage":44.0,"enemies":"Lagavulin","floor":12.0,"turns":7.0},{"damage":0.0,"enemies":"Large Slime","floor":14.0,"turns":5.0},{"damage":26.0,"enemies":"The Guardian","floor":16.0,"turns":16.0},{"damage":0.0,"enemies":"3 Byrds","floor":18.0,"turns":3.0},{"damage":0.0,"enemies":"Spheric Guardian","floor":19.0,"turns":4.0},{"damage":17.0,"enemies":"Centurion and Healer","floor":20.0,"turns":7.0},{"damage":1.0,"enemies":"Snake Plant","floor":21.0,"turns":6.0},{"damage":1.0,"enemies":"Cultist and Chosen","floor":24.0,"turns":6.0},{"damage":6.0,"enemies":"3 Cultists","floor":29.0,"turns":4.0},{"damage":23.0,"enemies":"Slavers","floor":30.0,"turns":4.0},{"damage":7.0,"enemies":"Snecko","floor":31.0,"turns":6.0},{"damage":43,"enemies":"Automaton","floor":33,"turns":9},{"damage":45,"enemies":"3 Darklings","floor":35,"turns":5},{"damage":21,"enemies":"Orb Walker","floor":36,"turns":3}],"seed_played":"130277057100444152","potions_obtained":[{"floor":1.0,"key":"FearPotion"},{"floor":12.0,"key":"SkillPotion"},{"floor":14.0,"key":"SteroidPotion"},{"floor":19.0,"key":"Energy Potion"},{"floor":21.0,"key":"Energy Potion"},{"floor":31.0,"key":"EntropicBrew"}],"is_trial":false,"path_per_floor":["M","M","?","M","M","R","E","?","T","M","R","E","R","M","R","B",null,"M","M","M","M","$","R","M","R","T","R","$","M","E","M","R","B",null,"M","M"],"character_chosen":"IRONCLAD","items_purchased":["ClockworkSouvenir","Bag of Marbles","Limit Break","Sword Boomerang"],"campfire_rested":1,"item_purchase_floors":[22,22,28,28],"current_hp_per_floor":[62,56,33,33,18,38,24,68,68,68,68,30,30,36,36,16,55,61,68,59,64,64,64,68,68,68,68,68,68,51,52,52,17,55,18,0],"gold":209,"neow_bonus":"ONE_RARE_RELIC","is_prod":false,"is_daily":false,"chose_seed":false,"campfire_upgraded":7,"win_rate":0,"timestamp":1554469957,"path_taken":["M","M","?","M","M","R","E","?","T","M","R","E","R","M","R","BOSS","M","M","M","?","$","R","M","R","T","R","?","?","E","M","R","BOSS","M","M"],"build_version":"2019-01-23","purchased_purges":0,"victory":false,"max_hp_per_floor":[68,68,68,68,68,68,68,68,68,68,68,68,68,68,68,68,68,68,68,68,68,68,68,68,68,68,68,68,68,68,68,68,68,68,68,68],"card_choices":[{"not_picked":["Sword Boomerang","Warcry"],"picked":"Disarm","floor":1.0},{"not_picked":["Dropkick","Shrug It Off"],"picked":"Anger","floor":2.0},{"not_picked":["Intimidate","Dropkick"],"picked":"Power Through","floor":4.0},{"not_picked":["Flex","Pommel Strike"],"picked":"Carnage","floor":5.0},{"not_picked":["Flex","Searing Blow"],"picked":"Shockwave","floor":7.0},{"not_picked":["Burning Pact","Clash"],"picked":"Disarm","floor":10.0},{"not_picked":["Sentinel","Headbutt"],"picked":"Flame Barrier","floor":12.0},{"not_picked":["Anger","Heavy Blade"],"picked":"Shrug It Off","floor":14.0},{"not_picked":["Berserk","Double Tap"],"picked":"Demon Form","floor":16.0},{"not_picked":[],"picked":"True Grit","floor":18.0},{"not_picked":["Sever Soul"],"picked":"SKIP","floor":19.0},{"not_picked":[],"picked":"Headbutt","floor":20.0},{"not_picked":[],"picked":"Havoc","floor":21.0},{"not_picked":["Flex"],"picked":"SKIP","floor":24.0},{"not_picked":[],"picked":"Flex","floor":24.0},{"not_picked":["Flex"],"picked":"SKIP","floor":29.0},{"not_picked":["Flex"],"picked":"SKIP","floor":29.0},{"not_picked":["Entrench"],"picked":"SKIP","floor":30.0},{"not_picked":["Intimidate+1"],"picked":"SKIP","floor":31.0},{"not_picked":["Sword Boomerang"],"picked":"SKIP","floor":35}],"player_experience":855523,"relics_obtained":[{"floor":7.0,"key":"Kunai"},{"floor":9.0,"key":"Bird Faced Urn"},{"floor":12.0,"key":"Torii"},{"floor":26.0,"key":"Paper Frog"},{"floor":30.0,"key":"Girya"}],"event_choices":[{"damage_healed":0.0,"max_hp_gain":0.0,"max_hp_loss":0.0,"gold_gain":0.0,"event_name":"Golden Idol","player_choice":"Take Damage","floor":3.0,"gold_loss":0.0,"damage_taken":23.0,"relics_obtained":["Golden Idol"]},{"cards_removed":["Shockwave"],"damage_healed":44.0,"max_hp_gain":0.0,"max_hp_loss":0.0,"gold_gain":0.0,"event_name":"Bonfire Elementals","player_choice":"Offered Uncommon","floor":8.0,"gold_loss":0.0,"damage_taken":0.0}],"is_beta":false,"boss_relics":[{"not_picked":["Runic Cube","Philosopher\u0027s Stone"],"picked":"Busted Crown"},{"not_picked":["Mark of Pain","Runic Dome"],"picked":"Cursed Key"}],"items_purged_floors":[],"is_endless":false,"potions_floor_spawned":[1,12,14,16,19,20,21,31],"killed_by":"Orb Walker","ascension_level":20}