{"gold_per_floor":[113,113,127,127,142,176,189,202,256,273,273,287,287,307,307,404,404,418,418,434,68,81,81,107,107,107,126,126,154,104,129,129,129],"floor_reached":33,"playtime":1668,"items_purged":["Defend_G"],"score":417,"play_id":"4a51a34f-0d34-4c7c-b6ad-2ead78c51aeb","local_time":"20190430172742","is_ascension_mode":true,"campfire_choices":[{"floor":11,"key":"REST"},{"data":"Backflip","floor":13,"key":"SMITH"},{"floor":15,"key":"REST"},{"floor":23,"key":"REST"},{"floor":25,"key":"REST"},{"floor":28,"key":"DIG"},{"floor":32,"key":"REST"}],"neow_cost":"NONE","seed_source_timestamp":666266722181407,"circlet_count":0,"master_deck":["Defend_G","Defend_G","Defend_G+1","Defend_G+1","Strike_G","Strike_G","Strike_G","Strike_G","Survivor","Neutralize","All Out Attack","Cloak And Dagger","Crippling Poison","Flying Knee","Prepared","Backstab","Backflip+1","Dagger Throw","Predator","Corpse Explosion","Dash","Neutralize","PiercingWail","Dodge and Roll+1","Noxious Fumes","Heel Hook","Dagger Spray+1","Envenom"],"relics":["Ring of the Snake","Dream Catcher","Pen Nib","Fusion Hammer","Ninja Scroll","Mercury Hourglass","Shovel","Omamori","Bronze Scales","Potion Belt"],"potions_floor_usage":[7,10,16,24,24,29,33],"damage_taken":[{"damage":3,"enemies":"Small Slimes","floor":1,"turns":6},{"damage":3,"enemies":"Jaw Worm","floor":3,"turns":5},{"damage":0,"enemies":"2 Louse","floor":5,"turns":2},{"damage":39,"enemies":"Gremlin Nob","floor":6,"turns":5},{"damage":0,"enemies":"Exordium Thugs","floor":7,"turns":4},{"damage":0,"enemies":"Looter","floor":8,"turns":4},{"damage":0,"enemies":"Lots of Slimes","floor":10,"turns":3},{"damage":1,"enemies":"Exordium Wildlife","floor":12,"turns":4},{"damage":0,"enemies":"Looter","floor":14,"turns":2},{"damage":38,"enemies":"The Guardian","floor":16,"turns":12},{"damage":13,"enemies":"Spheric Guardian","floor":18,"turns":5},{"damage":0,"enemies":"3 Byrds","floor":20,"turns":3},{"damage":16,"enemies":"Snake Plant","floor":22,"turns":4},{"damage":1,"enemies":"Slavers","floor":24,"turns":3},{"damage":9,"enemies":"Snecko","floor":27,"turns":5},{"damage":31,"enemies":"Book of Stabbing","floor":29,"turns":6},{"damage":22,"enemies":"Gremlin Leader","floor":31,"turns":5},{"damage":54,"enemies":"Collector","floor":33,"turns":7}],"seed_played":"-4762281016896054485","potions_obtained":[{"floor":3,"key":"Swift Potion"},{"floor":6,"key":"Fire Potion"},{"floor":7,"key":"Fire Potion"},{"floor":8,"key":"LiquidBronze"},{"floor":14,"key":"Poison Potion"},{"floor":22,"key":"AttackPotion"},{"floor":24,"key":"Regen Potion"}],"is_trial":false,"path_per_floor":["M","?","M","?","M","E","M","M","T","M","R","M","R","M","R","B",null,"M","?","M","$","M","R","E","R","T","M","R","E","?","E","R","B"],"character_chosen":"THE_SILENT","items_purchased":["Noxious Fumes","Ninja Scroll"],"campfire_rested":5,"item_purchase_floors":[21,21],"current_hp_per_floor":[67,52,49,42,42,3,3,3,3,3,26,25,25,25,48,10,60,47,47,47,47,31,54,53,76,76,67,67,51,51,29,52,0],"gold":129,"neow_bonus":"TEN_PERCENT_HP_BONUS","is_prod":false,"is_daily":false,"chose_seed":false,"campfire_upgraded":1,"win_rate":0,"timestamp":1556641662,"path_taken":["M","?","M","?","M","E","M","M","T","M","R","M","R","M","R","BOSS","M","?","M","?","M","R","E","R","T","M","R","E","?","E","R","BOSS"],"build_version":"2019-01-23","purchased_purges":1,"victory":false,"max_hp_per_floor":[77,77,77,77,77,77,77,77,77,77,77,77,77,77,77,77,77,77,77,77,77,77,77,77,77,77,77,77,77,77,77,77,77],"card_choices":[{"not_picked":["Dagger Spray","Underhanded Strike"],"picked":"All Out Attack","floor":1},{"not_picked":["Dodge and Roll","Underhanded Strike"],"picked":"Cloak And Dagger","floor":3},{"not_picked":["Backstab","Masterful Stab"],"picked":"Crippling Poison","floor":5},{"not_picked":["PiercingWail","Dodge and Roll"],"picked":"Flying Knee","floor":6},{"not_picked":["Outmaneuver","Night Terror"],"picked":"Prepared","floor":7},{"not_picked":["Cloak And Dagger","Bane"],"picked":"Backstab","floor":8},{"not_picked":["Concentrate","Underhanded Strike","Catalyst"],"picked":"SKIP","floor":10},{"not_picked":["Terror","Finisher"],"picked":"Backflip","floor":11},{"not_picked":["Deflect","Terror","Accuracy"],"picked":"SKIP","floor":12},{"not_picked":["All Out Attack","Infinite Blades"],"picked":"Dagger Throw","floor":14},{"not_picked":["Prepared","Bane"],"picked":"Predator","floor":15},{"not_picked":["Tools of the Trade","Adrenaline"],"picked":"Corpse Explosion","floor":16},{"not_picked":["Dodge and Roll","Choke"],"picked":"Dash","floor":18},{"not_picked":["All Out Attack+1","PiercingWail"],"picked":"Dodge and Roll+1","floor":20},{"not_picked":["Dodge and Roll+1","Well Laid Plans"],"picked":"Heel Hook","floor":22},{"not_picked":["Sucker Punch","Eviscerate+1"],"picked":"Dagger Spray+1","floor":23},{"not_picked":["Flechettes","Choke","Dagger Throw"],"picked":"SKIP","floor":24},{"not_picked":["Blade Dance","Bane+1"],"picked":"Envenom","floor":25},{"not_picked":["PiercingWail","Deflect","Acrobatics"],"picked":"SKIP","floor":27},{"not_picked":["Malaise","Poisoned Stab","Finisher"],"picked":"SKIP","floor":29},{"not_picked":["Tactician","Dagger Spray","Tools of the Trade"],"picked":"SKIP","floor":31}],"player_experience":558165,"relics_obtained":[{"floor":6,"key":"Dream Catcher"},{"floor":9,"key":"Pen Nib"},{"floor":24,"key":"Mercury Hourglass"},{"floor":26,"key":"Shovel"},{"floor":28,"key":"Omamori"},{"floor":29,"key":"Bronze Scales"},{"floor":31,"key":"Potion Belt"}],"event_choices":[{"damage_healed":0,"gold_gain":0,"player_choice":"Entered Light","damage_taken":15,"max_hp_gain":0,"max_hp_loss":0,"event_name":"Shining Light","floor":2,"gold_loss":0,"cards_upgraded":["Defend_G","Defend_G"]},{"cards_removed":["Strike_G"],"damage_healed":0,"gold_gain":0,"player_choice":"Card Removal","damage_taken":7,"max_hp_gain":0,"max_hp_loss":0,"event_name":"Golden Wing","floor":4,"gold_loss":0},{"damage_healed":0,"gold_gain":0,"player_choice":"2 cards matched","damage_taken":0,"max_hp_gain":0,"max_hp_loss":0,"event_name":"Match and Keep!","floor":19,"gold_loss":0,"cards_obtained":["Neutralize","PiercingWail"]},{"damage_healed":0,"gold_gain":0,"player_choice":"Bet on Murderer","damage_taken":0,"max_hp_gain":0,"max_hp_loss":0,"event_name":"The Joust","floor":30,"gold_loss":50}],"is_beta":false,"boss_relics":[{"not_picked":["Empty Cage","Lizard Tail"],"picked":"Fusion Hammer"}],"items_purged_floors":[21],"is_endless":false,"potions_floor_spawned":[3,6,7,8,14,22,24],"killed_by":"Collector","ascension_level":7}