{"gold_per_floor":[117,129,18,28,38,71,71,20,74,97,97,113,78,78,78,150,150,161,173,190,201,201,201,201],"floor_reached":24,"playtime":1349,"items_purged":[],"score":396,"play_id":"63f436a7-dcc1-43de-b053-fdf595dca29e","local_time":"20190411144551","is_ascension_mode":true,"campfire_choices":[{"data":"Dash","floor":7.0,"key":"SMITH"},{"data":"Neutralize","floor":11.0,"key":"SMITH"},{"data":"Bouncing Flask","floor":15.0,"key":"SMITH"},{"data":"Ghostly","floor":23,"key":"SMITH"}],"neow_cost":"NONE","seed_source_timestamp":23025750180246,"circlet_count":0,"master_deck":["AscendersBane","Defend_G","Defend_G","Defend_G","Defend_G","Defend_G","Strike_G","Strike_G","Strike_G","Strike_G","Strike_G","Survivor","Neutralize+1","Dash+1","Caltrops","Cloak And Dagger","Well Laid Plans","Bouncing Flask+1","PiercingWail","Backflip","Malaise","Footwork","PiercingWail","Deadly Poison","Catalyst","Deadly Poison","After Image","Well Laid Plans+1","Deadly Poison","Calculated Gamble+1","Ghostly","Ghostly","Ghostly+1"],"special_seed":0,"relics":["Coffee Dripper","Question Card","Blood Vial","Odd Mushroom","Orrery"],"potions_floor_usage":[],"damage_taken":[{"damage":0.0,"enemies":"Cultist","floor":1.0,"turns":4.0},{"damage":2.0,"enemies":"Small Slimes","floor":2.0,"turns":3.0},{"damage":1.0,"enemies":"Jaw Worm","floor":4.0,"turns":6.0},{"damage":8.0,"enemies":"Large Slime","floor":5.0,"turns":8.0},{"damage":25.0,"enemies":"Gremlin Nob","floor":6.0,"turns":4.0},{"damage":3.0,"enemies":"The Mushroom Lair","floor":10.0,"turns":6.0},{"damage":6.0,"enemies":"Exordium Wildlife","floor":12.0,"turns":5.0},{"damage":12.0,"enemies":"Hexaghost","floor":16.0,"turns":10.0},{"damage":24.0,"enemies":"3 Byrds","floor":18.0,"turns":5.0},{"damage":3,"enemies":"Chosen","floor":19,"turns":5},{"damage":7,"enemies":"Centurion and Healer","floor":20,"turns":10},{"damage":31,"enemies":"Snake Plant","floor":21,"turns":5},{"damage":7,"enemies":"3 Cultists","floor":24,"turns":2}],"seed_played":"-383232110062849721","potions_obtained":[{"floor":1.0,"key":"SteroidPotion"},{"floor":2.0,"key":"GamblersBrew"},{"floor":12.0,"key":"Energy Potion"},{"floor":18.0,"key":"Explosive Potion"},{"floor":21,"key":"SkillPotion"}],"is_trial":false,"path_per_floor":["M","M","$","M","M","E","R","$","T","?","R","M","?","?","R","B",null,"M","M","M","M","?","R","M"],"character_chosen":"THE_SILENT","items_purchased":["Caltrops","Cloak And Dagger","PiercingWail"],"campfire_rested":0,"item_purchase_floors":[3,3,8],"current_hp_per_floor":[59,57,57,56,48,23,23,23,23,22,22,18,34,39,39,29,61,39,38,33,4,4,4,0],"gold":201,"neow_bonus":"BOSS_RELIC","is_prod":false,"is_daily":false,"chose_seed":false,"campfire_upgraded":4,"win_rate":0,"timestamp":1555011951,"path_taken":["M","M","?","M","?","E","R","$","T","?","R","M","?","?","R","BOSS","M","M","M","M","?","R","M"],"build_version":"2019-01-23","purchased_purges":0,"victory":false,"max_hp_per_floor":[66,66,66,66,66,66,66,66,66,66,66,66,66,71,71,71,71,71,71,71,71,35,35,35],"card_choices":[{"not_picked":["Bouncing Flask","Setup"],"picked":"Dash","floor":1.0},{"not_picked":["Endless Agony","Deflect"],"picked":"Well Laid Plans","floor":4.0},{"not_picked":["Dagger Spray","Prepared"],"picked":"Bouncing Flask","floor":5.0},{"not_picked":["Prepared","Distraction","Reflex"],"picked":"SKIP","floor":6.0},{"not_picked":["Dagger Spray","Quick Slash","Storm of Steel"],"picked":"Backflip","floor":10.0},{"not_picked":["Outmaneuver","Quick Slash","Heel Hook","Slice"],"picked":"SKIP","floor":12.0},{"not_picked":["Venomology","Glass Knife","Grand Finale"],"picked":"Malaise","floor":16.0},{"not_picked":["Infinite Blades","Riddle With Holes","Dash"],"picked":"Footwork","floor":17.0},{"not_picked":["Backflip","Prepared","Blade Dance"],"picked":"PiercingWail","floor":17.0},{"not_picked":["Escape Plan","Masterful Stab","Dodge and Roll"],"picked":"Deadly Poison","floor":17.0},{"not_picked":["Outmaneuver","Predator","Riddle With Holes"],"picked":"Catalyst","floor":17.0},{"not_picked":["Terror","Backstab","PiercingWail"],"picked":"Deadly Poison","floor":17.0},{"not_picked":["Prepared","Poisoned Stab","Dagger Spray"],"picked":"After Image","floor":18.0},{"not_picked":["Prepared","Underhanded Strike","Skewer"],"picked":"Well Laid Plans+1","floor":19},{"not_picked":["Outmaneuver","Predator+1","Dagger Throw"],"picked":"Deadly Poison","floor":20},{"not_picked":["Sucker Punch+1","Acrobatics","Outmaneuver"],"picked":"Calculated Gamble+1","floor":21}],"player_experience":1034957,"relics_obtained":[{"floor":6.0,"key":"Question Card"},{"floor":9.0,"key":"Blood Vial"},{"floor":10.0,"key":"Odd Mushroom"}],"event_choices":[{"damage_healed":0.0,"max_hp_gain":0.0,"max_hp_loss":0.0,"gold_gain":0.0,"event_name":"Mushrooms","player_choice":"Fought Mushrooms","floor":10.0,"gold_loss":0.0,"damage_taken":0.0},{"damage_healed":16.0,"max_hp_gain":0.0,"max_hp_loss":0.0,"gold_gain":0.0,"event_name":"The Cleric","player_choice":"Healed","floor":13.0,"gold_loss":35.0,"damage_taken":0.0},{"damage_healed":0.0,"max_hp_gain":5.0,"max_hp_loss":0.0,"gold_gain":0.0,"event_name":"Big Fish","player_choice":"Donut","floor":14.0,"gold_loss":0.0,"damage_taken":0.0},{"damage_healed":0,"gold_gain":0,"player_choice":"Became a Ghost","damage_taken":0,"max_hp_gain":0,"max_hp_loss":36,"event_name":"Ghosts","floor":22,"gold_loss":0,"cards_obtained":["Ghostly","Ghostly","Ghostly"]}],"is_beta":false,"boss_relics":[{"not_picked":["Philosopher\u0027s Stone","Empty Cage"],"picked":"Orrery"}],"items_purged_floors":[],"is_endless":false,"potions_floor_spawned":[1,2,12,18,21],"killed_by":"3 Cultists","ascension_level":20}