{"gold_per_floor":[119,119,138,38,54,54,111,11,11,22,34,51,63,63,63,161,161,180,180,195,60,80,80,80,80,126,126,144,178,16,28,28,128,128,148,148,163,13,26,26,43,43,43,59,75,75,75,0,0,0],"floor_reached":50,"playtime":2236,"items_purged":["Regret","Parasite"],"score":506,"play_id":"a0491915-6c8b-4d62-b8b5-21ef68011cd2","local_time":"20180904195922","is_ascension_mode":false,"campfire_choices":[{"data":"Conserve Battery","floor":6,"key":"SMITH"},{"floor":15,"key":"REST"},{"floor":23,"key":"REST"},{"floor":25,"key":"REST"},{"data":"Electrodynamics","floor":27,"key":"SMITH"},{"floor":32,"key":"REST"},{"data":"Enlightenment","floor":40,"key":"SMITH"},{"data":"Seek","floor":42,"key":"SMITH"},{"data":"Hologram","floor":46,"key":"SMITH"},{"data":"Sunder","floor":49,"key":"SMITH"}],"neow_cost":"CURSE","seed_source_timestamp":1427752656359251,"circlet_count":0,"master_deck":["Strike_B","Strike_B","Strike_B","Defend_B","Defend_B","Defend_B","Zap","Dualcast","Conserve Battery+1","Melter","Stack","Rip and Tear","FTL","Streamline","Creative AI","Hologram+1","Leap","Sunder+1","Electrodynamics+1","Streamline","Streamline","Amplify","Beam Cell","Self Repair","Panacea","Flash of Steel","Impatience","White Noise","Capacitor","Consume","Beam Cell","Self Repair+1","Seek+1","Stack+1","Enlightenment+1","Jack Of All Trades","Sweeping Beam","Conserve Battery+1","Hologram+1","Stack","Streamline+1"],"relics":["Cracked Core","Turnip","DataDisk","Bottled Lightning","Matryoshka","Nuclear Battery","Blood Vial","Omamori","Singing Bowl","Eternal Feather","Boot","Oddly Smooth Stone","Juzu Bracelet","Red Mask"],"potions_floor_usage":[7,12,22,31,33,33,39,50,50],"damage_taken":[{"damage":6,"enemies":"Jaw Worm","floor":1,"turns":4},{"damage":4,"enemies":"Small Slimes","floor":3,"turns":3},{"damage":3,"enemies":"2 Louse","floor":5,"turns":2},{"damage":8,"enemies":"Gremlin Nob","floor":7,"turns":3},{"damage":0,"enemies":"Looter","floor":10,"turns":2},{"damage":0,"enemies":"3 Louse","floor":11,"turns":3},{"damage":3,"enemies":"Blue Slaver","floor":12,"turns":3},{"damage":0,"enemies":"Looter","floor":13,"turns":2},{"damage":36,"enemies":"The Guardian","floor":16,"turns":11},{"damage":8,"enemies":"Shell Parasite","floor":18,"turns":4},{"damage":9,"enemies":"3 Byrds","floor":20,"turns":4},{"damage":9,"enemies":"Centurion and Healer","floor":22,"turns":3},{"damage":5,"enemies":"Chosen and Byrds","floor":28,"turns":5},{"damage":58,"enemies":"Book of Stabbing","floor":29,"turns":7},{"damage":8,"enemies":"Snake Plant","floor":31,"turns":3},{"damage":30,"enemies":"Automaton","floor":33,"turns":10},{"damage":14,"enemies":"3 Shapes","floor":35,"turns":4},{"damage":0,"enemies":"Orb Walker","floor":37,"turns":2},{"damage":18,"enemies":"4 Shapes","floor":39,"turns":8},{"damage":29,"enemies":"Spire Growth","floor":41,"turns":7},{"damage":20,"enemies":"3 Darklings","floor":44,"turns":3},{"damage":6,"enemies":"Reptomancer","floor":45,"turns":6},{"damage":79,"enemies":"Time Eater","floor":50,"turns":9}],"seed_played":"-2162420530918475672","potions_obtained":[{"floor":3,"key":"Explosive Potion"},{"floor":7,"key":"EssenceOfSteel"},{"floor":7,"key":"GamblersBrew"},{"floor":12,"key":"GamblersBrew"},{"floor":13,"key":"Explosive Potion"},{"floor":16,"key":"SteroidPotion"},{"floor":28,"key":"LiquidBronze"},{"floor":33,"key":"Regen Potion"},{"floor":35,"key":"FocusPotion"},{"floor":41,"key":"Weak Potion"}],"is_trial":false,"path_per_floor":["M","?","M","$","M","R","?","$","T","M","M","M","M","?","R","B",null,"M","$","M","$","M","R","?","R","T","R","M","E","$","M","R","B",null,"M","?","M","$","M","R","M","R","T","M","M","R","?","?","R"],"character_chosen":"DEFECT","items_purchased":["Stack","Amplify","Beam Cell","Capacitor","Consume","Beam Cell","Boot"],"campfire_rested":4,"item_purchase_floors":[4,21,21,30,30,30,38],"current_hp_per_floor":[69,69,65,65,62,62,54,54,54,54,54,51,51,51,72,36,72,64,64,55,55,46,67,39,60,60,60,64,17,17,11,33,5,74,67,62,71,71,74,74,72,74,74,64,74,74,74,74,74,0],"gold":0,"neow_bonus":"ONE_RARE_RELIC","is_prod":false,"is_daily":false,"chose_seed":false,"campfire_upgraded":6,"win_rate":0,"timestamp":1536083962,"path_taken":["M","?","M","$","M","R","?","$","T","M","M","M","M","?","R","BOSS","M","$","M","$","M","R","?","R","T","R","M","E","$","M","R","BOSS","M","?","M","$","M","R","M","R","T","M","M","R","?","?","R","BOSS"],"build_version":"2018-08-30","purchased_purges":2,"victory":false,"max_hp_per_floor":[75,75,75,75,75,75,75,72,72,72,72,72,72,72,72,72,72,72,72,72,72,72,72,72,72,72,72,72,74,74,74,74,74,74,74,74,74,74,74,74,74,74,74,74,74,74,74,74,74,74],"card_choices":[{"not_picked":["Redo","Coolheaded"],"picked":"Conserve Battery","floor":1},{"not_picked":["Consume","Redo"],"picked":"Melter","floor":3},{"not_picked":["Hologram","Compile Driver"],"picked":"Rip and Tear","floor":5},{"not_picked":["Self Repair","Rebound"],"picked":"FTL","floor":7},{"not_picked":["Heatsinks","Beam Cell"],"picked":"Streamline","floor":10},{"not_picked":["Beam Cell","Coolheaded"],"picked":"Creative AI","floor":11},{"not_picked":["Coolheaded","Go for the Eyes"],"picked":"Hologram","floor":12},{"not_picked":["Steam","Stack"],"picked":"Leap","floor":13},{"not_picked":["Machine Learning","Meteor Strike"],"picked":"Electrodynamics","floor":16},{"not_picked":["Steam","Redo"],"picked":"Streamline","floor":18},{"not_picked":["Go for the Eyes","Coolheaded"],"picked":"Streamline","floor":20},{"not_picked":["Cold Snap","Scrape+1"],"picked":"Self Repair","floor":22},{"not_picked":["Aggregate","Sweeping Beam"],"picked":"White Noise","floor":28},{"not_picked":["Rip and Tear","Rebound","Gash"],"picked":"Singing Bowl","floor":29},{"not_picked":["Auto Shields","Rebound"],"picked":"Self Repair+1","floor":31},{"not_picked":["Reboot","Fission"],"picked":"Seek","floor":33},{"not_picked":["Steam+1","Go for the Eyes+1"],"picked":"Stack+1","floor":35},{"not_picked":["Mayhem","Chrysalis"],"picked":"Enlightenment","floor":36},{"not_picked":["Blind","Swift Strike"],"picked":"Jack Of All Trades","floor":36},{"not_picked":["Stack","Lockon"],"picked":"Sweeping Beam","floor":37},{"not_picked":["Redo+1","Stack"],"picked":"Conserve Battery+1","floor":39},{"not_picked":["Rebound","Fusion+1"],"picked":"Hologram+1","floor":41},{"not_picked":["Blizzard+1","Gash+1"],"picked":"Stack","floor":44},{"not_picked":["Redo","Reprogram"],"picked":"Streamline+1","floor":45}],"player_experience":226748,"relics_obtained":[{"floor":7,"key":"Bottled Lightning"},{"floor":9,"key":"Matryoshka"},{"floor":26,"key":"Blood Vial"},{"floor":26,"key":"Omamori"},{"floor":29,"key":"Singing Bowl"},{"floor":43,"key":"Oddly Smooth Stone"},{"floor":43,"key":"Juzu Bracelet"}],"event_choices":[{"event_name":"Big Fish","player_choice":"Box","floor":2,"damage_taken":0},{"event_name":"Dead Adventurer","player_choice":"Searched \u00271\u0027 times","floor":7,"damage_taken":0},{"event_name":"Transmorgrifier","player_choice":"Transform","floor":14,"damage_taken":0},{"event_name":"Knowing Skull","player_choice":"CARD CARD CARD ","floor":24,"damage_taken":0},{"event_name":"SensoryStone","player_choice":"Memory 2","floor":36,"damage_taken":0},{"event_name":"Falling","player_choice":"Removed Attack","floor":47,"damage_taken":0},{"event_name":"Tomb of Lord Red Mask","player_choice":"Paid","floor":48,"damage_taken":0}],"is_beta":false,"boss_relics":[{"not_picked":["Fusion Hammer","Lizard Tail"],"picked":"Nuclear Battery"},{"not_picked":["Coffee Dripper","Astrolabe"],"picked":"Eternal Feather"}],"items_purged_floors":[4,8],"is_endless":false,"potions_floor_spawned":[3,7,7,12,13,16,28,33,35,41],"killed_by":"Time Eater","ascension_level":0}