{"gold_per_floor":[168,168,179,194,194,194,209,243,243,256,256,281,281,11,11,101,101,124,124,36,36,45,45,95,110,410,360,360,380,380,421,421,510,510,529,862,874,509,528,528,559,576,601,601,701,701,714,217,217,217],"floor_reached":51,"playtime":3099,"items_purged":["Strike_B","Decay","Injury"],"score":1276,"play_id":"ad36e7af-b3c5-4428-b761-4015d44ec0c3","local_time":"20190318054904","is_ascension_mode":true,"campfire_choices":[{"data":"Go for the Eyes","floor":6,"key":"SMITH"},{"floor":13,"key":"REST"},{"data":"Apotheosis","floor":15,"key":"SMITH"},{"data":"Beam Cell","floor":23,"key":"SMITH"},{"data":"Beam Cell","floor":28,"key":"SMITH"},{"floor":30,"key":"REST"},{"floor":32,"key":"REST"},{"floor":40,"key":"REST"},{"floor":44,"key":"REST"},{"data":"Machine Learning","floor":46,"key":"SMITH"},{"data":"Secret Technique","floor":49,"key":"SMITH"}],"neow_cost":"NONE","seed_source_timestamp":646222578262986,"circlet_count":0,"master_deck":["AscendersBane","Strike_B+1","Strike_B+1","Strike_B+1","Defend_B+1","Defend_B+1","Defend_B+1","Defend_B+1","Zap+1","Dualcast+1","Streamline","Gash","Go for the Eyes+1","Beam Cell+1","Hologram+1","Apotheosis+1","All For One","Chill+1","Self Repair","Hologram+1","Beam Cell+1","Gash","Machine Learning+1","Streamline+1","Flash of Steel","Hologram","Secret Technique+1"],"relics":["Tiny House","Strawberry","Pantograph","Cursed Key","Old Coin","Lizard Tail","DataDisk","Blood Vial","War Paint","StoneCalendar"],"potions_floor_usage":[4,8,16,31,37,42,50],"damage_taken":[{"damage":10,"enemies":"Small Slimes","floor":1,"turns":3},{"damage":1,"enemies":"Cultist","floor":3,"turns":3},{"damage":2,"enemies":"2 Louse","floor":4,"turns":3},{"damage":6,"enemies":"Looter","floor":7,"turns":2},{"damage":6,"enemies":"Gremlin Nob","floor":8,"turns":3},{"damage":16,"enemies":"Red Slaver","floor":10,"turns":4},{"damage":17,"enemies":"Blue Slaver","floor":12,"turns":4},{"damage":24,"enemies":"Hexaghost","floor":16,"turns":9},{"damage":16,"enemies":"Spheric Guardian","floor":18,"turns":4},{"damage":9,"enemies":"2 Thieves","floor":22,"turns":4},{"damage":25,"enemies":"Snecko","floor":25,"turns":7},{"damage":20,"enemies":"Cultist and Chosen","floor":29,"turns":6},{"damage":25,"enemies":"Slavers","floor":31,"turns":4},{"damage":72,"enemies":"Champ","floor":33,"turns":9},{"damage":8,"enemies":"Orb Walker","floor":35,"turns":3},{"damage":11,"enemies":"3 Shapes","floor":37,"turns":7},{"damage":51,"enemies":"Transient","floor":39,"turns":6},{"damage":40,"enemies":"Nemesis","floor":41,"turns":5},{"damage":7,"enemies":"3 Darklings","floor":42,"turns":6},{"damage":0,"enemies":"Mind Bloom Boss Battle","floor":45,"turns":4},{"damage":32,"enemies":"Spire Growth","floor":47,"turns":4},{"damage":97,"enemies":"Time Eater","floor":50,"turns":11}],"seed_played":"-4563232346940685796","potions_obtained":[{"floor":0,"key":"FearPotion"},{"floor":1,"key":"FearPotion"},{"floor":7,"key":"FairyPotion"},{"floor":8,"key":"Dexterity Potion"},{"floor":25,"key":"FocusPotion"},{"floor":29,"key":"Regen Potion"},{"floor":33,"key":"SpeedPotion"},{"floor":41,"key":"Block Potion"}],"is_trial":false,"path_per_floor":["M","?","M","M","?","R","M","E","T","M","?","M","R","$","R","B",null,"M","$","$","?","M","R","?","M","T","?","R","M","R","E","R","B",null,"M","?","M","$","M","R","E","M","T","R","?","R","M","$","R","B",null],"character_chosen":"DEFECT","items_purchased":["Apotheosis","Self Repair","Flash of Steel","DataDisk","Hologram","Fire Potion","Poison Potion","Secret Technique"],"campfire_rested":5,"item_purchase_floors":[14,20,38,38,48,48,48,48],"current_hp_per_floor":[59,59,58,56,56,56,50,51,51,35,35,18,40,40,40,41,67,51,51,51,51,52,52,52,34,34,34,34,21,43,30,52,14,61,53,53,52,52,8,30,17,19,19,41,76,76,51,51,51,34],"gold":217,"neow_bonus":"BOSS_RELIC","is_prod":false,"is_daily":false,"chose_seed":false,"campfire_upgraded":6,"win_rate":0,"timestamp":1552906144,"path_taken":["M","?","?","M","?","R","M","E","T","M","?","M","R","$","R","BOSS","M","?","$","?","M","R","?","M","T","?","R","?","R","E","R","BOSS","M","?","M","$","M","R","E","M","T","R","?","R","M","$","R","BOSS"],"build_version":"2019-01-23","purchased_purges":3,"victory":true,"max_hp_per_floor":[76,76,76,76,69,69,69,76,76,76,76,76,76,76,76,76,76,76,76,76,76,76,76,76,76,76,76,76,76,76,76,76,76,76,76,76,76,76,76,76,76,76,76,76,76,76,76,76,76,76],"card_choices":[{"not_picked":["Chaos","Compile Driver"],"picked":"Streamline","floor":0},{"not_picked":["Sweeping Beam","Stack"],"picked":"Gash","floor":1},{"not_picked":["Buffer","Melter","Compile Driver"],"picked":"SKIP","floor":3},{"not_picked":["Compile Driver","Redo"],"picked":"Go for the Eyes","floor":4},{"not_picked":["Tempest","Storm","Auto Shields"],"picked":"SKIP","floor":7},{"not_picked":["Streamline","Conserve Battery"],"picked":"Beam Cell","floor":8},{"not_picked":["Doom and Gloom","Scrape"],"picked":"Hologram","floor":10},{"not_picked":["Tempest","Redo","Defragment"],"picked":"SKIP","floor":12},{"not_picked":["Hyperbeam","Thunder Strike"],"picked":"All For One","floor":16},{"not_picked":["Steam","Conserve Battery"],"picked":"Chill+1","floor":18},{"not_picked":["Coolheaded","Consume"],"picked":"Hologram+1","floor":22},{"not_picked":["Seek","Sweeping Beam"],"picked":"Beam Cell","floor":25},{"not_picked":["Beam Cell","Conserve Battery"],"picked":"Gash","floor":29},{"not_picked":["Stack","Sweeping Beam","BootSequence"],"picked":"SKIP","floor":31},{"not_picked":["Echo Form","Fission"],"picked":"Machine Learning","floor":33},{"not_picked":["Steam+1","Chaos"],"picked":"Streamline+1","floor":35},{"not_picked":["Rebound+1","Double Energy","Capacitor"],"picked":"SKIP","floor":37},{"not_picked":["Conserve Battery+1","Capacitor","Sweeping Beam"],"picked":"SKIP","floor":39},{"not_picked":["Streamline","Double Energy","Heatsinks+1"],"picked":"SKIP","floor":41},{"not_picked":["Consume","Stack+1","Rainbow"],"picked":"SKIP","floor":42},{"not_picked":["Conserve Battery","Rebound","Defragment+1"],"picked":"SKIP","floor":47}],"player_experience":638228,"relics_obtained":[{"floor":8,"key":"Strawberry"},{"floor":9,"key":"Pantograph"},{"floor":26,"key":"Old Coin"},{"floor":41,"key":"Blood Vial"},{"floor":43,"key":"War Paint"},{"floor":45,"key":"StoneCalendar"}],"event_choices":[{"damage_healed":0,"gold_gain":0,"player_choice":"Forge","damage_taken":0,"max_hp_gain":0,"max_hp_loss":0,"event_name":"Accursed Blacksmith","floor":2,"gold_loss":0,"cards_upgraded":["Zap"]},{"damage_healed":0,"gold_gain":0,"player_choice":"Lose Max HP","damage_taken":0,"relics_obtained":["Golden Idol"],"max_hp_gain":0,"max_hp_loss":7,"event_name":"Golden Idol","floor":5,"gold_loss":0},{"damage_healed":0,"gold_gain":0,"player_choice":"Got Potions","damage_taken":0,"max_hp_gain":0,"max_hp_loss":0,"event_name":"Lab","floor":11,"gold_loss":0},{"damage_healed":0,"gold_gain":0,"player_choice":"Simplicity","damage_taken":0,"max_hp_gain":0,"max_hp_loss":0,"event_name":"Back to Basics","floor":21,"gold_loss":0,"cards_upgraded":["Strike_B","Strike_B","Defend_B","Defend_B","Defend_B","Defend_B"]},{"damage_healed":0,"gold_gain":50,"player_choice":"Stole From Cult","damage_taken":0,"max_hp_gain":0,"max_hp_loss":0,"event_name":"Nest","floor":24,"gold_loss":0},{"damage_healed":0,"gold_gain":0,"player_choice":"Bet on Murderer","damage_taken":0,"max_hp_gain":0,"max_hp_loss":0,"event_name":"The Joust","floor":27,"gold_loss":50},{"damage_healed":0,"gold_gain":333,"player_choice":"Gave Idol","damage_taken":0,"max_hp_gain":0,"max_hp_loss":0,"event_name":"The Moai Head","floor":36,"relics_lost":["Golden Idol"],"gold_loss":0},{"damage_healed":0,"gold_gain":0,"player_choice":"Fight","damage_taken":0,"max_hp_gain":0,"max_hp_loss":0,"event_name":"MindBloom","floor":45,"gold_loss":0}],"is_beta":false,"boss_relics":[{"not_picked":["Velvet Choker","Philosopher\u0027s Stone"],"picked":"Cursed Key"},{"not_picked":["Calling Bell","Runic Pyramid"],"picked":"Lizard Tail"}],"items_purged_floors":[14,38,48],"is_endless":false,"potions_floor_spawned":[1,7,8,10,25,29,33,35,41],"ascension_level":18}