{"gold_per_floor":[118,44,44,58,72,72,100,100,124,124,124,124,199,212,212,314,314,314],"floor_reached":18,"playtime":372,"items_purged":[],"score":158,"play_id":"fda32c8b-801b-4f0e-bc3c-1cc704193b4b","local_time":"20190227164450","is_ascension_mode":false,"campfire_choices":[{"data":"Sunder","floor":6,"key":"SMITH"},{"data":"Buffer","floor":8,"key":"SMITH"},{"data":"Doom and Gloom","floor":10,"key":"SMITH"},{"data":"Streamline","floor":12,"key":"SMITH"},{"data":"Zap","floor":15,"key":"SMITH"}],"neow_cost":"NONE","seed_source_timestamp":760122187316297,"circlet_count":0,"master_deck":["Strike_B+1","Strike_B","Strike_B","Strike_B","Defend_B","Defend_B","Defend_B","Defend_B","Zap+1","Dualcast+1","Doom and Gloom+1","Sunder+1","Streamline+1","Buffer+1","All For One"],"relics":["Velvet Choker","Ancient Tea Set","Potion Belt","Blue Candle","Runic Dome"],"potions_floor_usage":[],"damage_taken":[{"damage":1,"enemies":"Jaw Worm","floor":1,"turns":4},{"damage":0,"enemies":"2 Louse","floor":4,"turns":2},{"damage":2,"enemies":"Small Slimes","floor":5,"turns":2},{"damage":4,"enemies":"3 Sentries","floor":7,"turns":4},{"damage":0,"enemies":"Exordium Wildlife","floor":14,"turns":1},{"damage":17,"enemies":"The Guardian","floor":16,"turns":8},{"damage":0,"enemies":"Spheric Guardian","floor":18,"turns":1}],"seed_played":"-915445489064165271","potions_obtained":[{"floor":5,"key":"Weak Potion"},{"floor":14,"key":"AttackPotion"},{"floor":16,"key":"Regen Potion"}],"is_trial":false,"path_per_floor":["M","$","?","M","M","R","E","R","T","R","T","R","?","M","R","B",null,"M"],"character_chosen":"DEFECT","items_purchased":["Sunder"],"campfire_rested":0,"item_purchase_floors":[2],"current_hp_per_floor":[74,74,59,59,57,57,53,53,53,53,53,53,42,42,42,25,75,75],"gold":314,"neow_bonus":"BOSS_RELIC","is_prod":false,"is_daily":false,"chose_seed":false,"campfire_upgraded":5,"win_rate":0,"timestamp":1551303890,"path_taken":["M","$","?","M","M","R","E","R","T","R","?","R","?","M","R","BOSS","M"],"build_version":"2019-01-23","purchased_purges":0,"victory":false,"max_hp_per_floor":[75,75,75,75,75,75,75,75,75,75,75,75,75,75,75,75,75,75],"card_choices":[{"not_picked":["Gash","Leap"],"picked":"Doom and Gloom","floor":1},{"not_picked":["Blizzard","Go for the Eyes"],"picked":"Streamline","floor":4},{"not_picked":["Gash","Barrage","Heatsinks"],"picked":"SKIP","floor":5},{"not_picked":["Fusion","Darkness"],"picked":"Buffer","floor":7},{"not_picked":["Streamline","Reprogram","Beam Cell"],"picked":"SKIP","floor":14},{"not_picked":["Amplify","Core Surge"],"picked":"All For One","floor":16}],"player_experience":666420,"relics_obtained":[{"floor":7,"key":"Ancient Tea Set"},{"floor":9,"key":"Potion Belt"},{"floor":11,"key":"Blue Candle"}],"event_choices":[{"damage_healed":0,"gold_gain":0,"player_choice":"Entered Light","damage_taken":15,"max_hp_gain":0,"max_hp_loss":0,"event_name":"Shining Light","floor":3,"gold_loss":0,"cards_upgraded":["Dualcast","Strike_B"]},{"damage_healed":0,"gold_gain":75,"player_choice":"Gather Gold","damage_taken":11,"max_hp_gain":0,"max_hp_loss":0,"event_name":"World of Goop","floor":13,"gold_loss":0}],"is_beta":false,"boss_relics":[{"not_picked":["Orrery","Fusion Hammer"],"picked":"Runic Dome"}],"items_purged_floors":[],"is_endless":false,"potions_floor_spawned":[5,14,16],"killed_by":"Spheric Guardian","ascension_level":0}