{"gold_per_floor":[117,136,155,155,119,119,119,119,119,119,150,150,43,74,74,151,151,170,150,163,163,163],"floor_reached":22,"playtime":1075,"items_purged":["Strike_B"],"score":384,"play_id":"9e5b5a06-b111-419f-8f8d-48528654a323","local_time":"20190210200204","is_ascension_mode":true,"campfire_choices":[{"floor":6.0,"key":"REST"},{"data":"Streamline","floor":8.0,"key":"SMITH"},{"data":"Zap","floor":10.0,"key":"SMITH"},{"floor":12.0,"key":"REST"},{"data":"Go for the Eyes","floor":15.0,"key":"SMITH"}],"neow_cost":"NONE","seed_source_timestamp":1149265226503,"circlet_count":0,"master_deck":["AscendersBane","Strike_B","Defend_B","Defend_B","Defend_B","Defend_B","Zap+1","Dualcast","Double Energy","Streamline+1","Ball Lightning","Leap","Melter","Conserve Battery","Go for the Eyes+1","Echo Form","Steam","Self Repair","Necronomicurse"],"special_seed":0,"relics":["Cracked Core","Smiling Mask","Dodecahedron","WingedGreaves","Gremlin Horn","Lizard Tail","Necronomicon"],"potions_floor_usage":[],"damage_taken":[{"damage":14.0,"enemies":"Jaw Worm","floor":1.0,"turns":4.0},{"damage":4.0,"enemies":"2 Louse","floor":2.0,"turns":2.0},{"damage":7.0,"enemies":"Small Slimes","floor":3.0,"turns":3.0},{"damage":16.0,"enemies":"Lagavulin","floor":11.0,"turns":6.0},{"damage":4.0,"enemies":"3 Sentries","floor":14.0,"turns":5.0},{"damage":22.0,"enemies":"Hexaghost","floor":16.0,"turns":8.0},{"damage":12,"enemies":"Chosen","floor":18,"turns":5},{"damage":20,"enemies":"2 Thieves","floor":19,"turns":4},{"damage":8,"enemies":"Snecko","floor":20,"turns":7},{"damage":35,"enemies":"Centurion and Healer","floor":22,"turns":6}],"seed_played":"-230884591179044002","potions_obtained":[{"floor":2.0,"key":"Explosive Potion"},{"floor":11.0,"key":"EntropicBrew"},{"floor":14.0,"key":"Fire Potion"}],"is_trial":false,"path_per_floor":["M","M","M","?","?","R","?","R","T","R","E","R","$","E","R","B",null,"M","M","M","?","M"],"character_chosen":"DEFECT","items_purchased":["Conserve Battery"],"campfire_rested":2,"item_purchase_floors":[13],"current_hp_per_floor":[50,46,39,21,21,42,42,42,42,42,26,47,47,43,43,21,59,47,27,19,35,0],"gold":163,"neow_bonus":"TRANSFORM_CARD","is_prod":false,"is_daily":false,"chose_seed":false,"campfire_upgraded":3,"win_rate":0,"timestamp":1549846924,"path_taken":["M","M","M","?","?","R","?","R","T","R","E","R","$","E","R","BOSS","M","M","M","?","M"],"build_version":"2019-01-23","purchased_purges":1,"victory":false,"max_hp_per_floor":[71,71,71,71,71,71,71,71,71,71,71,71,71,71,71,71,71,71,71,71,71,71],"card_choices":[{"not_picked":["Turbo","Beam Cell"],"picked":"Streamline","floor":1.0},{"not_picked":["Turbo","Reprogram"],"picked":"Ball Lightning","floor":2.0},{"not_picked":["Capacitor","Beam Cell"],"picked":"Leap","floor":3.0},{"not_picked":["Compile Driver","Streamline"],"picked":"Melter","floor":11.0},{"not_picked":["Force Field","Stack"],"picked":"Go for the Eyes","floor":14.0},{"not_picked":["Buffer","Hyperbeam"],"picked":"Echo Form","floor":16.0},{"not_picked":["Streamline","Recycle"],"picked":"Steam","floor":18},{"not_picked":["Static Discharge","Scrape+1","Beam Cell"],"picked":"SKIP","floor":19},{"not_picked":["Hologram+1","Barrage"],"picked":"Self Repair","floor":20}],"player_experience":655513,"relics_obtained":[{"floor":9.0,"key":"Dodecahedron"},{"floor":11.0,"key":"WingedGreaves"},{"floor":14.0,"key":"Gremlin Horn"},{"floor":21,"key":"Necronomicon"}],"event_choices":[{"damage_healed":0.0,"max_hp_gain":0.0,"max_hp_loss":0.0,"gold_gain":0.0,"event_name":"Scrap Ooze","player_choice":"Success","floor":4.0,"gold_loss":0.0,"damage_taken":18.0,"relics_obtained":["Smiling Mask"]},{"damage_healed":0.0,"max_hp_gain":0.0,"max_hp_loss":0.0,"gold_gain":0.0,"event_name":"World of Goop","player_choice":"Left Gold","floor":5.0,"gold_loss":36.0,"damage_taken":0.0},{"cards_removed":["Strike_B"],"damage_healed":0.0,"max_hp_gain":0.0,"max_hp_loss":0.0,"gold_gain":0.0,"event_name":"Bonfire Elementals","player_choice":"Offered Basic","floor":7.0,"gold_loss":0.0,"damage_taken":0.0},{"damage_healed":0,"gold_gain":0,"player_choice":"Obtained Book","damage_taken":21,"max_hp_gain":0,"max_hp_loss":0,"event_name":"Cursed Tome","floor":21,"gold_loss":0}],"is_beta":false,"boss_relics":[{"not_picked":["Pandora\u0027s Box","White Beast Statue"],"picked":"Lizard Tail"}],"items_purged_floors":[13],"is_endless":false,"potions_floor_spawned":[2,11,14],"killed_by":"Centurion and Healer","ascension_level":20}