{"gold_per_floor":[111,61,75,75,91,117,136,136,160,188,201,230,245,345,345,440,440,452,468,393,408,426,426,426,438,465,480,480],"floor_reached":28,"playtime":1187,"items_purged":[],"score":390,"play_id":"752c0cdd-333d-4dfd-9ddb-6cdb4d1369b0","local_time":"20181004035015","is_ascension_mode":true,"campfire_choices":[{"data":"Accuracy","floor":8.0,"key":"SMITH"},{"floor":15.0,"key":"REST"},{"floor":23.0,"key":"REST"}],"neow_cost":"NONE","seed_source_timestamp":86896679382834,"circlet_count":0,"master_deck":["Defend_G","Defend_G","Defend_G","Defend_G","Defend_G","Strike_G","Strike_G","Strike_G","Strike_G","Strike_G","Survivor","Neutralize","Injury","Accuracy+1","Backstab","Dagger Spray","Corpse Explosion","Finisher","Terror","Quick Slash","Deflect","Burst","Sucker Punch+1","Cloak And Dagger","Finisher+1","Expertise","Blade Dance+1"],"special_seed":0,"relics":["Calling Bell","Bag of Marbles","Ninja Scroll","Calipers","Vajra","Regal Pillow","Smiling Mask","Orichalcum","Black Star","Dream Catcher"],"potions_floor_usage":[],"damage_taken":[{"damage":3.0,"enemies":"Small Slimes","floor":1.0,"turns":3.0},{"damage":0.0,"enemies":"Jaw Worm","floor":3.0,"turns":2.0},{"damage":0.0,"enemies":"2 Louse","floor":5.0,"turns":3.0},{"damage":14.0,"enemies":"3 Sentries","floor":6.0,"turns":10.0},{"damage":0.0,"enemies":"Looter","floor":7.0,"turns":1.0},{"damage":0.0,"enemies":"Lagavulin","floor":10.0,"turns":2.0},{"damage":0.0,"enemies":"Exordium Wildlife","floor":11.0,"turns":2.0},{"damage":20.0,"enemies":"Gremlin Nob","floor":12.0,"turns":4.0},{"damage":0.0,"enemies":"2 Fungi Beasts","floor":13.0,"turns":1.0},{"damage":42.0,"enemies":"Hexaghost","floor":16.0,"turns":12.0},{"damage":8.0,"enemies":"Chosen","floor":18.0,"turns":4.0},{"damage":17.0,"enemies":"Spheric Guardian","floor":19.0,"turns":4.0},{"damage":20.0,"enemies":"Snecko","floor":21.0,"turns":6.0},{"damage":4.0,"enemies":"Centurion and Healer","floor":22.0,"turns":3.0},{"damage":28.0,"enemies":"Snake Plant","floor":25.0,"turns":5.0},{"damage":0,"enemies":"Chosen and Byrds","floor":27,"turns":2},{"damage":7,"enemies":"Slavers","floor":28,"turns":1}],"seed_played":"1719738353133907496","potions_obtained":[{"floor":5.0,"key":"SteroidPotion"},{"floor":6.0,"key":"SteroidPotion"},{"floor":7.0,"key":"Dexterity Potion"},{"floor":10.0,"key":"GhostInAJar"},{"floor":11.0,"key":"SpeedPotion"},{"floor":19.0,"key":"EssenceOfSteel"},{"floor":22.0,"key":"Weak Potion"}],"is_trial":false,"path_per_floor":["M","?","M","?","M","E","M","R","T","E","M","E","M","?","R","B",null,"M","M","?","M","M","R","?","M","T","M"],"character_chosen":"THE_SILENT","items_purchased":[],"campfire_rested":2,"item_purchase_floors":[],"current_hp_per_floor":[60,60,60,60,60,46,46,46,46,46,46,26,26,26,62,20,58,50,33,33,13,9,45,32,4,4,4,0],"gold":480,"neow_bonus":"BOSS_RELIC","is_prod":false,"is_daily":false,"chose_seed":false,"campfire_upgraded":1,"win_rate":0,"timestamp":1538639415,"path_taken":["M","?","M","?","M","E","M","R","T","E","M","E","M","?","R","BOSS","M","M","?","M","?","R","?","?","T","M","E"],"build_version":"2018-09-27","purchased_purges":0,"victory":false,"max_hp_per_floor":[70,70,70,70,70,70,70,70,70,70,70,70,70,70,70,70,70,70,70,70,70,70,70,75,75,75,75,75],"card_choices":[{"not_picked":["Heel Hook","Setup","Bane"],"picked":"SKIP","floor":1.0},{"not_picked":["Skewer","Poisoned Stab"],"picked":"Accuracy","floor":3.0},{"not_picked":["Flying Knee","Catalyst"],"picked":"Backstab","floor":5.0},{"not_picked":["Eviscerate","Heel Hook"],"picked":"Dagger Spray","floor":6.0},{"not_picked":["Slice","Poisoned Stab"],"picked":"Corpse Explosion","floor":7.0},{"not_picked":["Expertise","Deflect"],"picked":"Finisher","floor":10.0},{"not_picked":["Predator","Backflip"],"picked":"Terror","floor":11.0},{"not_picked":["Flying Knee","Corpse Explosion"],"picked":"Quick Slash","floor":12.0},{"not_picked":["Slice","Flying Knee"],"picked":"Deflect","floor":13.0},{"not_picked":["Envenom","Doppelganger"],"picked":"Burst","floor":16.0},{"not_picked":["Prepared","Escape Plan"],"picked":"Sucker Punch+1","floor":18.0},{"not_picked":["Caltrops+1","Acrobatics+1","Dagger Throw+1"],"picked":"SKIP","floor":19.0},{"not_picked":["Dagger Throw","Riddle With Holes"],"picked":"Cloak And Dagger","floor":21.0},{"not_picked":["Predator","Dagger Spray+1"],"picked":"Finisher+1","floor":22.0},{"not_picked":["Dagger Throw","Flying Knee"],"picked":"Expertise","floor":25.0},{"not_picked":["Bane","Accuracy"],"picked":"Blade Dance+1","floor":27}],"player_experience":313606,"relics_obtained":[{"floor":0.0,"key":"Bag of Marbles"},{"floor":0.0,"key":"Ninja Scroll"},{"floor":0.0,"key":"Calipers"},{"floor":6.0,"key":"Vajra"},{"floor":9.0,"key":"Regal Pillow"},{"floor":10.0,"key":"Smiling Mask"},{"floor":12.0,"key":"Orichalcum"},{"floor":26.0,"key":"Dream Catcher"}],"event_choices":[{"event_name":"The Cleric","player_choice":"Card Removal","floor":2.0,"damage_taken":0.0},{"event_name":"Scrap Ooze","player_choice":"unsuccessful","floor":4.0,"damage_taken":0.0},{"event_name":"Golden Shrine","player_choice":"Pray","floor":14.0,"damage_taken":0.0},{"event_name":"Beggar","player_choice":"Gave Gold","floor":20.0,"damage_taken":0.0},{"event_name":"Forgotten Altar","player_choice":"Shed Blood","floor":24.0,"damage_taken":0.0}],"is_beta":false,"boss_relics":[{"not_picked":["Runic Dome","Velvet Choker"],"picked":"Black Star"}],"items_purged_floors":[],"is_endless":false,"potions_floor_spawned":[5,6,7,10,11,13,19,22],"killed_by":"Slavers","ascension_level":9}