{"gold_per_floor":[116,134,134,148,148,192,192,192,240,240,253,288,288,302,302,302],"floor_reached":16,"playtime":1569,"items_purged":[],"score":132,"play_id":"56b4c752-893f-4fd3-b6cd-f2fe9a0affbd","local_time":"20190417150722","is_ascension_mode":true,"campfire_choices":[{"floor":7,"key":"REST"},{"data":"Neutralize","floor":10,"key":"SMITH"},{"data":"Bane","floor":13,"key":"SMITH"},{"data":"Poisoned Stab","floor":15,"key":"SMITH"}],"neow_cost":"NONE","seed_source_timestamp":308097929839048,"circlet_count":0,"master_deck":["Defend_G","Defend_G","Defend_G","Defend_G","Defend_G","Strike_G","Strike_G","Strike_G","Strike_G","Strike_G","Survivor","Neutralize+1","Poisoned Stab+1","Acrobatics","Bane+1","Poisoned Stab","Catalyst+1"],"relics":["Ring of the Snake","Golden Idol","Blue Candle","Toxic Egg 2","GremlinMask","Centennial Puzzle","Meat on the Bone"],"potions_floor_usage":[6,12],"damage_taken":[{"damage":0,"enemies":"Jaw Worm","floor":1,"turns":4},{"damage":0,"enemies":"Small Slimes","floor":2,"turns":2},{"damage":1,"enemies":"Cultist","floor":4,"turns":4},{"damage":24,"enemies":"Lagavulin","floor":6,"turns":6},{"damage":1,"enemies":"3 Louse","floor":11,"turns":4},{"damage":18,"enemies":"Gremlin Nob","floor":12,"turns":4},{"damage":0,"enemies":"Large Slime","floor":14,"turns":6},{"damage":49,"enemies":"Slime Boss","floor":16,"turns":11}],"seed_played":"-8130164080069564176","potions_obtained":[{"floor":2,"key":"SteroidPotion"},{"floor":11,"key":"Block Potion"},{"floor":12,"key":"Explosive Potion"}],"is_trial":false,"path_per_floor":["M","M","?","M","T","E","R","?","T","R","M","E","R","M","R","B"],"character_chosen":"THE_SILENT","items_purchased":[],"campfire_rested":1,"item_purchase_floors":[],"current_hp_per_floor":[77,77,58,57,57,33,56,56,56,56,55,37,37,49,49,0],"gold":302,"neow_bonus":"TEN_PERCENT_HP_BONUS","is_prod":false,"is_daily":false,"chose_seed":false,"campfire_upgraded":3,"win_rate":0,"timestamp":1555510042,"path_taken":["M","M","?","M","?","E","R","?","T","R","M","E","R","?","R","BOSS"],"build_version":"2019-01-23","purchased_purges":0,"victory":false,"max_hp_per_floor":[77,77,77,77,77,77,77,77,77,77,77,77,77,77,77,77],"card_choices":[{"not_picked":["Cloak And Dagger","Bane"],"picked":"Poisoned Stab","floor":1},{"not_picked":["Endless Agony","Cloak And Dagger"],"picked":"Acrobatics","floor":2},{"not_picked":["Blade Dance","Leg Sweep"],"picked":"Bane","floor":4},{"not_picked":["Concentrate","Reflex"],"picked":"Poisoned Stab","floor":6},{"not_picked":["Slice","Dagger Throw"],"picked":"Catalyst+1","floor":11},{"not_picked":["Grand Finale","Skewer","Prepared+1"],"picked":"SKIP","floor":12}],"player_experience":474112,"relics_obtained":[{"floor":5,"key":"Blue Candle"},{"floor":6,"key":"Toxic Egg 2"},{"floor":9,"key":"Centennial Puzzle"},{"floor":12,"key":"Meat on the Bone"}],"event_choices":[{"damage_healed":0,"gold_gain":0,"player_choice":"Take Damage","damage_taken":19,"relics_obtained":["Golden Idol"],"max_hp_gain":0,"max_hp_loss":0,"event_name":"Golden Idol","floor":3,"gold_loss":0},{"damage_healed":0,"gold_gain":0,"player_choice":"Trade","damage_taken":0,"relics_obtained":["GremlinMask"],"max_hp_gain":0,"max_hp_loss":0,"event_name":"FaceTrader","floor":8,"gold_loss":0}],"is_beta":false,"boss_relics":[],"items_purged_floors":[],"is_endless":false,"potions_floor_spawned":[2,11,12],"killed_by":"Slime Boss","ascension_level":4}