{"gold_per_floor":[367,70,90,105,105,140,166,207,219,256,268,280,292,49,49,123,123,140,140,155,167,178,178,188,188,212,102,114,127,127,143,143,217,217,230,250,250,66,78,78,96,96,119,119,139,190,204,221,221,221],"floor_reached":51,"playtime":3115,"items_purged":["Normality","Strike_R","Strike_R"],"score":1146,"play_id":"0b2b8bef-aadb-48c2-bf07-fe23d71eb151","local_time":"20190123171457","is_ascension_mode":true,"campfire_choices":[{"floor":15.0,"key":"REST"},{"data":"Power Through","floor":23.0,"key":"SMITH"},{"data":"Power Through","floor":25.0,"key":"SMITH"},{"data":"Bash","floor":30.0,"key":"SMITH"},{"floor":32.0,"key":"REST"},{"data":"Shockwave","floor":40.0,"key":"SMITH"},{"data":"Exhume","floor":42.0,"key":"SMITH"},{"data":"Infernal Blade","floor":44.0,"key":"SMITH"},{"data":"Battle Trance","floor":49,"key":"SMITH"}],"neow_cost":"CURSE","seed_source_timestamp":54256531652609,"circlet_count":0,"master_deck":["AscendersBane","Strike_R","Defend_R","Defend_R","Defend_R","Defend_R","Bash+1","Battle Trance+1","Whirlwind+1","Power Through+1","Headbutt","Infernal Blade+1","Warcry","Power Through+1","Fiend Fire+1","Shrug It Off","Evolve","Exhume+1","Shockwave+1","Parasite","Wild Strike+1","Second Wind+1"],"special_seed":0,"relics":["Burning Blood","Sling","MawBank","Mango","The Courier","Letter Opener","Bronze Scales","Pen Nib","Busted Crown","Smiling Mask","Cursed Key","Bag of Preparation","Vajra","Torii"],"potions_floor_usage":[50,50],"damage_taken":[{"damage":2.0,"enemies":"Jaw Worm","floor":1.0,"turns":3.0},{"damage":6.0,"enemies":"Cultist","floor":3.0,"turns":3.0},{"damage":12.0,"enemies":"Small Slimes","floor":4.0,"turns":2.0},{"damage":13.0,"enemies":"Lagavulin","floor":6.0,"turns":5.0},{"damage":8.0,"enemies":"3 Louse","floor":7.0,"turns":2.0},{"damage":16.0,"enemies":"Gremlin Nob","floor":8.0,"turns":3.0},{"damage":25.0,"enemies":"Lagavulin","floor":10.0,"turns":6.0},{"damage":56.0,"enemies":"Slime Boss","floor":16.0,"turns":11.0},{"damage":0.0,"enemies":"3 Byrds","floor":18.0,"turns":3.0},{"damage":0.0,"enemies":"Shell Parasite","floor":20.0,"turns":3.0},{"damage":0.0,"enemies":"Sentry and Sphere","floor":21.0,"turns":4.0},{"damage":11.0,"enemies":"Chosen and Byrds","floor":22.0,"turns":6.0},{"damage":4.0,"enemies":"Snake Plant","floor":24.0,"turns":3.0},{"damage":34.0,"enemies":"Snecko","floor":28.0,"turns":6.0},{"damage":18.0,"enemies":"Shelled Parasite and Fungi","floor":29.0,"turns":2.0},{"damage":3.0,"enemies":"Chosen and Byrds","floor":31.0,"turns":4.0},{"damage":10.0,"enemies":"Collector","floor":33.0,"turns":11.0},{"damage":0.0,"enemies":"Orb Walker","floor":35.0,"turns":2.0},{"damage":6.0,"enemies":"3 Shapes","floor":36.0,"turns":4.0},{"damage":0.0,"enemies":"Maw","floor":39.0,"turns":5.0},{"damage":5.0,"enemies":"Transient","floor":41.0,"turns":5.0},{"damage":1.0,"enemies":"Jaw Worm Horde","floor":45.0,"turns":5.0},{"damage":11,"enemies":"2 Orb Walkers","floor":46,"turns":4},{"damage":0,"enemies":"Maw","floor":47,"turns":6},{"damage":0,"enemies":"Transient","floor":48,"turns":5},{"damage":33,"enemies":"Donu and Deca","floor":50,"turns":9}],"seed_played":"6070652502545151594","potions_obtained":[{"floor":3.0,"key":"Block Potion"},{"floor":4.0,"key":"Swift Potion"},{"floor":8.0,"key":"Dexterity Potion"},{"floor":18.0,"key":"PowerPotion"},{"floor":22.0,"key":"Ancient Potion"}],"is_trial":false,"path_per_floor":["M","$","M","M","?","E","M","E","T","E","?","?","?","$","R","B",null,"M","?","M","M","M","R","M","R","T","$","M","M","R","M","R","B",null,"M","M","?","$","M","R","M","R","T","R","M","?","M","M","R","B",null],"character_chosen":"IRONCLAD","items_purchased":["Sling","Bronze Scales","Pen Nib","Evolve","Bag of Preparation"],"campfire_rested":2,"item_purchase_floors":[2,14,14,27,38],"current_hp_per_floor":[72,72,72,66,66,59,57,61,61,42,35,35,35,35,61,11,70,76,76,82,88,83,83,85,85,85,85,57,45,45,48,74,70,84,89,89,85,85,85,85,85,85,85,85,85,80,85,85,85,58],"gold":221,"neow_bonus":"TWO_FIFTY_GOLD","is_prod":false,"is_daily":false,"chose_seed":false,"campfire_upgraded":7,"win_rate":0,"timestamp":1548281697,"path_taken":["M","$","M","M","?","E","?","E","T","E","?","?","?","?","R","BOSS","M","?","M","M","M","R","M","R","T","?","M","?","R","M","R","BOSS","M","M","?","$","M","R","M","R","T","R","M","?","M","M","R","BOSS"],"build_version":"2019-01-23","purchased_purges":3,"victory":true,"max_hp_per_floor":[75,75,75,75,75,75,75,89,89,89,89,89,89,89,89,89,89,89,89,89,89,89,89,89,89,89,89,89,89,89,89,89,89,89,89,89,85,85,85,85,85,85,85,85,85,85,85,85,85,85],"card_choices":[{"not_picked":["Seeing Red","Fire Breathing"],"picked":"Battle Trance","floor":1.0},{"not_picked":["Sword Boomerang","Second Wind"],"picked":"Whirlwind","floor":3.0},{"not_picked":["Clothesline","Spot Weakness"],"picked":"Power Through","floor":4.0},{"not_picked":["Cleave","Iron Wave"],"picked":"Headbutt","floor":6.0},{"not_picked":["Twin Strike","Cleave"],"picked":"Infernal Blade","floor":7.0},{"not_picked":["Rupture","Wild Strike"],"picked":"Warcry","floor":8.0},{"not_picked":["Metallicize","Juggernaut"],"picked":"Power Through","floor":10.0},{"not_picked":["Berserk","Barricade"],"picked":"Fiend Fire","floor":16.0},{"not_picked":["Entrench"],"picked":"SKIP","floor":18.0},{"not_picked":["Headbutt"],"picked":"SKIP","floor":20.0},{"not_picked":["Fire Breathing"],"picked":"SKIP","floor":21.0},{"not_picked":["Pommel Strike"],"picked":"SKIP","floor":22.0},{"not_picked":[],"picked":"Shrug It Off","floor":24.0},{"not_picked":["Anger"],"picked":"SKIP","floor":28.0},{"not_picked":["Flex"],"picked":"SKIP","floor":29.0},{"not_picked":["Flex"],"picked":"SKIP","floor":31.0},{"not_picked":[],"picked":"Exhume","floor":33.0},{"not_picked":["Shockwave"],"picked":"SKIP","floor":35.0},{"not_picked":[],"picked":"Shockwave","floor":35.0},{"not_picked":["Heavy Blade+1"],"picked":"SKIP","floor":36.0},{"not_picked":["Body Slam"],"picked":"SKIP","floor":39.0},{"not_picked":["Body Slam"],"picked":"SKIP","floor":39.0},{"not_picked":["Thunderclap"],"picked":"SKIP","floor":41.0},{"not_picked":["Twin Strike"],"picked":"SKIP","floor":45.0},{"not_picked":[],"picked":"Wild Strike+1","floor":47},{"not_picked":[],"picked":"Second Wind+1","floor":48}],"player_experience":558066,"relics_obtained":[{"floor":6.0,"key":"MawBank"},{"floor":8.0,"key":"Mango"},{"floor":9.0,"key":"The Courier"},{"floor":10.0,"key":"Letter Opener"},{"floor":26.0,"key":"Smiling Mask"},{"floor":43.0,"key":"Vajra"},{"floor":46,"key":"Torii"}],"event_choices":[{"damage_healed":0.0,"max_hp_gain":0.0,"max_hp_loss":0.0,"gold_gain":0.0,"event_name":"Accursed Blacksmith","player_choice":"Forge","floor":5.0,"gold_loss":0.0,"damage_taken":0.0,"cards_upgraded":["Whirlwind"]},{"cards_removed":["Strike_R"],"damage_healed":0.0,"max_hp_gain":0.0,"max_hp_loss":0.0,"gold_gain":0.0,"event_name":"Golden Wing","player_choice":"Card Removal","floor":11.0,"gold_loss":0.0,"damage_taken":7.0},{"cards_removed":["Strike_R"],"damage_healed":0.0,"max_hp_gain":0.0,"max_hp_loss":0.0,"gold_gain":0.0,"event_name":"Living Wall","player_choice":"Forget","floor":12.0,"gold_loss":0.0,"damage_taken":0.0},{"damage_healed":0.0,"max_hp_gain":0.0,"max_hp_loss":0.0,"gold_gain":0.0,"event_name":"Liars Game","player_choice":"Ignored","floor":13.0,"gold_loss":0.0,"damage_taken":0.0},{"damage_healed":0.0,"max_hp_gain":0.0,"max_hp_loss":0.0,"gold_gain":0.0,"event_name":"Upgrade Shrine","player_choice":"Upgraded","floor":19.0,"gold_loss":0.0,"damage_taken":0.0,"cards_upgraded":["Fiend Fire"]},{"damage_healed":0.0,"max_hp_gain":0.0,"max_hp_loss":4.0,"gold_gain":0.0,"event_name":"Winding Halls","player_choice":"Max HP","floor":37.0,"gold_loss":0.0,"damage_taken":0.0},{"damage_healed":0,"gold_gain":0,"player_choice":"Fight","damage_taken":0,"max_hp_gain":0,"max_hp_loss":0,"event_name":"Mysterious Sphere","floor":46,"gold_loss":0}],"is_beta":false,"boss_relics":[{"not_picked":["Empty Cage","Tiny House"],"picked":"Busted Crown"},{"not_picked":["Orrery","Runic Pyramid"],"picked":"Cursed Key"}],"items_purged_floors":[2,27,38],"is_endless":false,"potions_floor_spawned":[3,4,8,18,22,29,31,33,45,46],"ascension_level":16}