{"gold_per_floor":[117,117,130,150,150,184,184,196,196,215,233,262,262,272,272,375,375,386,33,33,48,66,66,81,81,81,97,109,141,141,5,5,5],"floor_reached":33,"playtime":1379,"items_purged":["Pain"],"score":281,"play_id":"9e57ea43-e73c-47d9-9be9-9071ae31a6b9","local_time":"20190104171529","is_ascension_mode":false,"campfire_choices":[{"floor":7,"key":"REST"},{"floor":13,"key":"REST"},{"data":"Machine Learning","floor":15,"key":"SMITH"},{"floor":23,"key":"REST"},{"floor":25,"key":"REST"},{"floor":32,"key":"REST"}],"neow_cost":"NONE","seed_source_timestamp":174757160315924,"circlet_count":0,"master_deck":["Strike_B","Strike_B","Strike_B","Strike_B","Defend_B","Defend_B","Defend_B","Defend_B","Zap","Dualcast","FTL","Ball Lightning","Lockon+1","BootSequence","Conserve Battery","Steam","Glacier","Machine Learning+1","Skim","Fission","Go for the Eyes+1","Sunder","Defragment","Storm","Double Energy","Defragment","Storm","Leap","Aggregate","Static Discharge","Barrage","White Noise+1","Storm+1","Discovery"],"relics":["Cracked Core","Sundial","The Courier","Ornamental Fan","Lizard Tail","WarpedTongs","Bag of Marbles","Vajra"],"potions_floor_usage":[4,8,12,16,21,21],"damage_taken":[{"damage":5,"enemies":"Cultist","floor":1,"turns":4},{"damage":2,"enemies":"2 Louse","floor":3,"turns":2},{"damage":6,"enemies":"Jaw Worm","floor":4,"turns":2},{"damage":13,"enemies":"Gremlin Nob","floor":6,"turns":3},{"damage":12,"enemies":"Gremlin Gang","floor":8,"turns":2},{"damage":0,"enemies":"Exordium Wildlife","floor":10,"turns":2},{"damage":0,"enemies":"3 Louse","floor":11,"turns":2},{"damage":18,"enemies":"Lagavulin","floor":12,"turns":5},{"damage":0,"enemies":"Looter","floor":14,"turns":2},{"damage":28,"enemies":"The Guardian","floor":16,"turns":10},{"damage":19,"enemies":"2 Thieves","floor":18,"turns":5},{"damage":14,"enemies":"Spheric Guardian","floor":21,"turns":4},{"damage":36,"enemies":"Shelled Parasite and Fungi","floor":22,"turns":7},{"damage":12,"enemies":"Centurion and Healer","floor":24,"turns":10},{"damage":34,"enemies":"Cultist and Chosen","floor":27,"turns":6},{"damage":29,"enemies":"3 Cultists","floor":28,"turns":5},{"damage":30,"enemies":"Book of Stabbing","floor":29,"turns":5},{"damage":31,"enemies":"Automaton","floor":33,"turns":4}],"seed_played":"-2598924029088224493","potions_obtained":[{"floor":1,"key":"Explosive Potion"},{"floor":3,"key":"AttackPotion"},{"floor":11,"key":"FearPotion"},{"floor":12,"key":"Explosive Potion"},{"floor":18,"key":"LiquidBronze"}],"is_trial":false,"path_per_floor":["M","?","M","M","?","E","R","M","T","M","M","E","R","M","R","B",null,"M","$","?","M","M","R","M","R","T","M","M","E","?","$","R","B"],"character_chosen":"DEFECT","items_purchased":["Sunder","Defragment","Storm","Double Energy","Block Potion","Defragment","Storm","Discovery"],"campfire_rested":5,"item_purchase_floors":[19,19,19,19,19,19,19,31],"current_hp_per_floor":[77,70,68,62,62,49,73,61,61,61,61,43,67,67,67,39,82,63,63,63,49,13,37,25,49,49,15,33,3,3,3,27,0],"gold":5,"neow_bonus":"TEN_PERCENT_HP_BONUS","is_prod":false,"is_daily":false,"chose_seed":false,"campfire_upgraded":1,"win_rate":0,"timestamp":1546618529,"path_taken":["M","?","M","M","?","E","R","M","T","M","?","E","R","M","R","BOSS","M","$","?","M","M","R","M","R","T","?","M","E","?","$","R","BOSS"],"build_version":"2019-01-03v3","purchased_purges":1,"victory":false,"max_hp_per_floor":[82,82,82,82,82,82,82,82,82,82,82,82,82,82,82,82,82,82,82,82,82,82,82,82,82,82,82,82,82,82,82,82,82],"card_choices":[{"not_picked":["Scrape","Cold Snap"],"picked":"FTL","floor":1},{"not_picked":["Turbo","Defragment"],"picked":"Ball Lightning","floor":3},{"not_picked":["Compile Driver","Sunder"],"picked":"Lockon","floor":4},{"not_picked":["Turbo","Scrape"],"picked":"BootSequence","floor":6},{"not_picked":["Sweeping Beam","Hologram"],"picked":"Conserve Battery","floor":8},{"not_picked":["Undo","Compile Driver"],"picked":"Steam","floor":10},{"not_picked":["Hello World","Streamline"],"picked":"Glacier","floor":11},{"not_picked":["Conserve Battery","Loop"],"picked":"Machine Learning","floor":12},{"not_picked":["Go for the Eyes","Reinforced Body"],"picked":"Skim","floor":14},{"not_picked":["Core Surge","Rainbow"],"picked":"Fission","floor":16},{"not_picked":["Rebound","Barrage"],"picked":"Go for the Eyes+1","floor":18},{"not_picked":["Steam","BootSequence"],"picked":"Leap","floor":21},{"not_picked":["Leap","Gash"],"picked":"Aggregate","floor":22},{"not_picked":["Leap","Hologram"],"picked":"Static Discharge","floor":24},{"not_picked":["Redo","Scrape"],"picked":"Barrage","floor":27},{"not_picked":["Sunder+1","Barrage"],"picked":"White Noise+1","floor":28},{"not_picked":["Redo+1","Hologram"],"picked":"Storm+1","floor":29}],"player_experience":319318,"relics_obtained":[{"floor":6,"key":"The Courier"},{"floor":12,"key":"Ornamental Fan"},{"floor":26,"key":"Bag of Marbles"},{"floor":29,"key":"Vajra"}],"event_choices":[{"damage_healed":0,"gold_gain":0,"player_choice":"Success","damage_taken":7,"relics_obtained":["Sundial"],"max_hp_gain":0,"max_hp_loss":0,"event_name":"Scrap Ooze","floor":2,"gold_loss":0},{"damage_healed":0,"gold_gain":0,"player_choice":"Upgraded","damage_taken":0,"max_hp_gain":0,"max_hp_loss":0,"event_name":"Upgrade Shrine","floor":5,"gold_loss":0,"cards_upgraded":["Lockon"]},{"damage_healed":0,"gold_gain":0,"player_choice":"Rummage","damage_taken":0,"relics_obtained":["WarpedTongs"],"max_hp_gain":0,"max_hp_loss":0,"event_name":"Accursed Blacksmith","floor":20,"gold_loss":0,"cards_obtained":["Pain"]},{"damage_healed":0,"gold_gain":0,"player_choice":"Ignored","damage_taken":0,"max_hp_gain":0,"max_hp_loss":0,"event_name":"Vampires","floor":30,"gold_loss":0}],"is_beta":false,"boss_relics":[{"not_picked":["Velvet Choker","Busted Crown"],"picked":"Lizard Tail"}],"items_purged_floors":[31],"is_endless":false,"potions_floor_spawned":[1,3,11,12,18],"killed_by":"Automaton","ascension_level":0}