{"gold_per_floor":[112,112,127,0,0,0,33,33,33,49,49,65,81,114,114,187,187,206,306,217,233,233],"floor_reached":22,"playtime":1855,"items_purged":[],"score":372,"play_id":"e7f90262-c6f4-440f-b860-a54bd07a09da","local_time":"20190105172911","is_ascension_mode":true,"campfire_choices":[{"data":"Dagger Spray","floor":8.0,"key":"SMITH"},{"data":"Predator","floor":11.0,"key":"SMITH"},{"floor":15.0,"key":"REST"}],"neow_cost":"NONE","seed_source_timestamp":272705916482795,"circlet_count":0,"master_deck":["AscendersBane","Defend_G","Defend_G","Defend_G","Defend_G+1","Defend_G","Strike_G","Strike_G","Strike_G","Strike_G","Survivor","Neutralize+1","Flying Knee","Caltrops","Well Laid Plans","Dagger Spray+1","Pain","Backflip","Predator+1","Cloak And Dagger","After Image","Leg Sweep","PiercingWail","Backflip","Caltrops","Bullet Time","Infinite Blades","Dodge and Roll","Underhanded Strike"],"special_seed":0,"relics":["Ring of the Snake","NeowsBlessing","WarpedTongs","Pear","Prayer Wheel","Ancient Tea Set","Snecko Eye","Du-Vu Doll","Blue Candle","Centennial Puzzle"],"potions_floor_usage":[],"damage_taken":[{"damage":0.0,"enemies":"Cultist","floor":1.0,"turns":1.0},{"damage":0.0,"enemies":"Jaw Worm","floor":3.0,"turns":1.0},{"damage":0.0,"enemies":"Gremlin Nob","floor":7.0,"turns":2.0},{"damage":0.0,"enemies":"2 Louse","floor":10.0,"turns":2.0},{"damage":10.0,"enemies":"Exordium Thugs","floor":12.0,"turns":4.0},{"damage":2.0,"enemies":"2 Fungi Beasts","floor":13.0,"turns":3.0},{"damage":9.0,"enemies":"Lagavulin","floor":14.0,"turns":6.0},{"damage":36.0,"enemies":"The Guardian","floor":16.0,"turns":10.0},{"damage":5.0,"enemies":"Chosen","floor":18.0,"turns":6.0},{"damage":14.0,"enemies":"Colosseum Slavers","floor":19.0,"turns":6.0},{"damage":35.0,"enemies":"Colosseum Nobs","floor":19.0,"turns":5.0},{"damage":1.0,"enemies":"2 Thieves","floor":21.0,"turns":3.0},{"damage":10,"enemies":"Sentry and Sphere","floor":22,"turns":3}],"seed_played":"6869832110218006502","potions_obtained":[{"floor":3.0,"key":"EntropicBrew"},{"floor":10.0,"key":"Energy Potion"},{"floor":16.0,"key":"EntropicBrew"}],"is_trial":false,"path_per_floor":["M","?","M","$","?","?","E","R","T","M","R","M","M","E","R","B",null,"M","?","?","M","M"],"character_chosen":"THE_SILENT","items_purchased":["Well Laid Plans","Dagger Spray"],"campfire_rested":1,"item_purchase_floors":[4,4],"current_hp_per_floor":[59,46,46,46,39,39,49,49,49,49,49,39,37,28,50,14,61,56,7,7,6,0],"gold":233,"neow_bonus":"THREE_ENEMY_KILL","is_prod":false,"is_daily":false,"chose_seed":false,"campfire_upgraded":2,"win_rate":0,"timestamp":1546727351,"path_taken":["M","?","M","$","?","?","E","R","T","M","R","M","M","E","R","BOSS","M","?","?","M","M"],"build_version":"2019-01-03v4","purchased_purges":0,"victory":false,"max_hp_per_floor":[66,66,66,66,66,66,76,76,76,76,76,76,76,76,76,76,76,76,76,76,76,76],"card_choices":[{"not_picked":["Dagger Throw","PiercingWail"],"picked":"Flying Knee","floor":1.0},{"not_picked":["Blade Dance","Deadly Poison"],"picked":"Caltrops","floor":3.0},{"not_picked":["Underhanded Strike","Sucker Punch"],"picked":"Backflip","floor":7.0},{"not_picked":["Acrobatics","Tactician"],"picked":"Predator","floor":10.0},{"not_picked":["Dagger Spray","Poisoned Stab"],"picked":"Cloak And Dagger","floor":10.0},{"not_picked":["Dagger Spray","Catalyst"],"picked":"After Image","floor":12.0},{"not_picked":["Infinite Blades","Sucker Punch"],"picked":"Leg Sweep","floor":12.0},{"not_picked":["Flying Knee","Leg Sweep"],"picked":"PiercingWail","floor":13.0},{"not_picked":["Deflect","Dodge and Roll"],"picked":"Backflip","floor":13.0},{"not_picked":["Backflip","Acrobatics"],"picked":"Caltrops","floor":14.0},{"not_picked":["Adrenaline","Storm of Steel"],"picked":"Bullet Time","floor":16.0},{"not_picked":["Acrobatics+1","Outmaneuver"],"picked":"Infinite Blades","floor":18.0},{"not_picked":["Poisoned Stab","Dagger Throw","Underhanded Strike"],"picked":"SKIP","floor":18.0},{"not_picked":["Underhanded Strike","Flying Knee"],"picked":"Dodge and Roll","floor":19.0},{"not_picked":["Skewer","Well Laid Plans"],"picked":"Underhanded Strike","floor":21.0},{"not_picked":["Bane","Deadly Poison","Deflect+1"],"picked":"SKIP","floor":21.0}],"player_experience":510125,"relics_obtained":[{"floor":7.0,"key":"Pear"},{"floor":9.0,"key":"Prayer Wheel"},{"floor":14.0,"key":"Ancient Tea Set"},{"floor":19.0,"key":"Du-Vu Doll"},{"floor":19.0,"key":"Blue Candle"}],"event_choices":[{"damage_healed":0.0,"max_hp_gain":0.0,"max_hp_loss":0.0,"gold_gain":0.0,"event_name":"Shining Light","player_choice":"Entered Light","floor":2.0,"gold_loss":0.0,"damage_taken":13.0,"cards_upgraded":["Neutralize","Defend_G"]},{"cards_removed":["Strike_G"],"damage_healed":0.0,"max_hp_gain":0.0,"max_hp_loss":0.0,"gold_gain":0.0,"event_name":"Golden Wing","player_choice":"Card Removal","floor":5.0,"gold_loss":0.0,"damage_taken":7.0},{"damage_healed":0.0,"max_hp_gain":0.0,"max_hp_loss":0.0,"gold_gain":0.0,"event_name":"Accursed Blacksmith","player_choice":"Rummage","floor":6.0,"gold_loss":0.0,"damage_taken":0.0,"relics_obtained":["WarpedTongs"],"cards_obtained":["Pain"]},{"damage_healed":0.0,"max_hp_gain":0.0,"max_hp_loss":0.0,"gold_gain":0.0,"event_name":"Colosseum","player_choice":"Fight","floor":19.0,"gold_loss":0.0,"damage_taken":0.0},{"damage_healed":0.0,"max_hp_gain":0.0,"max_hp_loss":0.0,"gold_gain":0.0,"event_name":"Colosseum","player_choice":"Fought Nobs","floor":19.0,"gold_loss":0.0,"damage_taken":0.0},{"damage_healed":0.0,"max_hp_gain":0.0,"max_hp_loss":0.0,"gold_gain":0.0,"event_name":"WeMeetAgain","player_choice":"Paid Gold","floor":20.0,"gold_loss":89.0,"damage_taken":0.0,"relics_obtained":["Centennial Puzzle"]}],"is_beta":false,"boss_relics":[{"not_picked":["Ectoplasm","Empty Cage"],"picked":"Snecko Eye"}],"items_purged_floors":[],"is_endless":false,"potions_floor_spawned":[3,10,14,16,18,19],"killed_by":"Sentry and Sphere","ascension_level":14}