{"gold_per_floor":[359,369,380,391,391,391,426,426,478,478,508,522,522,549,549,648,648,661,661,661,586,603,603,632,652,677,710,721,721,18,38,38,38],"floor_reached":33,"playtime":1467,"items_purged":["Strike_B"],"score":295,"play_id":"4b13bc3e-1ad6-448b-afee-2dd00696faac","local_time":"20180716232500","is_ascension_mode":false,"campfire_choices":[{"data":"Self Repair","floor":6,"key":"SMITH"},{"data":"Electrodynamics","floor":8,"key":"SMITH"},{"data":"Sweeping Beam","floor":13,"key":"SMITH"},{"data":"Zap","floor":15,"key":"SMITH"},{"data":"Tempest","floor":23,"key":"SMITH"},{"floor":32,"key":"REST"}],"neow_cost":"TEN_PERCENT_HP_LOSS","seed_source_timestamp":499783702585278,"circlet_count":0,"master_deck":["Strike_B","Strike_B","Defend_B","Defend_B","Defend_B","Defend_B","Zap+1","Dualcast","Cold Snap","Rebound","Self Repair+1","Electrodynamics+1","Sweeping Beam+1","Rainbow","Tempest+1","Chill","Echo Form","Bandage Up","Self Repair","Static Discharge","Capacitor"],"relics":["Cracked Core","Matryoshka","Omamori","Bronze Scales","Art of War","Smiling Mask","Blue Candle","Busted Crown","Dead Branch","Juzu Bracelet","Bag of Preparation","Prayer Wheel","Strange Spoon","Gambling Chip"],"potions_floor_usage":[12,16,27,31,33],"damage_taken":[{"damage":6,"enemies":"2 Louse","floor":1,"turns":2},{"damage":3,"enemies":"Small Slimes","floor":2,"turns":3},{"damage":4,"enemies":"Jaw Worm","floor":3,"turns":3},{"damage":7,"enemies":"Exordium Wildlife","floor":4,"turns":4},{"damage":27,"enemies":"Lagavulin","floor":7,"turns":8},{"damage":0,"enemies":"Blue Slaver","floor":12,"turns":3},{"damage":14,"enemies":"Gremlin Nob","floor":14,"turns":3},{"damage":52,"enemies":"The Guardian","floor":16,"turns":11},{"damage":10,"enemies":"Shell Parasite","floor":18,"turns":5},{"damage":10,"enemies":"3 Byrds","floor":22,"turns":2},{"damage":27,"enemies":"Slavers","floor":24,"turns":2},{"damage":0,"enemies":"Sentry and Sphere","floor":25,"turns":3},{"damage":15,"enemies":"Book of Stabbing","floor":27,"turns":4},{"damage":19,"enemies":"Snake Plant","floor":28,"turns":3},{"damage":0,"enemies":"Snecko","floor":31,"turns":4},{"damage":70,"enemies":"Automaton","floor":33,"turns":6}],"seed_played":"-7244098245361254849","potions_obtained":[{"floor":2,"key":"Fire Potion"},{"floor":4,"key":"EssenceOfSteel"},{"floor":22,"key":"Block Potion"},{"floor":24,"key":"LiquidBronze"},{"floor":25,"key":"Swift Potion"},{"floor":28,"key":"Explosive Potion"}],"is_trial":false,"path_per_floor":["M","M","M","M","?","R","E","R","T","?","?","M","R","E","R","B",null,"M","?","?","?","M","R","E","M","T","E","M","?","$","M","R"],"character_chosen":"DEFECT","items_purchased":["Strange Spoon","Gambling Chip","Bandage Up","Self Repair"],"campfire_rested":1,"item_purchase_floors":[30,30,30,30],"current_hp_per_floor":[62,59,55,55,52,52,35,35,35,57,57,57,57,53,53,11,68,68,68,68,68,58,58,31,41,41,36,27,15,15,36,57,0],"gold":38,"neow_bonus":"TWO_FIFTY_GOLD","is_prod":false,"is_daily":false,"chose_seed":false,"campfire_upgraded":5,"win_rate":0,"timestamp":1531797900,"path_taken":["M","M","M","M","?","R","E","R","T","?","?","M","R","E","R","BOSS","M","?","?","?","?","R","E","M","T","E","M","?","?","M","R","BOSS"],"build_version":"2018-07-12","purchased_purges":1,"victory":false,"max_hp_per_floor":[68,68,68,68,68,68,68,68,68,68,68,68,68,68,68,68,68,68,68,68,68,68,68,68,68,68,68,68,73,73,73,73,73],"card_choices":[{"not_picked":["Gash","Darkness"],"picked":"Cold Snap","floor":1},{"not_picked":["Turbo","Barrage"],"picked":"Rebound","floor":2},{"not_picked":["Cold Snap","FTL"],"picked":"Self Repair","floor":3},{"not_picked":["Storm","Force Field","Streamline"],"picked":"SKIP","floor":4},{"not_picked":["Force Field","Storm"],"picked":"Electrodynamics","floor":7},{"not_picked":["Redo","Rebound"],"picked":"Sweeping Beam","floor":12},{"not_picked":["Heatsinks","Stack","Gash"],"picked":"SKIP","floor":14},{"not_picked":["Reboot","Multi-Cast"],"picked":"Rainbow","floor":16},{"not_picked":["Coolheaded"],"picked":"SKIP","floor":18},{"not_picked":["Conserve Battery"],"picked":"SKIP","floor":22},{"not_picked":["Coolheaded"],"picked":"SKIP","floor":24},{"not_picked":[],"picked":"Chill","floor":25},{"not_picked":[],"picked":"Echo Form","floor":27},{"not_picked":["Hologram"],"picked":"SKIP","floor":28},{"not_picked":["Sweeping Beam"],"picked":"SKIP","floor":28},{"not_picked":[],"picked":"Static Discharge","floor":31},{"not_picked":[],"picked":"Capacitor","floor":31}],"player_experience":74363,"relics_obtained":[{"floor":7,"key":"Omamori"},{"floor":9,"key":"Bronze Scales"},{"floor":9,"key":"Art of War"},{"floor":14,"key":"Blue Candle"},{"floor":24,"key":"Dead Branch"},{"floor":26,"key":"Juzu Bracelet"},{"floor":26,"key":"Bag of Preparation"},{"floor":27,"key":"Prayer Wheel"}],"event_choices":[{"event_name":"Scrap Ooze","player_choice":"success","floor":5,"damage_taken":3},{"event_name":"Big Fish","player_choice":"Banana","floor":10,"damage_taken":0},{"event_name":"Dead Adventurer","player_choice":"Searched \u00272\u0027 times","floor":11,"damage_taken":0},{"event_name":"Drug Dealer","player_choice":"Ignored","floor":19,"damage_taken":0},{"event_name":"The Library","player_choice":"Read","floor":20,"damage_taken":0},{"event_name":"Beggar","player_choice":"Gave Gold","floor":21,"damage_taken":0},{"event_name":"Forgotten Altar","player_choice":"Shed Blood","floor":29,"damage_taken":0}],"boss_relics":[{"not_picked":["Philosopher\u0027s Stone","White Beast Statue"],"picked":"Busted Crown"}],"items_purged_floors":[30],"is_endless":false,"potions_floor_spawned":[2,4,22,24,25,28],"killed_by":"Automaton","ascension_level":0}