{"gold_per_floor":[118,128,144,58,78,413,413,431,454,6,17,46,46,61,61,138,138,157,111,30,45,63,63,90,90,90,90,125,125,151,151,151,226,226,237,255,274,195,195,223,276,276,325,337,337,371,388,413,413,413,413,413,413,85,116,116],"floor_reached":57,"playtime":7156,"items_purged":["Strike_G","Strike_G"],"score":2949,"play_id":"bdf856f7-6ac9-4da6-9455-668a61871ba9","local_time":"20190330091012","is_ascension_mode":true,"campfire_choices":[{"data":"Predator","floor":7.0,"key":"SMITH"},{"data":"Wraith Form v2","floor":13.0,"key":"SMITH"},{"data":"Footwork","floor":15.0,"key":"SMITH"},{"data":"Night Terror","floor":23.0,"key":"SMITH"},{"floor":27.0,"key":"REST"},{"data":"Backflip","floor":32.0,"key":"SMITH"},{"data":"Noxious Fumes","floor":42.0,"key":"SMITH"},{"floor":45.0,"key":"RECALL"},{"data":"After Image","floor":49.0,"key":"SMITH"},{"data":"Dodge and Roll","floor":53,"key":"SMITH"}],"neow_cost":"NONE","seed_source_timestamp":0,"circlet_count":0,"master_deck":["AscendersBane","Defend_G+1","Defend_G","Defend_G","Defend_G","Defend_G","Strike_G","Strike_G","Strike_G","Survivor+1","Neutralize+1","Predator+1","Acrobatics","Predator","Underhanded Strike","Reflex","Wraith Form v2+1","Footwork+1","PiercingWail","Dodge and Roll+1","Envenom","Backflip+1","Crippling Poison+1","Night Terror+1","PiercingWail","Bullet Time","Die Die Die","PiercingWail+1","After Image+1","Blur","PiercingWail","PiercingWail","Noxious Fumes+1","Dash+1","Dodge and Roll+1","Blade Dance+1","Flechettes+1"],"special_seed":0,"relics":["HoveringKite","Old Coin","Vajra","Membership Card","Meat on the Bone","Bronze Scales","Runic Pyramid","Anchor","Art of War","Pen Nib","Du-Vu Doll","Pantograph","Snecko Eye","Happy Flower","Torii","Kunai","War Paint","Snake Skull","Centennial Puzzle","Frozen Eye","Oddly Smooth Stone"],"potions_floor_usage":[56],"damage_taken":[{"damage":6.0,"enemies":"Cultist","floor":1.0,"turns":5.0},{"damage":0.0,"enemies":"Small Slimes","floor":2.0,"turns":5.0},{"damage":0.0,"enemies":"Jaw Worm","floor":3.0,"turns":4.0},{"damage":4.0,"enemies":"Blue Slaver","floor":5.0,"turns":3.0},{"damage":27.0,"enemies":"3 Sentries","floor":6.0,"turns":8.0},{"damage":11.0,"enemies":"Lots of Slimes","floor":8.0,"turns":4.0},{"damage":0.0,"enemies":"Looter","floor":11.0,"turns":3.0},{"damage":9.0,"enemies":"Lagavulin","floor":12.0,"turns":7.0},{"damage":9.0,"enemies":"Large Slime","floor":14.0,"turns":6.0},{"damage":8.0,"enemies":"Slime Boss","floor":16.0,"turns":11.0},{"damage":13.0,"enemies":"Shell Parasite","floor":18.0,"turns":6.0},{"damage":5.0,"enemies":"2 Thieves","floor":19.0,"turns":5.0},{"damage":8.0,"enemies":"Centurion and Healer","floor":21.0,"turns":5.0},{"damage":0.0,"enemies":"Sentry and Sphere","floor":22.0,"turns":8.0},{"damage":3.0,"enemies":"Gremlin Leader","floor":24.0,"turns":7.0},{"damage":2.0,"enemies":"Book of Stabbing","floor":28.0,"turns":7.0},{"damage":1.0,"enemies":"Slavers","floor":30.0,"turns":5.0},{"damage":12.0,"enemies":"Collector","floor":33.0,"turns":10.0},{"damage":0.0,"enemies":"Orb Walker","floor":35.0,"turns":2.0},{"damage":0.0,"enemies":"3 Shapes","floor":36.0,"turns":5.0},{"damage":3.0,"enemies":"Jaw Worm Horde","floor":37.0,"turns":6.0},{"damage":9.0,"enemies":"Nemesis","floor":40.0,"turns":9.0},{"damage":1.0,"enemies":"2 Orb Walkers","floor":41.0,"turns":7.0},{"damage":0.0,"enemies":"Sphere and 2 Shapes","floor":44.0,"turns":3.0},{"damage":0.0,"enemies":"Reptomancer","floor":46.0,"turns":8.0},{"damage":0.0,"enemies":"Writhing Mass","floor":47.0,"turns":7.0},{"damage":0.0,"enemies":"Nemesis","floor":48.0,"turns":9.0},{"damage":15,"enemies":"Time Eater","floor":50,"turns":17},{"damage":2,"enemies":"Donu and Deca","floor":51,"turns":13},{"damage":0,"enemies":"Shield and Spear","floor":55,"turns":7},{"damage":9,"enemies":"The Heart","floor":56,"turns":11}],"seed_played":"5015180442999164249","potions_obtained":[{"floor":2.0,"key":"SpeedPotion"},{"floor":3.0,"key":"Regen Potion"},{"floor":8.0,"key":"Fire Potion"},{"floor":21.0,"key":"SpeedPotion"},{"floor":40.0,"key":"SkillPotion"},{"floor":46.0,"key":"GhostInAJar"}],"is_trial":false,"path_per_floor":["M","M","M","$","M","E","R","M","T","$","M","E","R","M","R","B",null,"M","M","$","M","M","R","E","?","T","R","E","T","E","?","R","B",null,"M","M","M","$","?","E","?","R","T","M","R","E","M","E","R","B","B",null,"R","$","E","B",null],"character_chosen":"THE_SILENT","items_purchased":["Predator","Membership Card","Meat on the Bone","Wraith Form v2","Night Terror","Noxious Fumes","Snake Skull","Centennial Puzzle","Frozen Eye"],"campfire_rested":1,"item_purchase_floors":[4,10,10,10,20,38,54,54,54],"current_hp_per_floor":[53,53,53,53,49,37,37,26,26,26,38,41,41,44,44,36,59,46,41,41,45,45,45,42,42,42,61,59,59,58,58,58,54,63,63,63,60,60,60,51,50,50,50,50,50,50,50,50,50,51,64,66,66,66,66,57],"gold":116,"neow_bonus":"BOSS_RELIC","is_prod":false,"is_daily":false,"chose_seed":false,"campfire_upgraded":8,"win_rate":0,"timestamp":1553955012,"path_taken":["M","M","M","$","M","E","R","M","T","$","M","E","R","?","R","BOSS","M","M","$","M","M","R","E","?","T","R","E","?","E","?","R","BOSS","M","M","M","?","?","E","?","R","T","M","R","E","M","E","R","BOSS","BOSS","R","$","E","BOSS"],"build_version":"2019-01-23","purchased_purges":2,"victory":true,"max_hp_per_floor":[66,66,66,66,66,66,66,66,66,66,66,66,66,66,66,66,66,66,66,66,66,66,66,66,66,66,66,66,66,66,66,66,66,66,66,66,66,66,66,66,66,66,66,66,66,66,66,66,66,66,66,66,66,66,66,66],"card_choices":[{"not_picked":["Underhanded Strike","Blade Dance"],"picked":"Predator","floor":1.0},{"not_picked":["Prepared","Masterful Stab"],"picked":"Acrobatics","floor":2.0},{"not_picked":["Outmaneuver","Bane","Slice"],"picked":"SKIP","floor":3.0},{"not_picked":["Flying Knee","Flechettes"],"picked":"Underhanded Strike","floor":5.0},{"not_picked":["Flying Knee","Heel Hook","Calculated Gamble"],"picked":"SKIP","floor":6.0},{"not_picked":["Flying Knee","Heel Hook","Calculated Gamble"],"picked":"SKIP","floor":6.0},{"not_picked":["Outmaneuver","Escape Plan"],"picked":"Reflex","floor":8.0},{"not_picked":["Masterful Stab","Expertise"],"picked":"Footwork","floor":11.0},{"not_picked":["Sucker Punch","Flechettes"],"picked":"PiercingWail","floor":12.0},{"not_picked":["Expertise","Sucker Punch"],"picked":"Dodge and Roll","floor":14.0},{"not_picked":["Night Terror","Burst"],"picked":"Envenom","floor":16.0},{"not_picked":["Slice","Dagger Throw"],"picked":"Backflip","floor":18.0},{"not_picked":["Predator","Deadly Poison"],"picked":"Crippling Poison+1","floor":19.0},{"not_picked":["Cloak And Dagger","Outmaneuver+1"],"picked":"PiercingWail","floor":21.0},{"not_picked":["Bane","Quick Slash","Dagger Throw"],"picked":"SKIP","floor":22.0},{"not_picked":["Bane","Quick Slash","Dagger Throw"],"picked":"SKIP","floor":22.0},{"not_picked":["Quick Slash+1","Prepared"],"picked":"Bullet Time","floor":24.0},{"not_picked":["Setup","Slice"],"picked":"Die Die Die","floor":28.0},{"not_picked":["Dagger Spray","Poisoned Stab"],"picked":"PiercingWail+1","floor":30.0},{"not_picked":["Envenom","Malaise"],"picked":"After Image","floor":33.0},{"not_picked":["Underhanded Strike+1","Outmaneuver"],"picked":"Blur","floor":35.0},{"not_picked":["Deadly Poison","Poisoned Stab+1"],"picked":"PiercingWail","floor":36.0},{"not_picked":["Distraction","Calculated Gamble"],"picked":"PiercingWail","floor":37.0},{"not_picked":["Acrobatics","Bane+1"],"picked":"Dash+1","floor":40.0},{"not_picked":["Slice+1","Finisher","Masterful Stab"],"picked":"SKIP","floor":41.0},{"not_picked":["Acrobatics+1","Flying Knee","Slice+1"],"picked":"SKIP","floor":44.0},{"not_picked":["Quick Slash","Sucker Punch"],"picked":"Dodge and Roll+1","floor":46.0},{"not_picked":["Heel Hook","Dagger Throw"],"picked":"Blade Dance+1","floor":47.0},{"not_picked":["Tools of the Trade","Blur+1","Crippling Poison+1"],"picked":"SKIP","floor":48.0},{"not_picked":["Poisoned Stab+1","Doppelganger"],"picked":"Flechettes+1","floor":55}],"player_experience":958683,"relics_obtained":[{"floor":6.0,"key":"Old Coin"},{"floor":9.0,"key":"Vajra"},{"floor":12.0,"key":"Bronze Scales"},{"floor":24.0,"key":"Anchor"},{"floor":26.0,"key":"Art of War"},{"floor":28.0,"key":"Pen Nib"},{"floor":29.0,"key":"Du-Vu Doll"},{"floor":30.0,"key":"Pantograph"},{"floor":40.0,"key":"Happy Flower"},{"floor":41.0,"key":"Torii"},{"floor":46.0,"key":"Kunai"},{"floor":48.0,"key":"War Paint"},{"floor":55,"key":"Oddly Smooth Stone"}],"event_choices":[{"damage_healed":0.0,"max_hp_gain":0.0,"max_hp_loss":0.0,"gold_gain":0.0,"event_name":"Beggar","player_choice":"Ignored","floor":25.0,"gold_loss":0.0,"damage_taken":0.0},{"damage_healed":0.0,"max_hp_gain":0.0,"max_hp_loss":0.0,"gold_gain":0.0,"event_name":"Upgrade Shrine","player_choice":"Upgraded","floor":31.0,"gold_loss":0.0,"damage_taken":0.0,"cards_upgraded":["Neutralize"]},{"damage_healed":0.0,"max_hp_gain":0.0,"max_hp_loss":0.0,"gold_gain":0.0,"event_name":"SensoryStone","player_choice":"Memory 1","floor":39.0,"gold_loss":0.0,"damage_taken":0.0},{"damage_healed":0.0,"max_hp_gain":0.0,"max_hp_loss":0.0,"gold_gain":0.0,"event_name":"Mysterious Sphere","player_choice":"Fight","floor":41.0,"gold_loss":0.0,"damage_taken":0.0}],"is_beta":false,"boss_relics":[{"not_picked":["Tiny House","WristBlade"],"picked":"Runic Pyramid"},{"not_picked":["White Beast Statue","Lizard Tail"],"picked":"Snecko Eye"}],"items_purged_floors":[38,54],"is_endless":false,"potions_floor_spawned":[2,3,8,11,12,21,22,28,40,41,46,48],"ascension_level":20}