{"gold_per_floor":[13,23,23,42,60,60,94,94,94,94,110,110,141,13,13,138,138,162,185,185],"floor_reached":20,"playtime":1207,"items_purged":["Injury"],"score":248,"play_id":"4401a438-5b44-4052-84dd-4803341fb9ed","local_time":"20190501021313","is_ascension_mode":true,"campfire_choices":[{"data":"Neutralize","floor":6,"key":"SMITH"},{"floor":10,"key":"REST"},{"data":"Blade Dance","floor":12,"key":"SMITH"},{"floor":15,"key":"REST"}],"neow_cost":"NO_GOLD","seed_source_timestamp":685219721795583,"circlet_count":0,"master_deck":["Defend_G","Defend_G","Defend_G","Defend_G","Defend_G","Strike_G","Strike_G","Strike_G","Strike_G","Survivor","Neutralize+1","Poisoned Stab","Flying Knee","Deadly Poison","Blade Dance+1","Infinite Blades","Backflip","Wraith Form v2","Footwork","Acrobatics","Blade Dance","Catalyst"],"relics":["Ring of the Snake","Ginger","Vajra","Golden Idol","Kunai","Turnip","Orrery"],"potions_floor_usage":[7,7,7,13,18,18,18],"damage_taken":[{"damage":1,"enemies":"2 Louse","floor":1,"turns":2},{"damage":7,"enemies":"Jaw Worm","floor":2,"turns":9},{"damage":0,"enemies":"Small Slimes","floor":4,"turns":3},{"damage":2,"enemies":"3 Louse","floor":5,"turns":4},{"damage":23,"enemies":"Lagavulin","floor":7,"turns":7},{"damage":0,"enemies":"2 Fungi Beasts","floor":11,"turns":3},{"damage":12,"enemies":"Gremlin Nob","floor":13,"turns":3},{"damage":34,"enemies":"Slime Boss","floor":16,"turns":11},{"damage":33,"enemies":"2 Thieves","floor":18,"turns":4},{"damage":15,"enemies":"Spheric Guardian","floor":19,"turns":6},{"damage":21,"enemies":"Masked Bandits","floor":20,"turns":3}],"seed_played":"-4919617141284033744","potions_obtained":[{"floor":2,"key":"Energy Potion"},{"floor":5,"key":"EntropicBrew"},{"floor":11,"key":"Dexterity Potion"},{"floor":13,"key":"Block Potion"},{"floor":16,"key":"Regen Potion"}],"is_trial":false,"path_per_floor":["M","M","?","M","M","R","E","?","T","R","M","R","E","$","R","B",null,"M","M","?"],"character_chosen":"THE_SILENT","items_purchased":["Backflip"],"campfire_rested":2,"item_purchase_floors":[14],"current_hp_per_floor":[62,55,48,48,46,46,23,23,23,44,44,44,32,32,53,19,57,36,21,0],"gold":185,"neow_bonus":"ONE_RARE_RELIC","is_prod":false,"is_daily":false,"chose_seed":false,"campfire_upgraded":2,"win_rate":0,"timestamp":1556673193,"path_taken":["M","M","?","M","M","R","E","?","T","R","M","R","E","$","R","BOSS","M","M","?"],"build_version":"2019-01-23","purchased_purges":1,"victory":false,"max_hp_per_floor":[70,70,70,70,70,70,70,70,70,70,70,70,70,70,70,70,70,70,70,70],"card_choices":[{"not_picked":["Acrobatics","Outmaneuver","Dagger Throw"],"picked":"SKIP","floor":1},{"not_picked":["Flying Knee","Choke"],"picked":"Poisoned Stab","floor":2},{"not_picked":["Blade Dance","Cloak And Dagger"],"picked":"Flying Knee","floor":4},{"not_picked":["Choke","Prepared","Burst"],"picked":"SKIP","floor":5},{"not_picked":["Bane","Escape Plan"],"picked":"Deadly Poison","floor":7},{"not_picked":["Dagger Spray","Deflect"],"picked":"Blade Dance","floor":11},{"not_picked":["Dodge and Roll","Acrobatics"],"picked":"Infinite Blades","floor":13},{"not_picked":["Tools of the Trade","Burst"],"picked":"Wraith Form v2","floor":16},{"not_picked":["Riddle With Holes","Reflex"],"picked":"Footwork","floor":17},{"not_picked":["Predator","Cloak And Dagger"],"picked":"Acrobatics","floor":17},{"not_picked":["Calculated Gamble","Flying Knee"],"picked":"Blade Dance","floor":17},{"not_picked":["Flying Knee","Skewer","Cloak And Dagger+1"],"picked":"SKIP","floor":18},{"not_picked":["Endless Agony+1","Distraction"],"picked":"Catalyst","floor":19}],"player_experience":571576,"relics_obtained":[{"floor":7,"key":"Vajra"},{"floor":9,"key":"Kunai"},{"floor":13,"key":"Turnip"}],"event_choices":[{"cards_removed":["Strike_G"],"damage_healed":0,"gold_gain":0,"player_choice":"Card Removal","damage_taken":7,"max_hp_gain":0,"max_hp_loss":0,"event_name":"Golden Wing","floor":3,"gold_loss":0},{"damage_healed":0,"gold_gain":0,"player_choice":"Take Wound","damage_taken":0,"relics_obtained":["Golden Idol"],"max_hp_gain":0,"max_hp_loss":0,"event_name":"Golden Idol","floor":8,"gold_loss":0,"cards_obtained":["Injury"]},{"damage_healed":0,"gold_gain":0,"player_choice":"Fought Bandits","damage_taken":0,"max_hp_gain":0,"max_hp_loss":0,"event_name":"Masked Bandits","floor":20,"gold_loss":0}],"is_beta":false,"boss_relics":[{"not_picked":["Pandora\u0027s Box","Ring of the Serpent"],"picked":"Orrery"}],"items_purged_floors":[14],"is_endless":false,"potions_floor_spawned":[2,5,11,13,16],"killed_by":"Masked Bandits","ascension_level":7}