{"gold_per_floor":[19,39,55,66,78,78,28,28,28,42,53,79,79,106,106,207,207,218,234,246,246,260,260,292,292],"floor_reached":25,"playtime":1703,"items_purged":[],"score":344,"play_id":"7723f07b-b9ef-4ec6-9f95-f95ef52dfc35","local_time":"20190425084628","is_ascension_mode":true,"campfire_choices":[{"data":"True Grit","floor":6,"key":"SMITH"},{"data":"Inflame","floor":8,"key":"SMITH"},{"data":"Armaments","floor":15,"key":"SMITH"},{"data":"Uppercut","floor":23,"key":"SMITH"}],"neow_cost":"NO_GOLD","seed_source_timestamp":347353394193228,"circlet_count":0,"master_deck":["Strike_R","Strike_R","Strike_R","Strike_R","Defend_R","Defend_R","Defend_R","Defend_R","Bash","Thinking Ahead","Dramatic Entrance","Corruption","Carnage","True Grit+1","Inflame+1","Fiend Fire","Armaments+1","Uppercut+1","Double Tap","Pummel","Inflame","Power Through","Heavy Blade+1","Shrug It Off","Flame Barrier","Iron Wave+1","Ghostly Armor+1"],"relics":["Burning Blood","Bag of Preparation","Smiling Mask","Kunai","Orrery","PreservedInsect","Darkstone Periapt"],"potions_floor_usage":[12,12,16,16,25],"damage_taken":[{"damage":1,"enemies":"Cultist","floor":1,"turns":3},{"damage":7,"enemies":"Jaw Worm","floor":2,"turns":5},{"damage":0,"enemies":"2 Louse","floor":3,"turns":3},{"damage":4,"enemies":"Blue Slaver","floor":4,"turns":3},{"damage":1,"enemies":"Gremlin Gang","floor":5,"turns":4},{"damage":11,"enemies":"Lots of Slimes","floor":10,"turns":4},{"damage":0,"enemies":"Large Slime","floor":11,"turns":5},{"damage":9,"enemies":"Lagavulin","floor":12,"turns":5},{"damage":16,"enemies":"Gremlin Nob","floor":14,"turns":3},{"damage":4,"enemies":"Slime Boss","floor":16,"turns":5},{"damage":12,"enemies":"Shell Parasite","floor":18,"turns":5},{"damage":20,"enemies":"Spheric Guardian","floor":19,"turns":4},{"damage":8,"enemies":"3 Cultists","floor":20,"turns":7},{"damage":24,"enemies":"Sentry and Sphere","floor":22,"turns":6},{"damage":26,"enemies":"Gremlin Leader","floor":24,"turns":6},{"damage":36,"enemies":"Shelled Parasite and Fungi","floor":25,"turns":4}],"seed_played":"6627597335265213079","potions_obtained":[{"floor":3,"key":"AttackPotion"},{"floor":4,"key":"Energy Potion"},{"floor":10,"key":"Explosive Potion"},{"floor":12,"key":"SpeedPotion"},{"floor":14,"key":"AttackPotion"},{"floor":18,"key":"Weak Potion"}],"is_trial":false,"path_per_floor":["M","M","M","M","M","R","?","R","T","M","M","E","?","E","R","B",null,"M","M","M","?","M","R","E","M"],"character_chosen":"IRONCLAD","items_purchased":[],"campfire_rested":0,"item_purchase_floors":[],"current_hp_per_floor":[77,76,80,80,80,80,80,80,80,75,80,77,82,72,72,74,82,76,62,60,60,42,42,22,0],"gold":292,"neow_bonus":"RANDOM_COLORLESS_2","is_prod":false,"is_daily":false,"chose_seed":false,"campfire_upgraded":4,"win_rate":0,"timestamp":1556207188,"path_taken":["M","?","M","M","M","R","?","R","T","M","M","E","?","E","R","BOSS","M","M","M","?","M","R","E","M"],"build_version":"2019-01-23","purchased_purges":0,"victory":false,"max_hp_per_floor":[80,80,80,80,80,80,80,80,80,80,80,80,85,85,85,85,85,85,85,85,85,85,85,85,85],"card_choices":[{"not_picked":["Flex","Armaments"],"picked":"Corruption","floor":1},{"not_picked":["Searing Blow","Hemokinesis"],"picked":"Carnage","floor":2},{"not_picked":["Dual Wield","Clothesline"],"picked":"True Grit","floor":3},{"not_picked":["Havoc","Perfected Strike","Body Slam"],"picked":"SKIP","floor":4},{"not_picked":["Armaments","Perfected Strike"],"picked":"Inflame","floor":5},{"not_picked":["Fire Breathing","Cleave"],"picked":"Fiend Fire","floor":10},{"not_picked":["Blood for Blood","Flex"],"picked":"Armaments","floor":11},{"not_picked":["Fiend Fire","Reckless Charge","Anger"],"picked":"SKIP","floor":12},{"not_picked":["Iron Wave","Body Slam"],"picked":"Uppercut","floor":14},{"not_picked":["Juggernaut","Immolate"],"picked":"Double Tap","floor":16},{"not_picked":["Cleave","True Grit"],"picked":"Pummel","floor":17},{"not_picked":["Dropkick","Evolve"],"picked":"Inflame","floor":17},{"not_picked":["Thunderclap","Cleave"],"picked":"Power Through","floor":17},{"not_picked":["Anger","Wild Strike+1"],"picked":"Heavy Blade+1","floor":18},{"not_picked":["Perfected Strike","Body Slam"],"picked":"Shrug It Off","floor":19},{"not_picked":["Thunderclap","Clash"],"picked":"Flame Barrier","floor":20},{"not_picked":["Rampage","Carnage"],"picked":"Iron Wave+1","floor":22},{"not_picked":["Immolate","Blood for Blood"],"picked":"Ghostly Armor+1","floor":24}],"player_experience":352279,"relics_obtained":[{"floor":9,"key":"Bag of Preparation"},{"floor":12,"key":"Smiling Mask"},{"floor":14,"key":"Kunai"},{"floor":21,"key":"PreservedInsect"},{"floor":24,"key":"Darkstone Periapt"}],"event_choices":[{"cards_removed":["Strike_R"],"damage_healed":0,"gold_gain":0,"player_choice":"Card Removal","damage_taken":0,"max_hp_gain":0,"max_hp_loss":0,"event_name":"The Cleric","floor":7,"gold_loss":50},{"damage_healed":0,"gold_gain":0,"player_choice":"Donut","damage_taken":0,"max_hp_gain":5,"max_hp_loss":0,"event_name":"Big Fish","floor":13,"gold_loss":0},{"damage_healed":0,"gold_gain":0,"player_choice":"Relic","damage_taken":0,"max_hp_gain":0,"max_hp_loss":0,"event_name":"Wheel of Change","floor":21,"gold_loss":0}],"is_beta":false,"boss_relics":[{"not_picked":["Runic Dome","White Beast Statue"],"picked":"Orrery"}],"items_purged_floors":[],"is_endless":false,"potions_floor_spawned":[3,4,10,12,14,18],"killed_by":"Shelled Parasite and Fungi","ascension_level":9}