{"gold_per_floor":[118,39,49,49,124,159,176,13,13,32,32,43,95,120,120,199,199,210,260,260,275,200,200,213,213,237,237,262,274,274,174,174,252,252,269,281,292,304,318,318,328,341,366,385,405,405,431,431,431,431],"floor_reached":51,"playtime":2854,"items_purged":["Strike_R","Strike_R"],"score":1544,"play_id":"048805b9-a062-41e0-b6a2-372e0f269d11","local_time":"20190218070258","is_ascension_mode":true,"campfire_choices":[{"data":"Body Slam","floor":11.0,"key":"SMITH"},{"data":"Immolate","floor":15.0,"key":"SMITH"},{"data":"Barricade","floor":23.0,"key":"SMITH"},{"data":"Disarm","floor":25.0,"key":"SMITH"},{"data":"Metallicize","floor":27.0,"key":"SMITH"},{"data":"Metallicize","floor":32.0,"key":"SMITH"},{"floor":46.0,"key":"REST"},{"data":"Body Slam","floor":49.0,"key":"SMITH"}],"neow_cost":"NONE","seed_source_timestamp":69039851644732,"circlet_count":0,"master_deck":["AscendersBane","Strike_R","Strike_R","Strike_R+1","Defend_R","Defend_R+1","Defend_R","Defend_R","Bash+1","Disarm+1","Battle Trance+1","Shrug It Off","Iron Wave","Body Slam+1","Immolate+1","Metallicize+1","Shrug It Off+1","Shrug It Off+1","Barricade+1","Ghostly Armor+1","Shrug It Off+1","Metallicize+1","Shrug It Off+1","Impervious+1","Entrench+1","Body Slam+1"],"special_seed":0,"relics":["Burning Blood","NeowsBlessing","Toxic Egg 2","Pear","Oddly Smooth Stone","Gremlin Horn","Philosopher\u0027s Stone","Whetstone","War Paint","Black Star","Pen Nib","Happy Flower","Paper Frog"],"potions_floor_usage":[50],"damage_taken":[{"damage":0.0,"enemies":"Small Slimes","floor":1.0,"turns":1.0},{"damage":0.0,"enemies":"Jaw Worm","floor":3.0,"turns":1.0},{"damage":0.0,"enemies":"Lagavulin","floor":6.0,"turns":2.0},{"damage":1.0,"enemies":"Cultist","floor":7.0,"turns":4.0},{"damage":8.0,"enemies":"Blue Slaver","floor":10.0,"turns":6.0},{"damage":20.0,"enemies":"Exordium Thugs","floor":12.0,"turns":4.0},{"damage":36.0,"enemies":"Gremlin Nob","floor":14.0,"turns":5.0},{"damage":2.0,"enemies":"Slime Boss","floor":16.0,"turns":11.0},{"damage":0.0,"enemies":"Chosen","floor":18.0,"turns":7.0},{"damage":20.0,"enemies":"2 Thieves","floor":21.0,"turns":4.0},{"damage":5.0,"enemies":"Centurion and Healer","floor":24.0,"turns":6.0},{"damage":4.0,"enemies":"Gremlin Leader","floor":28.0,"turns":5.0},{"damage":0.0,"enemies":"Snecko","floor":29.0,"turns":7.0},{"damage":23.0,"enemies":"Collector","floor":33.0,"turns":15.0},{"damage":5.0,"enemies":"3 Shapes","floor":35.0,"turns":3.0},{"damage":1.0,"enemies":"Orb Walker","floor":36.0,"turns":4.0},{"damage":5.0,"enemies":"Sphere and 2 Shapes","floor":37.0,"turns":6.0},{"damage":21.0,"enemies":"Writhing Mass","floor":38.0,"turns":7.0},{"damage":0.0,"enemies":"Maw","floor":39.0,"turns":7.0},{"damage":0.0,"enemies":"Giant Head","floor":40.0,"turns":1.0},{"damage":38.0,"enemies":"Jaw Worm Horde","floor":41.0,"turns":8.0},{"damage":2.0,"enemies":"Sphere and 2 Shapes","floor":42.0,"turns":6.0},{"damage":29.0,"enemies":"Transient","floor":44.0,"turns":6.0},{"damage":11.0,"enemies":"Spire Growth","floor":45.0,"turns":8.0},{"damage":0.0,"enemies":"Nemesis","floor":47.0,"turns":7.0},{"damage":23,"enemies":"Donu and Deca","floor":50,"turns":10}],"seed_played":"1165159003425211829","potions_obtained":[{"floor":1.0,"key":"Swift Potion"},{"floor":10.0,"key":"FearPotion"},{"floor":14.0,"key":"Strength Potion"},{"floor":24.0,"key":"Weak Potion"},{"floor":28.0,"key":"Energy Potion"},{"floor":33.0,"key":"Fruit Juice"},{"floor":37.0,"key":"PowerPotion"},{"floor":38.0,"key":"SmokeBomb"},{"floor":39.0,"key":"LiquidBronze"},{"floor":41.0,"key":"Explosive Potion"},{"floor":45.0,"key":"FearPotion"},{"floor":47.0,"key":"Regen Potion"}],"is_trial":false,"path_per_floor":["M","$","M","?","?","E","M","$","T","M","R","M","T","E","R","B",null,"M","?","$","M","$","R","M","R","T","R","E","M","?","$","R","B",null,"M","M","M","M","M","E","M","M","T","M","M","R","E","?","R","B",null],"character_chosen":"IRONCLAD","items_purchased":["Battle Trance","Immolate","Metallicize"],"campfire_rested":1,"item_purchase_floors":[2,8,8],"current_hp_per_floor":[74,74,75,75,64,70,75,75,85,83,83,69,69,39,39,43,75,81,73,73,59,59,59,60,60,60,60,62,68,68,68,68,51,77,83,88,89,74,80,86,54,58,58,35,30,57,63,63,63,61],"gold":431,"neow_bonus":"THREE_ENEMY_KILL","is_prod":false,"is_daily":false,"chose_seed":false,"campfire_upgraded":7,"win_rate":0,"timestamp":1550494978,"path_taken":["M","$","M","?","?","E","M","?","T","M","R","?","?","E","R","BOSS","M","?","?","M","$","R","M","R","T","R","E","M","?","$","R","BOSS","M","M","?","M","M","E","M","M","T","M","M","R","E","?","R","BOSS"],"build_version":"2019-01-23","purchased_purges":2,"victory":true,"max_hp_per_floor":[75,75,75,75,75,75,75,75,85,85,85,85,85,85,85,85,85,85,85,85,85,85,85,85,85,85,85,85,85,85,85,85,85,85,90,90,90,90,90,90,90,90,90,90,90,90,90,85,85,85],"card_choices":[{"not_picked":["Armaments","Body Slam"],"picked":"Disarm","floor":1.0},{"not_picked":["Clothesline","Evolve"],"picked":"Shrug It Off","floor":3.0},{"not_picked":["Heavy Blade","Battle Trance"],"picked":"Iron Wave","floor":6.0},{"not_picked":["Dual Wield+1","Pommel Strike"],"picked":"Body Slam","floor":7.0},{"not_picked":["Thunderclap","Heavy Blade"],"picked":"Shrug It Off+1","floor":10.0},{"not_picked":["Flex+1","Whirlwind"],"picked":"Shrug It Off+1","floor":12.0},{"not_picked":["Evolve","Twin Strike","Intimidate+1"],"picked":"SKIP","floor":14.0},{"not_picked":["Juggernaut","Bludgeon"],"picked":"Barricade","floor":16.0},{"not_picked":["Pummel","Flex+1","Cleave"],"picked":"SKIP","floor":18.0},{"not_picked":["Havoc+1","Headbutt"],"picked":"Ghostly Armor+1","floor":21.0},{"not_picked":["Dropkick","Thunderclap"],"picked":"Shrug It Off+1","floor":24.0},{"not_picked":["Rage+1","Pommel Strike"],"picked":"Metallicize","floor":28.0},{"not_picked":["Armaments+1","Cleave"],"picked":"Shrug It Off+1","floor":29.0},{"not_picked":["Double Tap+1","Dark Embrace"],"picked":"Impervious+1","floor":33.0},{"not_picked":["Armaments+1","Warcry+1","Shrug It Off+1"],"picked":"SKIP","floor":35.0},{"not_picked":["Twin Strike","Clothesline","Pommel Strike"],"picked":"SKIP","floor":36.0},{"not_picked":["Thunderclap","Spot Weakness+1"],"picked":"Entrench+1","floor":37.0},{"not_picked":["Perfected Strike","Inflame"],"picked":"Body Slam","floor":38.0},{"not_picked":["Warcry+1","Feed","Pummel"],"picked":"SKIP","floor":39.0},{"not_picked":["Warcry+1","Twin Strike","Cleave"],"picked":"SKIP","floor":41.0},{"not_picked":["Heavy Blade","Blood for Blood","Shrug It Off+1"],"picked":"SKIP","floor":42.0},{"not_picked":["Sentinel+1","Heavy Blade","Shrug It Off+1"],"picked":"SKIP","floor":44.0},{"not_picked":["Metallicize","Havoc+1","Heavy Blade"],"picked":"SKIP","floor":45.0},{"not_picked":["Spot Weakness+1","Reckless Charge","Pommel Strike"],"picked":"SKIP","floor":47.0}],"player_experience":613550,"relics_obtained":[{"floor":6.0,"key":"Toxic Egg 2"},{"floor":9.0,"key":"Pear"},{"floor":13.0,"key":"Oddly Smooth Stone"},{"floor":14.0,"key":"Gremlin Horn"},{"floor":26.0,"key":"Whetstone"},{"floor":28.0,"key":"War Paint"},{"floor":43.0,"key":"Pen Nib"},{"floor":47.0,"key":"Happy Flower"},{"floor":47.0,"key":"Paper Frog"}],"event_choices":[{"damage_healed":0.0,"max_hp_gain":0.0,"max_hp_loss":0.0,"gold_gain":0.0,"event_name":"The Cleric","player_choice":"Leave","floor":4.0,"gold_loss":0.0,"damage_taken":0.0},{"damage_healed":0.0,"max_hp_gain":0.0,"max_hp_loss":0.0,"gold_gain":75.0,"event_name":"World of Goop","player_choice":"Gather Gold","floor":5.0,"gold_loss":0.0,"damage_taken":11.0},{"damage_healed":0.0,"max_hp_gain":0.0,"max_hp_loss":0.0,"gold_gain":50.0,"event_name":"FaceTrader","player_choice":"Touch","floor":19.0,"gold_loss":0.0,"damage_taken":8.0},{"damage_healed":0.0,"max_hp_gain":0.0,"max_hp_loss":0.0,"gold_gain":0.0,"event_name":"N\u0027loth","player_choice":"Ignored","floor":30.0,"gold_loss":0.0,"damage_taken":0.0},{"damage_healed":0.0,"max_hp_gain":0.0,"max_hp_loss":5.0,"gold_gain":0.0,"event_name":"Winding Halls","player_choice":"Max HP","floor":48.0,"gold_loss":0.0,"damage_taken":0.0}],"is_beta":false,"boss_relics":[{"not_picked":["White Beast Statue","Snecko Eye"],"picked":"Philosopher\u0027s Stone"},{"not_picked":["Tiny House","Runic Pyramid"],"picked":"Black Star"}],"items_purged_floors":[22,31],"is_endless":false,"potions_floor_spawned":[1,10,14,24,28,33,37,38,39,41,45,47],"ascension_level":19}