{"gold_per_floor":[99,99,99,99,99,99,99,99,99,99,99,99,99,99,99,99,99,99,14,14,14,14,14,14,14,14,14,14,14,14,14,14,14,14,14,14,14,14,14,14,14,14,14,14,14,0,0,0,0,0],"floor_reached":51,"playtime":2903,"items_purged":[],"score":926,"play_id":"2132a94a-ac48-406e-bd1c-195deefe9d59","local_time":"20180921170731","is_ascension_mode":true,"campfire_choices":[{"data":"Envenom","floor":8.0,"key":"SMITH"},{"data":"Neutralize","floor":12.0,"key":"SMITH"},{"data":"Footwork","floor":15.0,"key":"SMITH"},{"floor":23.0,"key":"REST"},{"floor":25.0,"key":"REST"},{"floor":32.0,"key":"REST"},{"floor":40.0,"key":"REST"},{"floor":42.0,"key":"REST"},{"floor":47.0,"key":"REST"},{"floor":49,"key":"REST"}],"neow_cost":"NONE","seed_source_timestamp":232468884415348,"circlet_count":0,"master_deck":["Defend_G","Defend_G","Defend_G","Defend_G","Defend_G","Strike_G","Strike_G","Survivor","Neutralize+1","Footwork+1","Dagger Spray","Injury","Envenom+1","Sucker Punch","Leg Sweep","Escape Plan","Noxious Fumes","Envenom","Heel Hook+1","Caltrops+1","Backflip","Bane+1","Caltrops+1","Burst","Prepared+1","Backstab+1","Burst+1","Mayhem","Dagger Spray+1","Backflip","Adrenaline"],"special_seed":0,"relics":["Ectoplasm","Blood Vial","Golden Idol","Bronze Scales","Singing Bowl","Molten Egg 2","Nunchaku","Sozu","Juzu Bracelet","Bottled Flame","Anchor","Lantern","Astrolabe","Boot","Mango","Red Mask"],"potions_floor_usage":[],"damage_taken":[{"damage":4.0,"enemies":"Cultist","floor":1.0,"turns":5.0},{"damage":2.0,"enemies":"Jaw Worm","floor":4.0,"turns":6.0},{"damage":0.0,"enemies":"Small Slimes","floor":6.0,"turns":3.0},{"damage":12.0,"enemies":"3 Sentries","floor":7.0,"turns":10.0},{"damage":13.0,"enemies":"Lagavulin","floor":10.0,"turns":8.0},{"damage":2.0,"enemies":"Blue Slaver","floor":11.0,"turns":3.0},{"damage":17.0,"enemies":"Gremlin Nob","floor":13.0,"turns":4.0},{"damage":1.0,"enemies":"Large Slime","floor":14.0,"turns":7.0},{"damage":2.0,"enemies":"Hexaghost","floor":16.0,"turns":9.0},{"damage":21.0,"enemies":"3 Byrds","floor":18.0,"turns":3.0},{"damage":18.0,"enemies":"Spheric Guardian","floor":20.0,"turns":6.0},{"damage":0.0,"enemies":"Colosseum Slavers","floor":21.0,"turns":1.0},{"damage":32.0,"enemies":"Gremlin Leader","floor":24.0,"turns":7.0},{"damage":21.0,"enemies":"Book of Stabbing","floor":27.0,"turns":5.0},{"damage":8.0,"enemies":"Snecko","floor":28.0,"turns":7.0},{"damage":28.0,"enemies":"Automaton","floor":33.0,"turns":10.0},{"damage":20.0,"enemies":"Orb Walker","floor":35.0,"turns":5.0},{"damage":22.0,"enemies":"3 Darklings","floor":39.0,"turns":6.0},{"damage":2.0,"enemies":"Mind Bloom Boss Battle","floor":44.0,"turns":6.0},{"damage":21.0,"enemies":"Spire Growth","floor":45.0,"turns":7.0},{"damage":8,"enemies":"Reptomancer","floor":48,"turns":7},{"damage":80,"enemies":"Time Eater","floor":50,"turns":11}],"seed_played":"1940827194957585738","potions_obtained":[{"floor":6.0,"key":"SmokeBomb"},{"floor":13.0,"key":"Dexterity Potion"},{"floor":14.0,"key":"Strength Potion"},{"floor":16.0,"key":"SkillPotion"}],"is_trial":false,"path_per_floor":["M","T","?","M","?","M","E","R","T","E","M","R","E","M","R","B",null,"M","?","M","?","$","R","E","R","T","E","M","$","?","?","R","B",null,"M","?","?","$","M","R","$","R","T","?","M","?","R","M","R","B"],"character_chosen":"THE_SILENT","items_purchased":[],"campfire_rested":7,"item_purchase_floors":[],"current_hp_per_floor":[59,59,59,59,59,61,51,51,51,40,40,40,27,28,28,28,61,42,42,26,28,28,49,19,40,40,23,17,17,17,17,39,13,59,43,35,35,35,15,38,38,61,61,77,58,58,86,80,94,14],"gold":0,"neow_bonus":"BOSS_RELIC","is_prod":false,"is_daily":false,"chose_seed":false,"campfire_upgraded":3,"win_rate":0,"timestamp":1537564051,"path_taken":["M","?","?","M","?","M","E","R","T","E","?","R","E","M","R","BOSS","M","?","M","?","$","R","E","R","T","E","M","?","?","?","R","BOSS","M","?","?","?","M","R","$","R","T","?","M","?","R","M","R","BOSS"],"build_version":"2018-09-20","purchased_purges":0,"victory":true,"max_hp_per_floor":[70,70,70,70,70,70,70,70,70,70,70,70,72,72,72,72,72,72,72,72,72,72,72,72,72,72,74,74,74,74,74,74,74,74,76,78,78,78,78,78,78,78,78,94,94,94,94,94,94,94],"card_choices":[{"not_picked":["Backflip","PiercingWail"],"picked":"Footwork","floor":1.0},{"not_picked":["Cloak And Dagger","Quick Slash"],"picked":"Dagger Spray","floor":4.0},{"not_picked":["Dagger Spray","Distraction"],"picked":"Envenom","floor":6.0},{"not_picked":["Unload","Blade Dance"],"picked":"Sucker Punch","floor":7.0},{"not_picked":["Slice","Underhanded Strike"],"picked":"Leg Sweep","floor":10.0},{"not_picked":["Calculated Gamble","Flechettes+1"],"picked":"Escape Plan","floor":11.0},{"not_picked":["Underhanded Strike+1","Flying Knee+1","Grand Finale+1"],"picked":"Singing Bowl","floor":13.0},{"not_picked":["Outmaneuver","Acrobatics"],"picked":"Noxious Fumes","floor":14.0},{"not_picked":["Phantasmal Killer","Die Die Die+1"],"picked":"Envenom","floor":16.0},{"not_picked":["Slice+1","Backflip"],"picked":"Heel Hook+1","floor":18.0},{"not_picked":["Prepared","Deflect+1"],"picked":"Caltrops+1","floor":20.0},{"not_picked":["Skewer+1","Underhanded Strike+1"],"picked":"Backflip","floor":24.0},{"not_picked":["Dagger Throw+1","Glass Knife+1","Reflex"],"picked":"Singing Bowl","floor":27.0},{"not_picked":["Outmaneuver","Predator+1"],"picked":"Bane+1","floor":28.0},{"not_picked":["Grand Finale+1","A Thousand Cuts"],"picked":"Burst","floor":33.0},{"not_picked":["Calculated Gamble+1","Acrobatics+1","Eviscerate+1"],"picked":"Singing Bowl","floor":35.0},{"not_picked":["Sadistic Nature","PanicButton","Deep Breath"],"picked":"Singing Bowl","floor":36.0},{"not_picked":["PanicButton","Discovery"],"picked":"Jack Of All Trades","floor":36.0},{"not_picked":["Trip","Swift Strike+1"],"picked":"Mayhem","floor":36.0},{"not_picked":["Outmaneuver","Predator+1"],"picked":"Dagger Spray+1","floor":39.0},{"not_picked":["Acrobatics","Slice+1","Calculated Gamble"],"picked":"Singing Bowl","floor":44.0},{"not_picked":["Choke+1","Dodge and Roll"],"picked":"Backflip","floor":45.0},{"not_picked":["Poisoned Stab+1","Eviscerate+1"],"picked":"Adrenaline","floor":48}],"player_experience":273654,"relics_obtained":[{"floor":2.0,"key":"Blood Vial"},{"floor":7.0,"key":"Bronze Scales"},{"floor":9.0,"key":"Singing Bowl"},{"floor":10.0,"key":"Molten Egg 2"},{"floor":13.0,"key":"Nunchaku"},{"floor":24.0,"key":"Bottled Flame"},{"floor":26.0,"key":"Anchor"},{"floor":27.0,"key":"Lantern"},{"floor":43.0,"key":"Boot"},{"floor":44.0,"key":"Mango"}],"event_choices":[{"event_name":"The Woman in Blue","player_choice":"Bought 0 Potions","floor":3.0,"damage_taken":0.0},{"event_name":"Golden Idol","player_choice":"Take Wound","floor":5.0,"damage_taken":0.0},{"event_name":"Addict","player_choice":"Obtained Relic","floor":19.0,"damage_taken":0.0},{"event_name":"Colosseum","player_choice":"Fight","floor":21.0,"damage_taken":0.0},{"event_name":"Colosseum","player_choice":"Fled From Nobs","floor":21.0,"damage_taken":0.0},{"event_name":"The Lab","player_choice":"Got Potions","floor":30.0,"damage_taken":0.0},{"event_name":"Duplicator","player_choice":"One dupe","floor":31.0,"damage_taken":0.0},{"event_name":"SensoryStone","player_choice":"Memory 3","floor":36.0,"damage_taken":0.0},{"event_name":"Falling","player_choice":"Removed Skill","floor":37.0,"damage_taken":0.0},{"event_name":"MindBloom","player_choice":"Fight","floor":44.0,"damage_taken":0.0},{"event_name":"Tomb of Lord Red Mask","player_choice":"Paid","floor":46.0,"damage_taken":0.0}],"is_beta":false,"boss_relics":[{"not_picked":["Eternal Feather","Busted Crown"],"picked":"Sozu"},{"not_picked":["WristBlade","Tiny House"],"picked":"Astrolabe"}],"items_purged_floors":[],"is_endless":false,"potions_floor_spawned":[6,13,14,16,20,27,33,35,44,48],"ascension_level":7}