{"gold_per_floor":[115,115,21,31,31,31,50,50,50,50,74,87,106,134,134,211,211,223,203,222,232,243,243,272,272,272,272,287,298,332,345,345,345],"floor_reached":33,"playtime":1907,"items_purged":[],"score":578,"play_id":"b369fee4-df4d-480e-81bc-47059e87a8e2","local_time":"20190411000937","is_ascension_mode":true,"campfire_choices":[{"data":"Self Repair","floor":6.0,"key":"SMITH"},{"data":"Streamline","floor":10.0,"key":"SMITH"},{"data":"Self Repair","floor":15.0,"key":"SMITH"},{"data":"Defragment","floor":23.0,"key":"SMITH"},{"data":"Creative AI","floor":25.0,"key":"SMITH"},{"data":"Reinforced Body","floor":32,"key":"SMITH"}],"neow_cost":"NONE","seed_source_timestamp":89801664938401,"circlet_count":0,"master_deck":["AscendersBane","Strike_B","Strike_B","Strike_B","Strike_B","Defend_B","Defend_B","Defend_B","Defend_B","Zap+1","Dualcast","Cold Snap","Self Repair+1","Sweeping Beam","Streamline+1","Ball Lightning","Steam","Self Repair+1","Creative AI+1","Defragment+1","Ball Lightning","Hyperbeam","Coolheaded+1","Darkness","Reinforced Body+1"],"special_seed":0,"relics":["Coffee Dripper","Singing Bowl","Odd Mushroom","FossilizedHelix","Inserter","Pear","PreservedInsect","Potion Belt"],"potions_floor_usage":[33],"damage_taken":[{"damage":7.0,"enemies":"Jaw Worm","floor":1.0,"turns":3.0},{"damage":4.0,"enemies":"2 Louse","floor":4.0,"turns":4.0},{"damage":2.0,"enemies":"Small Slimes","floor":7.0,"turns":4.0},{"damage":7.0,"enemies":"The Mushroom Lair","floor":11.0,"turns":4.0},{"damage":12.0,"enemies":"Exordium Wildlife","floor":12.0,"turns":3.0},{"damage":8.0,"enemies":"Blue Slaver","floor":13.0,"turns":3.0},{"damage":25.0,"enemies":"Lagavulin","floor":14.0,"turns":7.0},{"damage":4.0,"enemies":"Slime Boss","floor":16.0,"turns":7.0},{"damage":7.0,"enemies":"Chosen","floor":18.0,"turns":5.0},{"damage":28.0,"enemies":"3 Byrds","floor":20.0,"turns":7.0},{"damage":17.0,"enemies":"Centurion and Healer","floor":21.0,"turns":9.0},{"damage":37.0,"enemies":"Cultist and Chosen","floor":22.0,"turns":6.0},{"damage":30.0,"enemies":"Gremlin Leader","floor":24.0,"turns":8.0},{"damage":21.0,"enemies":"Chosen and Byrds","floor":28.0,"turns":7.0},{"damage":27.0,"enemies":"Centurion and Healer","floor":29.0,"turns":8.0},{"damage":15.0,"enemies":"Slavers","floor":30.0,"turns":3.0},{"damage":21.0,"enemies":"Snake Plant","floor":31.0,"turns":5.0},{"damage":51,"enemies":"Automaton","floor":33,"turns":6}],"seed_played":"6814321628586623299","potions_obtained":[{"floor":4.0,"key":"Ancient Potion"},{"floor":19.0,"key":"SteroidPotion"},{"floor":24.0,"key":"Strength Potion"},{"floor":29.0,"key":"FocusPotion"},{"floor":30.0,"key":"Energy Potion"}],"is_trial":false,"path_per_floor":["M","?","$","M","?","R","M","$","T","R","?","M","M","E","R","B",null,"M","?","M","M","M","R","E","R","T","?","M","M","E","M","R","B"],"character_chosen":"DEFECT","items_purchased":["Self Repair","FearPotion"],"campfire_rested":0,"item_purchase_floors":[3,3],"current_hp_per_floor":[57,57,57,60,60,60,68,68,68,68,71,69,71,63,63,73,73,73,73,65,70,55,55,55,55,55,47,46,29,34,25,25,0],"gold":345,"neow_bonus":"BOSS_RELIC","is_prod":false,"is_daily":false,"chose_seed":false,"campfire_upgraded":6,"win_rate":0,"timestamp":1554959377,"path_taken":["M","?","$","M","?","R","M","?","T","R","?","?","M","E","R","BOSS","M","?","?","M","M","R","E","R","T","?","M","?","E","M","R","BOSS"],"build_version":"2019-01-23","purchased_purges":0,"victory":false,"max_hp_per_floor":[71,71,71,71,71,71,71,71,71,71,71,71,71,71,71,73,73,73,73,73,75,77,77,87,87,87,87,87,87,87,89,89,89],"card_choices":[{"not_picked":["Leap","Sweeping Beam"],"picked":"Cold Snap","floor":1.0},{"not_picked":["Stack","Skim"],"picked":"Sweeping Beam","floor":4.0},{"not_picked":["Turbo","Coolheaded"],"picked":"Streamline","floor":7.0},{"not_picked":["Reboot","Beam Cell"],"picked":"Ball Lightning","floor":11.0},{"not_picked":["Sweeping Beam","Undo"],"picked":"Steam","floor":12.0},{"not_picked":["Conserve Battery","Gash"],"picked":"Self Repair","floor":13.0},{"not_picked":["Rip and Tear","Heatsinks"],"picked":"Creative AI","floor":14.0},{"not_picked":["Meteor Strike","Creative AI","Reboot"],"picked":"Singing Bowl","floor":16.0},{"not_picked":["Leap+1","Conserve Battery"],"picked":"Defragment","floor":18.0},{"not_picked":["Blizzard","Leap"],"picked":"Ball Lightning","floor":20.0},{"not_picked":["Lockon+1","BootSequence","Barrage"],"picked":"Singing Bowl","floor":21.0},{"not_picked":["Streamline","Ball Lightning","Sweeping Beam"],"picked":"Singing Bowl","floor":22.0},{"not_picked":["Tempest","Leap"],"picked":"Hyperbeam","floor":24.0},{"not_picked":["Go for the Eyes+1","Fusion"],"picked":"Coolheaded+1","floor":28.0},{"not_picked":["Genetic Algorithm","Stack"],"picked":"Darkness","floor":29.0},{"not_picked":["Steam Power","Turbo"],"picked":"Reinforced Body","floor":30.0},{"not_picked":["Capacitor","Sweeping Beam","Hyperbeam"],"picked":"Singing Bowl","floor":31.0}],"player_experience":1029864,"relics_obtained":[{"floor":9.0,"key":"Singing Bowl"},{"floor":11.0,"key":"Odd Mushroom"},{"floor":14.0,"key":"FossilizedHelix"},{"floor":24.0,"key":"Pear"},{"floor":26.0,"key":"PreservedInsect"},{"floor":30.0,"key":"Potion Belt"}],"event_choices":[{"damage_healed":0.0,"max_hp_gain":0.0,"max_hp_loss":0.0,"gold_gain":0.0,"event_name":"Living Wall","player_choice":"Grow","floor":2.0,"gold_loss":0.0,"damage_taken":0.0,"cards_upgraded":["Zap"]},{"damage_healed":0.0,"max_hp_gain":0.0,"max_hp_loss":0.0,"gold_gain":0.0,"event_name":"Shining Light","player_choice":"Ignored","floor":5.0,"gold_loss":0.0,"damage_taken":0.0},{"damage_healed":0.0,"max_hp_gain":0.0,"max_hp_loss":0.0,"gold_gain":0.0,"event_name":"Mushrooms","player_choice":"Fought Mushrooms","floor":11.0,"gold_loss":0.0,"damage_taken":0.0},{"damage_healed":0.0,"max_hp_gain":0.0,"max_hp_loss":0.0,"gold_gain":0.0,"event_name":"The Woman in Blue","player_choice":"Bought 1 Potion","floor":19.0,"gold_loss":0.0,"damage_taken":0.0},{"damage_healed":0.0,"max_hp_gain":0.0,"max_hp_loss":0.0,"gold_gain":0.0,"event_name":"Knowing Skull","player_choice":"","floor":27.0,"potions_obtained":[],"gold_loss":0.0,"damage_taken":8.0,"cards_obtained":[]}],"is_beta":false,"boss_relics":[{"not_picked":["Empty Cage","Black Star"],"picked":"Inserter"}],"items_purged_floors":[],"is_endless":false,"potions_floor_spawned":[4,7,13,14,21,24,29,30],"killed_by":"Automaton","ascension_level":20}