{"gold_per_floor":[168,181,194,194,206,206,218,253,253,253,264,264,297,309,309,405,405,425,350,58,77,77],"floor_reached":22,"playtime":929,"items_purged":[],"score":307,"play_id":"51faafd2-c001-4b32-9d82-0332118fd399","local_time":"20181102144645","is_ascension_mode":true,"campfire_choices":[{"data":"Machine Learning","floor":6.0,"key":"SMITH"},{"floor":10.0,"key":"REST"},{"floor":12.0,"key":"REST"},{"data":"Conserve Battery","floor":15.0,"key":"SMITH"}],"neow_cost":"NONE","seed_source_timestamp":466254064436819,"circlet_count":0,"master_deck":["AscendersBane","Strike_B+1","Strike_B","Strike_B","Defend_B","Defend_B","Defend_B+1","Zap+1","Dualcast","Ball Lightning+1","Conserve Battery+1","Gash","Machine Learning+1","Darkness","Rebound","Hologram+1","Echo Form","Gash","Ball Lightning+1"],"special_seed":0,"relics":["Tiny House","PreservedInsect","War Paint","DataDisk","Black Star","Whetstone","Orichalcum"],"potions_floor_usage":[16,16,22],"damage_taken":[{"damage":0.0,"enemies":"Jaw Worm","floor":1.0,"turns":4.0},{"damage":0.0,"enemies":"2 Louse","floor":2.0,"turns":3.0},{"damage":0.0,"enemies":"Small Slimes","floor":3.0,"turns":3.0},{"damage":11.0,"enemies":"Looter","floor":5.0,"turns":3.0},{"damage":14.0,"enemies":"Large Slime","floor":7.0,"turns":6.0},{"damage":23.0,"enemies":"Lagavulin","floor":8.0,"turns":6.0},{"damage":7.0,"enemies":"Red Slaver","floor":11.0,"turns":4.0},{"damage":13.0,"enemies":"Gremlin Nob","floor":13.0,"turns":3.0},{"damage":4.0,"enemies":"Blue Slaver","floor":14.0,"turns":4.0},{"damage":18,"enemies":"Slime Boss","floor":16,"turns":6},{"damage":35,"enemies":"3 Byrds","floor":18,"turns":5},{"damage":3,"enemies":"Spheric Guardian","floor":21,"turns":3},{"damage":29,"enemies":"Snake Plant","floor":22,"turns":4}],"seed_played":"-7689255534400531544","potions_obtained":[{"floor":0.0,"key":"Swift Potion"},{"floor":8.0,"key":"FearPotion"},{"floor":11.0,"key":"AttackPotion"},{"floor":14.0,"key":"Strength Potion"},{"floor":21,"key":"Fire Potion"}],"is_trial":false,"path_per_floor":["M","M","M","?","M","R","M","E","T","R","M","R","E","M","R","B",null,"M","?","$","M","M"],"character_chosen":"DEFECT","items_purchased":["Whetstone","Orichalcum"],"campfire_rested":2,"item_purchase_floors":[20,20],"current_hp_per_floor":[73,73,73,66,55,55,41,18,18,42,35,59,46,42,42,24,66,31,31,31,28,0],"gold":77,"neow_bonus":"BOSS_RELIC","is_prod":false,"is_daily":false,"chose_seed":false,"campfire_upgraded":2,"win_rate":0,"timestamp":1541184405,"path_taken":["M","M","M","?","M","R","M","E","T","R","M","R","E","M","R","BOSS","M","?","$","M","M"],"build_version":"2018-11-01","purchased_purges":0,"victory":false,"max_hp_per_floor":[80,80,80,80,80,80,80,80,80,80,80,80,80,80,80,80,80,80,80,80,80,80],"card_choices":[{"not_picked":["Barrage","Sweeping Beam"],"picked":"Ball Lightning","floor":0.0},{"not_picked":["Redo","Steam"],"picked":"Conserve Battery","floor":1.0},{"not_picked":["Force Field","Heatsinks"],"picked":"Gash","floor":2.0},{"not_picked":["Redo","Compile Driver"],"picked":"Machine Learning","floor":3.0},{"not_picked":["Turbo","Go for the Eyes"],"picked":"Darkness","floor":5.0},{"not_picked":["Capacitor","Skim"],"picked":"Rebound","floor":7.0},{"not_picked":["Multi-Cast","Barrage"],"picked":"Hologram","floor":8.0},{"not_picked":["Hologram","Go for the Eyes","Cold Snap"],"picked":"SKIP","floor":11.0},{"not_picked":["Steam","Lockon","Blizzard"],"picked":"SKIP","floor":13.0},{"not_picked":["Turbo","Coolheaded","Thunder Strike"],"picked":"SKIP","floor":14.0},{"not_picked":["Creative AI","Multi-Cast"],"picked":"Echo Form","floor":16},{"not_picked":["Chaos","Beam Cell+1"],"picked":"Gash","floor":18},{"not_picked":["Coolheaded+1","Scrape"],"picked":"Ball Lightning+1","floor":21}],"player_experience":402057,"relics_obtained":[{"floor":8.0,"key":"PreservedInsect"},{"floor":9.0,"key":"War Paint"},{"floor":13.0,"key":"DataDisk"}],"event_choices":[{"cards_removed":["Defend_B"],"damage_healed":0.0,"max_hp_gain":0.0,"max_hp_loss":0.0,"gold_gain":0.0,"event_name":"Golden Wing","player_choice":"Card Removal","floor":4.0,"gold_loss":0.0,"damage_taken":7.0},{"cards_removed":["Strike_B"],"damage_healed":0,"gold_gain":0,"player_choice":"Gave Gold","damage_taken":0,"max_hp_gain":0,"max_hp_loss":0,"event_name":"Beggar","floor":19,"gold_loss":75}],"is_beta":false,"boss_relics":[{"not_picked":["White Beast Statue","Nuclear Battery"],"picked":"Black Star"}],"items_purged_floors":[],"is_endless":false,"potions_floor_spawned":[8,11,14,21],"killed_by":"Snake Plant","ascension_level":11}