{"gold_per_floor":[115,115,115,126,51,76,76,92,92,102,119,19,37,71,71,170,170,186,202,77,89,89,89,105,121,121,141,141,153,170,20,20,118,118,136,136,156,156,173,173,173,173,227,262,87,103,121,138,138,138],"floor_reached":51,"playtime":4048,"items_purged":["Strike_R","Strike_R","Strike_R","Defend_R","Defend_R"],"score":904,"play_id":"e8ef286e-b5a0-4209-8320-8a4b0f029de6","local_time":"20190421170657","is_ascension_mode":true,"campfire_choices":[{"data":"Searing Blow+1","floor":7.0,"key":"SMITH"},{"data":"Searing Blow+2","floor":15.0,"key":"SMITH"},{"data":"Searing Blow+3","floor":23.0,"key":"SMITH"},{"data":"Searing Blow+4","floor":28.0,"key":"SMITH"},{"data":"Searing Blow+5","floor":32.0,"key":"SMITH"},{"data":"Searing Blow+6","floor":40,"key":"SMITH"},{"data":"Searing Blow+7","floor":42,"key":"SMITH"},{"floor":49,"key":"REST"}],"neow_cost":"NONE","seed_source_timestamp":547118232161700,"circlet_count":0,"master_deck":["Defend_R","Bash","Armaments+1","Searing Blow+8","Shrug It Off"],"special_seed":0,"relics":["Empty Cage","Molten Egg 2","Singing Bowl","Orichalcum","Vajra","Runic Pyramid","Regal Pillow","Velvet Choker","Omamori","Anchor"],"potions_floor_usage":[48,50],"damage_taken":[{"damage":6.0,"enemies":"Jaw Worm","floor":1.0,"turns":3.0},{"damage":2.0,"enemies":"2 Louse","floor":4.0,"turns":3.0},{"damage":21.0,"enemies":"Gremlin Nob","floor":6.0,"turns":5.0},{"damage":0.0,"enemies":"Cultist","floor":8.0,"turns":3.0},{"damage":0.0,"enemies":"Large Slime","floor":10.0,"turns":4.0},{"damage":8.0,"enemies":"Lots of Slimes","floor":11.0,"turns":7.0},{"damage":12.0,"enemies":"Exordium Wildlife","floor":13.0,"turns":7.0},{"damage":17.0,"enemies":"3 Sentries","floor":14.0,"turns":9.0},{"damage":18.0,"enemies":"Hexaghost","floor":16.0,"turns":11.0},{"damage":5.0,"enemies":"Spheric Guardian","floor":18.0,"turns":3.0},{"damage":4.0,"enemies":"Shell Parasite","floor":19.0,"turns":5.0},{"damage":11.0,"enemies":"Snake Plant","floor":21.0,"turns":5.0},{"damage":0.0,"enemies":"Cultist and Chosen","floor":24.0,"turns":7.0},{"damage":4.0,"enemies":"Centurion and Healer","floor":25.0,"turns":5.0},{"damage":7.0,"enemies":"3 Cultists","floor":27.0,"turns":4.0},{"damage":0.0,"enemies":"Snake Plant","floor":29.0,"turns":3.0},{"damage":4.0,"enemies":"Cultist and Chosen","floor":30.0,"turns":5.0},{"damage":79.0,"enemies":"Champ","floor":33.0,"turns":23.0},{"damage":18.0,"enemies":"3 Darklings","floor":35.0,"turns":4.0},{"damage":0.0,"enemies":"3 Shapes","floor":37.0,"turns":3.0},{"damage":0,"enemies":"Writhing Mass","floor":39,"turns":5},{"damage":55,"enemies":"Reptomancer","floor":44,"turns":5},{"damage":0,"enemies":"4 Shapes","floor":46,"turns":4},{"damage":2,"enemies":"Maw","floor":47,"turns":8},{"damage":0,"enemies":"Jaw Worm Horde","floor":48,"turns":3},{"damage":94,"enemies":"Time Eater","floor":50,"turns":17}],"seed_played":"804393120734373261","potions_obtained":[{"floor":4.0,"key":"Dexterity Potion"},{"floor":10.0,"key":"Regen Potion"},{"floor":16.0,"key":"BloodPotion"},{"floor":19.0,"key":"SneckoOil"},{"floor":29.0,"key":"FearPotion"},{"floor":33.0,"key":"GamblersBrew"},{"floor":35.0,"key":"BloodPotion"}],"is_trial":false,"path_per_floor":["M","?","?","M","$","E","R","M","T","M","M","$","M","E","R","B",null,"M","M","$","M","?","R","M","M","T","M","R","M","M","$","R","B",null,"M","$","M","?","M","R","$","R","T","E","$","M","M","M","R","B",null],"character_chosen":"IRONCLAD","items_purchased":[],"campfire_rested":1,"item_purchase_floors":[],"current_hp_per_floor":[74,62,62,60,60,39,39,41,41,43,52,52,42,27,27,11,92,89,87,87,78,78,78,80,78,78,73,73,75,73,73,73,6,110,94,94,96,96,98,98,98,98,98,45,45,47,47,61,113,19],"gold":138,"neow_bonus":"BOSS_RELIC","is_prod":false,"is_daily":false,"chose_seed":false,"campfire_upgraded":7,"win_rate":0,"timestamp":1555880817,"path_taken":["M","?","?","M","$","E","R","?","T","M","M","$","M","E","R","BOSS","M","M","$","M","?","R","M","M","T","M","R","M","?","$","R","BOSS","M","$","M","?","?","R","?","R","T","E","$","M","M","M","R","BOSS"],"build_version":"2019-01-23","purchased_purges":5,"victory":true,"max_hp_per_floor":[80,80,80,80,80,80,80,82,82,84,86,86,88,90,90,92,92,94,96,96,98,98,98,100,102,102,104,104,106,108,108,108,110,110,112,112,114,114,116,116,116,116,116,118,118,120,122,124,124,124],"card_choices":[{"not_picked":["Clash","Battle Trance"],"picked":"Armaments","floor":1.0},{"not_picked":["Wild Strike+1","Whirlwind+1"],"picked":"Searing Blow+1","floor":4.0},{"not_picked":["Wild Strike+1","Spot Weakness"],"picked":"Shrug It Off","floor":6.0},{"not_picked":["Combust","Body Slam+1","Limit Break"],"picked":"Singing Bowl","floor":8.0},{"not_picked":["Pommel Strike+1","Burning Pact","Anger+1"],"picked":"Singing Bowl","floor":10.0},{"not_picked":["Wild Strike+1","Shrug It Off","Iron Wave+1"],"picked":"Singing Bowl","floor":11.0},{"not_picked":["Cleave+1","Fire Breathing","Searing Blow+1"],"picked":"Singing Bowl","floor":13.0},{"not_picked":["Warcry","Bloodletting","Shockwave"],"picked":"Singing Bowl","floor":14.0},{"not_picked":["Double Tap","Barricade","Dark Embrace"],"picked":"Singing Bowl","floor":16.0},{"not_picked":["Combust+1","Body Slam+1","Perfected Strike+1"],"picked":"Singing Bowl","floor":18.0},{"not_picked":["Body Slam+1","Cleave+1","Inflame"],"picked":"Singing Bowl","floor":19.0},{"not_picked":["Headbutt+1","Cleave+1","Pommel Strike+1"],"picked":"Singing Bowl","floor":21.0},{"not_picked":["Sword Boomerang+1","True Grit","Warcry+1"],"picked":"Singing Bowl","floor":24.0},{"not_picked":["Uppercut+1","Pommel Strike+1","Iron Wave+1"],"picked":"Singing Bowl","floor":25.0},{"not_picked":["Sever Soul+1","Spot Weakness","Rage"],"picked":"Singing Bowl","floor":27.0},{"not_picked":["Armaments","Twin Strike+1","Wild Strike+1"],"picked":"Singing Bowl","floor":29.0},{"not_picked":["Uppercut+1","Sever Soul+1","Inflame"],"picked":"Singing Bowl","floor":30.0},{"not_picked":["Offering","Juggernaut","Reaper+1"],"picked":"Singing Bowl","floor":33.0},{"not_picked":["Iron Wave+1","Headbutt+1","Perfected Strike+1"],"picked":"Singing Bowl","floor":35.0},{"not_picked":["Havoc+1","Clothesline+1","Warcry+1"],"picked":"Singing Bowl","floor":37.0},{"not_picked":["Pummel+1","Pommel Strike+1","Fire Breathing+1"],"picked":"Singing Bowl","floor":39},{"not_picked":["Spot Weakness+1","Shrug It Off","Armaments+1"],"picked":"Singing Bowl","floor":44},{"not_picked":["Sword Boomerang+1","Seeing Red+1","Warcry+1"],"picked":"Singing Bowl","floor":46},{"not_picked":["Searing Blow+1","Hemokinesis+1","Rage+1"],"picked":"Singing Bowl","floor":47},{"not_picked":["Havoc+1","Heavy Blade+1","Body Slam+1"],"picked":"Singing Bowl","floor":48}],"player_experience":679741,"relics_obtained":[{"floor":6.0,"key":"Singing Bowl"},{"floor":9.0,"key":"Orichalcum"},{"floor":14.0,"key":"Vajra"},{"floor":26.0,"key":"Regal Pillow"},{"floor":43,"key":"Omamori"},{"floor":44,"key":"Anchor"}],"event_choices":[{"damage_healed":0.0,"max_hp_gain":0.0,"max_hp_loss":0.0,"gold_gain":0.0,"event_name":"Scrap Ooze","player_choice":"Success","floor":2.0,"gold_loss":0.0,"damage_taken":12.0,"relics_obtained":["Molten Egg 2"]},{"damage_healed":0.0,"max_hp_gain":0.0,"max_hp_loss":0.0,"gold_gain":0.0,"event_name":"Upgrade Shrine","player_choice":"Upgraded","floor":3.0,"gold_loss":0.0,"damage_taken":0.0,"cards_upgraded":["Armaments"]},{"cards_removed":["Strike_R"],"damage_healed":0.0,"max_hp_gain":0.0,"max_hp_loss":0.0,"gold_gain":0.0,"event_name":"Bonfire Elementals","player_choice":"Offered Basic","floor":22.0,"gold_loss":0.0,"damage_taken":0.0},{"damage_healed":0.0,"max_hp_gain":0.0,"max_hp_loss":0.0,"gold_gain":0.0,"event_name":"Transmorgrifier","player_choice":"Ignored","floor":38.0,"gold_loss":0.0,"damage_taken":0.0}],"is_beta":false,"boss_relics":[{"not_picked":["Calling Bell","Eternal Feather"],"picked":"Runic Pyramid"},{"not_picked":["Coffee Dripper","Philosopher\u0027s Stone"],"picked":"Velvet Choker"}],"items_purged_floors":[5,12,20,31,45],"is_endless":false,"potions_floor_spawned":[4,10,16,19,29,33,35,46,47],"ascension_level":1}