{"gold_per_floor":[14,0,20,40,55,55,82,82,131,157,176,206,223,255,255,329,329,340,359,36,136,8,8,39,51,137,176,199,231,243,287,299,385,397,428,455,487,214,214,239,239,268,294,314,346,356,382,399,399,399,399,399,399,17,48,48],"floor_reached":57,"playtime":5985,"items_purged":["Strike_R"],"score":2979,"play_id":"88158445-ea84-490b-b44a-55514e99f13a","local_time":"20190428103726","is_ascension_mode":true,"campfire_choices":[{"data":"Sword Boomerang","floor":6.0,"key":"SMITH"},{"floor":8.0,"key":"REST"},{"data":"Whirlwind","floor":15.0,"key":"SMITH"},{"floor":23.0,"key":"REST"},{"data":"Juggernaut","floor":30.0,"key":"SMITH"},{"data":"Clothesline","floor":32.0,"key":"SMITH"},{"floor":41.0,"key":"RECALL"},{"data":"Berserk","floor":49.0,"key":"SMITH"},{"data":"Juggernaut","floor":53.0,"key":"SMITH"}],"neow_cost":"NO_GOLD","seed_source_timestamp":236900970456145,"circlet_count":0,"master_deck":["AscendersBane","Defend_R","Defend_R","Defend_R+1","Defend_R+1","Bash","Bloodletting","Berserk+1","Clothesline+1","Sword Boomerang+1","Shockwave","Metallicize","Second Wind","Whirlwind+1","Juggernaut+1","Feed","Metallicize+1","Power Through","Iron Wave+1","Iron Wave","Battle Trance+1","Impervious","Metallicize+1","Flame Barrier+1","Flame Barrier","Juggernaut+1","Shrug It Off","Headbutt+1","Spot Weakness","Shrug It Off","Feel No Pain+1"],"special_seed":0,"relics":["Burning Blood","Mercury Hourglass","Ancient Tea Set","Vajra","Bag of Preparation","Incense Burner","Empty Cage","Lantern","Happy Flower","Bird Faced Urn","Matryoshka","MawBank","Oddly Smooth Stone","Blue Candle","Whetstone","Runic Pyramid","Pen Nib","Calipers","Gremlin Horn","Torii","Anchor","Centennial Puzzle","Self Forming Clay","The Courier","War Paint","Medical Kit","Strawberry"],"potions_floor_usage":[56,56],"damage_taken":[{"damage":15.0,"enemies":"2 Louse","floor":1.0,"turns":5.0},{"damage":13.0,"enemies":"Jaw Worm","floor":3.0,"turns":4.0},{"damage":7.0,"enemies":"Small Slimes","floor":4.0,"turns":3.0},{"damage":8.0,"enemies":"Gremlin Gang","floor":5.0,"turns":6.0},{"damage":20.0,"enemies":"Gremlin Nob","floor":7.0,"turns":4.0},{"damage":11.0,"enemies":"3 Sentries","floor":10.0,"turns":6.0},{"damage":4.0,"enemies":"Looter","floor":11.0,"turns":4.0},{"damage":1.0,"enemies":"Blue Slaver","floor":13.0,"turns":3.0},{"damage":34.0,"enemies":"Gremlin Nob","floor":14.0,"turns":4.0},{"damage":26.0,"enemies":"The Guardian","floor":16.0,"turns":10.0},{"damage":0.0,"enemies":"3 Byrds","floor":18.0,"turns":4.0},{"damage":19.0,"enemies":"Spheric Guardian","floor":19.0,"turns":5.0},{"damage":16.0,"enemies":"Colosseum Slavers","floor":21.0,"turns":3.0},{"damage":10.0,"enemies":"Colosseum Nobs","floor":21.0,"turns":2.0},{"damage":20.0,"enemies":"Book of Stabbing","floor":24.0,"turns":5.0},{"damage":0.0,"enemies":"Slavers","floor":27.0,"turns":2.0},{"damage":23.0,"enemies":"Chosen and Byrds","floor":28.0,"turns":7.0},{"damage":9.0,"enemies":"Cultist and Chosen","floor":29.0,"turns":5.0},{"damage":8.0,"enemies":"Gremlin Leader","floor":31.0,"turns":7.0},{"damage":68.0,"enemies":"Champ","floor":33.0,"turns":14.0},{"damage":3.0,"enemies":"3 Darklings","floor":35.0,"turns":4.0},{"damage":1.0,"enemies":"3 Shapes","floor":36.0,"turns":4.0},{"damage":7.0,"enemies":"Sphere and 2 Shapes","floor":37.0,"turns":9.0},{"damage":13.0,"enemies":"Nemesis","floor":40.0,"turns":11.0},{"damage":34.0,"enemies":"Giant Head","floor":42.0,"turns":12.0},{"damage":0.0,"enemies":"4 Shapes","floor":44.0,"turns":5.0},{"damage":7.0,"enemies":"Reptomancer","floor":45.0,"turns":6.0},{"damage":0.0,"enemies":"3 Darklings","floor":46.0,"turns":6.0},{"damage":6.0,"enemies":"Giant Head","floor":47.0,"turns":10.0},{"damage":22.0,"enemies":"Transient","floor":48.0,"turns":6.0},{"damage":29.0,"enemies":"Time Eater","floor":50.0,"turns":15.0},{"damage":25.0,"enemies":"Awakened One","floor":51.0,"turns":15.0},{"damage":38.0,"enemies":"Shield and Spear","floor":55.0,"turns":9.0},{"damage":87,"enemies":"The Heart","floor":56,"turns":9}],"seed_played":"-1189030410474323833","potions_obtained":[{"floor":1.0,"key":"EssenceOfSteel"},{"floor":4.0,"key":"Energy Potion"},{"floor":13.0,"key":"Weak Potion"},{"floor":14.0,"key":"Strength Potion"},{"floor":16.0,"key":"FearPotion"},{"floor":19.0,"key":"Block Potion"},{"floor":24.0,"key":"Strength Potion"},{"floor":29.0,"key":"SteroidPotion"},{"floor":35.0,"key":"Explosive Potion"},{"floor":44.0,"key":"Strength Potion"},{"floor":46.0,"key":"Fire Potion"}],"is_trial":false,"path_per_floor":["M","?","M","M","M","R","E","R","T","E","M","?","M","E","R","B",null,"M","M","$","?","$","R","E","?","T","E","M","M","R","E","R","B",null,"M","M","M","$","?","E","R","E","T","M","E","M","E","M","R","B","B",null,"R","$","E","B",null],"character_chosen":"IRONCLAD","items_purchased":["Lantern","Happy Flower","Power Through","Fire Potion","Flame Barrier","Pen Nib","LiquidBronze","War Paint","Medical Kit"],"campfire_rested":2,"item_purchase_floors":[20,20,22,22,38,38,54,54,54],"current_hp_per_floor":[59,59,52,51,49,49,35,57,57,52,54,54,59,31,31,11,59,65,52,52,41,41,64,56,56,56,66,55,56,56,62,62,8,61,69,83,87,87,87,86,86,65,65,84,95,99,102,92,92,82,78,101,101,101,87,20],"gold":48,"neow_bonus":"TRANSFORM_TWO_CARDS","is_prod":false,"is_daily":false,"chose_seed":false,"campfire_upgraded":6,"win_rate":0,"timestamp":1556465846,"path_taken":["M","?","M","M","M","R","E","R","T","E","M","?","M","E","R","BOSS","M","M","$","?","$","R","E","?","T","E","M","M","R","E","R","BOSS","M","M","M","$","?","E","R","E","T","?","E","M","E","M","R","BOSS","BOSS","R","$","E","BOSS"],"build_version":"2019-01-23","purchased_purges":1,"victory":true,"max_hp_per_floor":[75,75,75,75,75,75,75,75,75,75,75,75,75,75,75,75,75,75,75,75,78,78,78,78,78,78,78,78,78,78,78,78,78,78,81,84,87,87,87,87,87,90,90,93,96,99,102,102,102,105,108,108,108,108,118,118],"card_choices":[{"not_picked":["Corruption","Havoc"],"picked":"Clothesline","floor":1.0},{"not_picked":["Uppercut","Sword Boomerang"],"picked":"Pommel Strike","floor":3.0},{"not_picked":["Reckless Charge","Shockwave"],"picked":"Sword Boomerang","floor":4.0},{"not_picked":["Corruption","Warcry"],"picked":"Shockwave","floor":5.0},{"not_picked":["Offering","Headbutt"],"picked":"Metallicize","floor":7.0},{"not_picked":["Intimidate","Clash"],"picked":"Second Wind","floor":10.0},{"not_picked":["Armaments","Burning Pact"],"picked":"Whirlwind","floor":11.0},{"not_picked":["Blood for Blood","Havoc","Flex"],"picked":"SKIP","floor":13.0},{"not_picked":["Sentinel","Pommel Strike"],"picked":"Juggernaut","floor":14.0},{"not_picked":["Double Tap","Barricade"],"picked":"Feed","floor":16.0},{"not_picked":["Perfected Strike","Body Slam","Hemokinesis"],"picked":"SKIP","floor":18.0},{"not_picked":["Cleave","Flame Barrier"],"picked":"Metallicize+1","floor":19.0},{"not_picked":["Thunderclap","True Grit"],"picked":"Iron Wave","floor":24.0},{"not_picked":["Body Slam","Double Tap","Wild Strike"],"picked":"SKIP","floor":27.0},{"not_picked":["Warcry","Body Slam"],"picked":"Iron Wave","floor":28.0},{"not_picked":["Armaments","Sentinel","Bloodletting"],"picked":"SKIP","floor":29.0},{"not_picked":["Thunderclap+1","Dual Wield+1"],"picked":"Battle Trance+1","floor":31.0},{"not_picked":["Double Tap","Fiend Fire"],"picked":"Impervious","floor":33.0},{"not_picked":["Sentinel+1","Clash"],"picked":"Metallicize+1","floor":35.0},{"not_picked":["Heavy Blade","True Grit"],"picked":"Flame Barrier+1","floor":36.0},{"not_picked":["Clash","Twin Strike","Burning Pact"],"picked":"SKIP","floor":37.0},{"not_picked":["Anger","Twin Strike","Heavy Blade"],"picked":"SKIP","floor":40.0},{"not_picked":["Clash","Dropkick+1"],"picked":"Juggernaut","floor":42.0},{"not_picked":["Iron Wave","Inflame"],"picked":"Shrug It Off","floor":44.0},{"not_picked":["Exhume","Dual Wield"],"picked":"Headbutt+1","floor":45.0},{"not_picked":["Bloodletting","Perfected Strike+1"],"picked":"Spot Weakness","floor":46.0},{"not_picked":["Inflame","Perfected Strike","Searing Blow"],"picked":"SKIP","floor":47.0},{"not_picked":["Rampage","Clash"],"picked":"Shrug It Off","floor":48.0},{"not_picked":["Anger","Pommel Strike"],"picked":"Feel No Pain+1","floor":55.0}],"player_experience":1097434,"relics_obtained":[{"floor":7.0,"key":"Mercury Hourglass"},{"floor":9.0,"key":"Ancient Tea Set"},{"floor":10.0,"key":"Vajra"},{"floor":14.0,"key":"Incense Burner"},{"floor":21.0,"key":"Bird Faced Urn"},{"floor":21.0,"key":"Matryoshka"},{"floor":24.0,"key":"MawBank"},{"floor":26.0,"key":"Oddly Smooth Stone"},{"floor":27.0,"key":"Blue Candle"},{"floor":31.0,"key":"Whetstone"},{"floor":40.0,"key":"Gremlin Horn"},{"floor":42.0,"key":"Torii"},{"floor":43.0,"key":"Anchor"},{"floor":43.0,"key":"Centennial Puzzle"},{"floor":45.0,"key":"Self Forming Clay"},{"floor":47.0,"key":"The Courier"},{"floor":55.0,"key":"Strawberry"}],"event_choices":[{"damage_healed":0.0,"max_hp_gain":0.0,"max_hp_loss":0.0,"gold_gain":0.0,"event_name":"World of Goop","player_choice":"Left Gold","floor":2.0,"gold_loss":14.0,"damage_taken":0.0},{"damage_healed":0.0,"max_hp_gain":0.0,"max_hp_loss":0.0,"gold_gain":30.0,"event_name":"Dead Adventurer","player_choice":"Searched \u00272\u0027 times","floor":12.0,"gold_loss":0.0,"damage_taken":0.0,"relics_obtained":["Bag of Preparation"]},{"damage_healed":0.0,"max_hp_gain":0.0,"max_hp_loss":0.0,"gold_gain":30.0,"event_name":"Dead Adventurer","player_choice":"Searched \u00272\u0027 times","floor":12.0,"gold_loss":0.0,"damage_taken":0.0,"relics_obtained":["Bag of Preparation"]},{"damage_healed":0.0,"max_hp_gain":0.0,"max_hp_loss":0.0,"gold_gain":0.0,"event_name":"Colosseum","player_choice":"Fight","floor":21.0,"gold_loss":0.0,"damage_taken":0.0},{"damage_healed":0.0,"max_hp_gain":0.0,"max_hp_loss":0.0,"gold_gain":0.0,"event_name":"Colosseum","player_choice":"Fought Nobs","floor":21.0,"gold_loss":0.0,"damage_taken":0.0},{"damage_healed":0.0,"max_hp_gain":0.0,"max_hp_loss":0.0,"gold_gain":0.0,"event_name":"Beggar","player_choice":"Ignored","floor":25.0,"gold_loss":0.0,"damage_taken":0.0},{"cards_removed":["Pommel Strike"],"damage_healed":0.0,"max_hp_gain":0.0,"max_hp_loss":0.0,"gold_gain":0.0,"event_name":"WeMeetAgain","player_choice":"Gave Card","floor":39.0,"gold_loss":0.0,"damage_taken":0.0,"relics_obtained":["Calipers"]}],"is_beta":false,"boss_relics":[{"not_picked":["Orrery","Tiny House"],"picked":"Empty Cage"},{"not_picked":["Black Blood","Black Star"],"picked":"Runic Pyramid"}],"items_purged_floors":[38],"is_endless":false,"potions_floor_spawned":[1,4,5,13,14,16,19,21,24,29,35,44,46,48],"ascension_level":20}