{"gold_per_floor":[215,228,245,257,271,271,281,281,281,316,334,334,390,43,43,140,140,159,129,142,153,153,153,168,197,221,221,244,256,278,319,331,441,453,481,493,520,754,197,250,250,250,273,273],"floor_reached":44,"playtime":3840,"items_purged":[],"score":478,"play_id":"85778fb3-327d-4bac-86f1-c7a28b9db7dc","local_time":"20190309142925","is_ascension_mode":false,"campfire_choices":[{"data":"Seeing Red","floor":6.0,"key":"SMITH"},{"data":"Whirlwind","floor":8.0,"key":"SMITH"},{"data":"Seeing Red","floor":12.0,"key":"SMITH"},{"floor":15.0,"key":"REST"},{"data":"Barricade","floor":23.0,"key":"SMITH"},{"data":"Intimidate","floor":29.0,"key":"SMITH"},{"floor":32.0,"key":"REST"},{"data":"Feed","floor":41.0,"key":"SMITH"}],"neow_cost":"NONE","seed_source_timestamp":743127565310340,"circlet_count":0,"master_deck":["Defend_R","Defend_R","Defend_R","Defend_R","Bash","Flex+1","Warcry+1","Clothesline","Juggernaut","Seeing Red+1","Whirlwind+1","Shrug It Off","Seeing Red+1","Intimidate+1","Barricade+1","Heavy Blade+1","Evolve","Pommel Strike+1","Bite","Bite","Bite","Bite","Bite","Juggernaut","Offering","Warcry","Sadistic Nature","Dropkick+1","Feed+1"],"special_seed":0,"relics":["Black Blood","Ice Cream","Bronze Scales","Singing Bowl","Strange Spoon","Anchor","Philosopher\u0027s Stone","Red Mask","Bag of Marbles","MawBank","Unceasing Top","Pantograph","PreservedInsect","Dream Catcher","Dodecahedron","War Paint"],"potions_floor_usage":[44,44],"damage_taken":[{"damage":1.0,"enemies":"Cultist","floor":1.0,"turns":3.0},{"damage":0.0,"enemies":"2 Louse","floor":2.0,"turns":3.0},{"damage":0.0,"enemies":"Small Slimes","floor":3.0,"turns":3.0},{"damage":7.0,"enemies":"3 Louse","floor":4.0,"turns":4.0},{"damage":3.0,"enemies":"2 Fungi Beasts","floor":5.0,"turns":5.0},{"damage":21.0,"enemies":"Large Slime","floor":7.0,"turns":7.0},{"damage":18.0,"enemies":"Gremlin Nob","floor":10.0,"turns":4.0},{"damage":8.0,"enemies":"Blue Slaver","floor":11.0,"turns":4.0},{"damage":40.0,"enemies":"3 Sentries","floor":13.0,"turns":8.0},{"damage":20.0,"enemies":"The Guardian","floor":16.0,"turns":8.0},{"damage":0.0,"enemies":"Chosen","floor":18.0,"turns":3.0},{"damage":13.0,"enemies":"Spheric Guardian","floor":20.0,"turns":5.0},{"damage":18.0,"enemies":"3 Cultists","floor":21.0,"turns":4.0},{"damage":18.0,"enemies":"Cultist and Chosen","floor":24.0,"turns":6.0},{"damage":15.0,"enemies":"Masked Bandits","floor":25.0,"turns":3.0},{"damage":9.0,"enemies":"Snake Plant","floor":30.0,"turns":3.0},{"damage":43.0,"enemies":"Book of Stabbing","floor":31.0,"turns":5.0},{"damage":74.0,"enemies":"Champ","floor":33.0,"turns":16.0},{"damage":38.0,"enemies":"3 Darklings","floor":35.0,"turns":5.0},{"damage":33.0,"enemies":"Orb Walker","floor":37.0,"turns":5.0},{"damage":33,"enemies":"Spire Growth","floor":44,"turns":3}],"seed_played":"7119901125358874077","potions_obtained":[{"floor":2.0,"key":"Block Potion"},{"floor":7.0,"key":"Strength Potion"},{"floor":11.0,"key":"FearPotion"},{"floor":18.0,"key":"GamblersBrew"},{"floor":19.0,"key":"LiquidBronze"},{"floor":19.0,"key":"Block Potion"},{"floor":25.0,"key":"BloodPotion"},{"floor":30.0,"key":"BloodPotion"},{"floor":31.0,"key":"PowerPotion"},{"floor":33.0,"key":"Weak Potion"},{"floor":37.0,"key":"SteroidPotion"}],"is_trial":false,"path_per_floor":["M","M","M","M","M","R","M","R","T","E","M","R","?","$","R","B",null,"M","?","M","M","?","R","M","?","T","?","T","R","M","E","R","B",null,"M","?","M","?","$","T","R","T","T","M"],"character_chosen":"IRONCLAD","items_purchased":["Strange Spoon","Anchor","Pantograph","PreservedInsect","Strength Potion","Feed"],"campfire_rested":2,"item_purchase_floors":[14,14,39,39,39,39],"current_hp_per_floor":[80,80,80,79,80,80,65,65,65,53,51,51,17,17,41,27,80,80,80,73,63,63,63,51,44,44,44,44,44,54,32,50,20,60,35,35,24,24,24,24,24,24,24,0],"gold":273,"neow_bonus":"HUNDRED_GOLD","is_prod":false,"is_daily":false,"chose_seed":false,"campfire_upgraded":6,"win_rate":0.0,"timestamp":1552166965,"path_taken":["M","M","?","M","M","R","M","R","T","E","M","R","?","$","R","BOSS","M","?","?","M","?","R","M","?","T","?","?","R","M","E","R","BOSS","M","?","M","?","$","?","R","?","T","?"],"build_version":"2019-01-23","purchased_purges":0,"victory":false,"max_hp_per_floor":[80,80,80,80,80,80,80,80,80,80,80,80,80,80,80,80,80,80,80,80,82,82,82,82,84,84,58,58,58,58,60,60,60,60,60,60,60,60,60,60,60,60,60,60],"card_choices":[{"not_picked":["Sword Boomerang","Cleave"],"picked":"Flex","floor":1.0},{"not_picked":["Corruption","Rampage"],"picked":"Warcry","floor":2.0},{"not_picked":["True Grit","Wild Strike"],"picked":"Clothesline","floor":3.0},{"not_picked":["Thunderclap","Body Slam"],"picked":"Juggernaut","floor":4.0},{"not_picked":["Anger","Flex"],"picked":"Seeing Red","floor":5.0},{"not_picked":["Flex","Wild Strike"],"picked":"Whirlwind","floor":7.0},{"not_picked":["Intimidate","Exhume"],"picked":"Shrug It Off","floor":10.0},{"not_picked":["Sever Soul","Thunderclap"],"picked":"Seeing Red","floor":11.0},{"not_picked":["Whirlwind","Cleave"],"picked":"Intimidate","floor":13.0},{"not_picked":["Bludgeon","Immolate"],"picked":"Barricade","floor":16.0},{"not_picked":["Wild Strike+1","Battle Trance"],"picked":"Heavy Blade+1","floor":18.0},{"not_picked":["Pommel Strike+1","Second Wind+1"],"picked":"Evolve","floor":20.0},{"not_picked":["Heavy Blade","Thunderclap","Sentinel"],"picked":"Singing Bowl","floor":21.0},{"not_picked":["Havoc","Perfected Strike"],"picked":"Pommel Strike+1","floor":24.0},{"not_picked":["Cleave+1","Anger","Corruption"],"picked":"Singing Bowl","floor":25.0},{"not_picked":["Body Slam","Pommel Strike"],"picked":"Juggernaut","floor":30.0},{"not_picked":["Battle Trance+1","Ghostly Armor","Exhume"],"picked":"Singing Bowl","floor":31.0},{"not_picked":["Exhume","Fiend Fire"],"picked":"Offering","floor":33.0},{"not_picked":["Sentinel+1","Clothesline"],"picked":"Warcry","floor":35.0},{"not_picked":["Flash of Steel","Madness"],"picked":"Sadistic Nature","floor":36.0},{"not_picked":["Thunderclap+1","Ghostly Armor+1"],"picked":"Dropkick+1","floor":37.0}],"player_experience":57512,"relics_obtained":[{"floor":9.0,"key":"Ice Cream"},{"floor":10.0,"key":"Bronze Scales"},{"floor":13.0,"key":"Singing Bowl"},{"floor":25.0,"key":"Red Mask"},{"floor":26.0,"key":"Bag of Marbles"},{"floor":28.0,"key":"MawBank"},{"floor":31.0,"key":"Unceasing Top"},{"floor":40.0,"key":"Dream Catcher"},{"floor":42.0,"key":"Dodecahedron"},{"floor":43.0,"key":"War Paint"}],"event_choices":[{"damage_healed":0.0,"max_hp_gain":0.0,"max_hp_loss":0.0,"gold_gain":30.0,"event_name":"Dead Adventurer","player_choice":"Searched \u00273\u0027 times","floor":13.0,"gold_loss":0.0,"damage_taken":0.0},{"damage_healed":0.0,"max_hp_gain":0.0,"max_hp_loss":0.0,"gold_gain":0.0,"event_name":"The Woman in Blue","player_choice":"Bought 2 Potions","floor":19.0,"gold_loss":0.0,"damage_taken":0.0},{"damage_healed":0.0,"max_hp_gain":0.0,"max_hp_loss":0.0,"gold_gain":0.0,"event_name":"Ghosts","player_choice":"Ignored","floor":22.0,"gold_loss":0.0,"damage_taken":0.0},{"damage_healed":0.0,"max_hp_gain":0.0,"max_hp_loss":0.0,"gold_gain":0.0,"event_name":"Masked Bandits","player_choice":"Fought Bandits","floor":25.0,"gold_loss":0.0,"damage_taken":0.0},{"damage_healed":0.0,"max_hp_gain":0.0,"max_hp_loss":26.0,"gold_gain":0.0,"event_name":"Vampires","player_choice":"Became a vampire","floor":27.0,"gold_loss":0.0,"damage_taken":0.0,"cards_obtained":["Bite","Bite","Bite","Bite","Bite"]},{"damage_healed":0.0,"max_hp_gain":0.0,"max_hp_loss":0.0,"gold_gain":0.0,"event_name":"SensoryStone","player_choice":"Memory 1","floor":36.0,"gold_loss":0.0,"damage_taken":0.0},{"damage_healed":0.0,"max_hp_gain":0.0,"max_hp_loss":0.0,"gold_gain":222.0,"event_name":"Tomb of Lord Red Mask","player_choice":"Wore Mask","floor":38.0,"gold_loss":0.0,"damage_taken":0.0}],"is_beta":false,"boss_relics":[{"not_picked":["Lizard Tail","Velvet Choker"],"picked":"Philosopher\u0027s Stone"},{"not_picked":["Astrolabe","Busted Crown"],"picked":"Black Blood"}],"items_purged_floors":[],"is_endless":false,"potions_floor_spawned":[2,7,11,18,25,30,31,33,37],"killed_by":"Spire Growth","ascension_level":0}