{"gold_per_floor":[110,110,110,285,304,339,0,0,0,0,20,35,35,61,61,163,163,181,181,181,201,201,234,234,263,263,281,281,82,94,109,109,213,213,228,228,478,490,507,507,50,76,76,86,118,13,13,43,43,43],"floor_reached":51,"playtime":4501,"items_purged":["Regret"],"score":981,"play_id":"55da15e9-92db-48c8-87eb-85f0d99dfa8d","local_time":"20180707221403","is_ascension_mode":false,"campfire_choices":[{"data":"Perfected Strike","floor":15,"key":"SMITH"},{"floor":28,"key":"REST"},{"floor":32,"key":"REST"},{"floor":40,"key":"REST"},{"floor":49,"key":"REST"}],"neow_cost":"NONE","seed_source_timestamp":45681496846939,"circlet_count":0,"master_deck":["Strike_R+1","Strike_R+1","Strike_R+1","Strike_R+1","Strike_R+1","Defend_R+1","Defend_R+1","Defend_R+1","Bash","Perfected Strike+1","Flex","Seeing Red","Pommel Strike+1","Dropkick+1","Sword Boomerang+1","Impervious","Sword Boomerang+1","Twin Strike+1","Perfected Strike+1","RitualDagger+1","Flex","Offering","Wild Strike+1","Pommel Strike+1","Cleave+1","Reaper+1","Cleave+1","Wild Strike+1","Double Tap","Headbutt+1","Twin Strike+1","Perfected Strike+1","Bloodletting+1","Clash+1","Wild Strike+1","Doubt","Pommel Strike+1","Pummel+1","Mind Blast+1","Bash+1","Offering","Clash+1"],"relics":["Burning Blood","Bronze Scales","Potion Belt","Lee\u0027s Waffle","Happy Flower","Molten Egg 2","Darkstone Periapt","Torii","Fusion Hammer","Bag of Marbles","Bottled Flame","Charon\u0027s Ashes","Prayer Wheel","Anchor","Cursed Key","Bottled Lightning","Centennial Puzzle","Regal Pillow","Frozen Egg 2","Unceasing Top","Blood Vial"],"potions_floor_usage":[16,16,16,23,23,25,25,25,27,45,45,50,50],"damage_taken":[{"damage":11,"enemies":"2 Louse","floor":1,"turns":3},{"damage":13,"enemies":"Jaw Worm","floor":5,"turns":3},{"damage":33,"enemies":"3 Sentries","floor":6,"turns":8},{"damage":11,"enemies":"Small Slimes","floor":11,"turns":3},{"damage":13,"enemies":"Exordium Thugs","floor":12,"turns":4},{"damage":0,"enemies":"Gremlin Nob","floor":14,"turns":2},{"damage":38,"enemies":"Hexaghost","floor":16,"turns":5},{"damage":1,"enemies":"2 Thieves","floor":18,"turns":3},{"damage":1,"enemies":"Shell Parasite","floor":21,"turns":3},{"damage":9,"enemies":"Slavers","floor":23,"turns":3},{"damage":0,"enemies":"Gremlin Leader","floor":25,"turns":3},{"damage":4,"enemies":"Snecko","floor":27,"turns":3},{"damage":4,"enemies":"Snake Plant","floor":30,"turns":1},{"damage":4,"enemies":"Centurion and Healer","floor":31,"turns":2},{"damage":39,"enemies":"Collector","floor":33,"turns":4},{"damage":0,"enemies":"Orb Walker","floor":35,"turns":1},{"damage":8,"enemies":"3 Shapes","floor":38,"turns":2},{"damage":26,"enemies":"Maw","floor":39,"turns":4},{"damage":0,"enemies":"2 Orb Walkers","floor":42,"turns":2},{"damage":4,"enemies":"3 Darklings","floor":44,"turns":2},{"damage":0,"enemies":"Giant Head","floor":45,"turns":5},{"damage":0,"enemies":"2 Orb Walkers","floor":48,"turns":1},{"damage":37,"enemies":"Donu and Deca","floor":50,"turns":4}],"seed_played":"-873571597352604281","potions_obtained":[{"floor":5,"key":"Strength Potion"},{"floor":6,"key":"Fire Potion"},{"floor":12,"key":"Regen Potion"},{"floor":16,"key":"Fire Potion"},{"floor":21,"key":"SneckoOil"},{"floor":23,"key":"EntropicBrew"},{"floor":25,"key":"Dexterity Potion"},{"floor":30,"key":"GamblersBrew"},{"floor":31,"key":"Block Potion"},{"floor":35,"key":"AttackPotion"},{"floor":42,"key":"EssenceOfSteel"},{"floor":48,"key":"SteroidPotion"}],"is_trial":false,"path_per_floor":["M","?","$","?","M","E","$","T","T","$","M","M","?","E","R","B",null,"M","?","?","M","?","E","T","E","T","M","R","$","M","M","R","B",null,"M","?","?","M","M","R","$","E","T","M","E","$","?","E","R","B"],"character_chosen":"IRONCLAD","items_purchased":["Lee\u0027s Waffle","Happy Flower","Anchor","Cleave+1","Bottled Lightning","Centennial Puzzle","Mind Blast+1"],"campfire_rested":4,"item_purchase_floors":[7,7,29,29,41,41,46],"current_hp_per_floor":[75,68,68,68,61,34,87,87,87,87,82,75,75,81,81,61,87,87,87,87,87,81,78,78,84,84,86,87,87,87,87,87,54,87,87,87,93,91,71,93,93,93,99,99,99,99,99,99,99,68],"gold":43,"neow_bonus":"RANDOM_COMMON_RELIC","is_prod":false,"is_daily":false,"chose_seed":false,"campfire_upgraded":1,"win_rate":0,"timestamp":1531016043,"path_taken":["M","?","$","?","M","E","?","?","T","$","?","M","?","E","R","BOSS","M","?","?","M","?","E","?","E","T","M","R","?","M","M","R","BOSS","M","?","?","?","M","R","$","E","T","M","E","$","?","E","R","BOSS"],"build_version":"2018-07-05","purchased_purges":1,"victory":true,"max_hp_per_floor":[80,80,80,80,80,80,87,87,87,87,87,87,87,87,87,87,87,87,87,87,87,87,87,87,87,87,87,87,87,87,87,87,87,87,87,87,93,93,93,93,93,93,99,99,99,99,99,99,99,99],"card_choices":[{"not_picked":["Headbutt","Clothesline"],"picked":"Perfected Strike","floor":1},{"not_picked":["Headbutt","Iron Wave"],"picked":"Flex","floor":5},{"not_picked":["Reckless Charge","Evolve"],"picked":"Seeing Red","floor":6},{"not_picked":["Hemokinesis+1","Body Slam+1"],"picked":"Pommel Strike+1","floor":11},{"not_picked":["Combust","Clothesline+1"],"picked":"Dropkick+1","floor":12},{"not_picked":["Second Wind","Flex"],"picked":"Sword Boomerang+1","floor":14},{"not_picked":["Fiend Fire+1","Berserk"],"picked":"Impervious","floor":16},{"not_picked":["Armaments","Bloodletting"],"picked":"Sword Boomerang+1","floor":18},{"not_picked":["Headbutt+1","Rage"],"picked":"Perfected Strike+1","floor":21},{"not_picked":["Clash+1","Reckless Charge+1"],"picked":"Flex","floor":23},{"not_picked":["True Grit+1","Carnage+1"],"picked":"Offering","floor":25},{"not_picked":["Sword Boomerang+1","Inflame"],"picked":"Wild Strike+1","floor":27},{"not_picked":["Intimidate+1","Heavy Blade+1"],"picked":"Pommel Strike+1","floor":27},{"not_picked":["Flex","Body Slam+1"],"picked":"Reaper+1","floor":30},{"not_picked":["Whirlwind+1","True Grit"],"picked":"Cleave+1","floor":30},{"not_picked":["Whirlwind+1","Anger+1"],"picked":"Wild Strike+1","floor":31},{"not_picked":["Rupture+1","Rampage+1","Disarm+1"],"picked":"SKIP","floor":31},{"not_picked":["Dark Embrace","Demon Form"],"picked":"Double Tap","floor":33},{"not_picked":["Flex+1","Fire Breathing"],"picked":"Headbutt+1","floor":35},{"not_picked":["Iron Wave+1","Shrug It Off+1"],"picked":"Twin Strike+1","floor":35},{"not_picked":["True Grit+1","Iron Wave+1"],"picked":"Perfected Strike+1","floor":38},{"not_picked":["Rupture","Warcry"],"picked":"Bloodletting+1","floor":38},{"not_picked":["Rupture","Intimidate"],"picked":"Clash+1","floor":39},{"not_picked":["Anger+1","True Grit+1"],"picked":"Wild Strike+1","floor":39},{"not_picked":["Entrench","Carnage+1","Evolve+1"],"picked":"SKIP","floor":42},{"not_picked":["Rage+1","Rampage+1"],"picked":"Pommel Strike+1","floor":44},{"not_picked":["Sever Soul+1","Anger+1","Armaments"],"picked":"SKIP","floor":44},{"not_picked":["Sword Boomerang+1","Anger+1"],"picked":"Pummel+1","floor":45},{"not_picked":["Fiend Fire+1","Uppercut+1"],"picked":"Clash+1","floor":48}],"player_experience":23435,"relics_obtained":[{"floor":6,"key":"Potion Belt"},{"floor":8,"key":"Molten Egg 2"},{"floor":9,"key":"Darkstone Periapt"},{"floor":14,"key":"Torii"},{"floor":23,"key":"Bag of Marbles"},{"floor":24,"key":"Bottled Flame"},{"floor":25,"key":"Charon\u0027s Ashes"},{"floor":26,"key":"Prayer Wheel"},{"floor":42,"key":"Regal Pillow"},{"floor":43,"key":"Frozen Egg 2"},{"floor":45,"key":"Unceasing Top"},{"floor":48,"key":"Blood Vial"}],"event_choices":[{"event_name":"Golden Wing","player_choice":"Card Removal","floor":2,"damage_taken":0},{"event_name":"Liars Game","player_choice":"agreed","floor":4,"damage_taken":0},{"event_name":"Fountain of Cleansing","player_choice":"Removed Curse","floor":13,"damage_taken":0},{"event_name":"Back to Basics","player_choice":"Simplicity","floor":19,"damage_taken":0},{"event_name":"The Library","player_choice":"Read","floor":20,"damage_taken":0},{"event_name":"Nest","player_choice":"Joined the Cult","floor":22,"damage_taken":0},{"event_name":"The Woman in Blue","player_choice":"Bought 0 Potions","floor":36,"damage_taken":0},{"event_name":"Golden Shrine","player_choice":"Desecrate","floor":37,"damage_taken":0},{"event_name":"Match and Keep!","player_choice":"2 cards matched","floor":47,"damage_taken":0}],"boss_relics":[{"not_picked":["Eternal Feather","Black Blood"],"picked":"Fusion Hammer"},{"not_picked":["Busted Crown","Snecko Eye"],"picked":"Cursed Key"}],"items_purged_floors":[41],"is_endless":false,"potions_floor_spawned":[5,6,12,16,21,23,25,30,31,35,42,48],"ascension_level":0}