{"gold_per_floor":[111,33,33,47,47,47,76,93,93,121,133,133,3,49,49,124,124,138,138,53,109,134,134,154,169,169,184,3,37,37,37,37,114,114,128,148,248,69,69,69,79,79,79,79,97,97,109,124,124,124],"floor_reached":50,"playtime":3006,"items_purged":["Strike_G","Strike_G","Decay"],"score":912,"play_id":"cd44655b-8062-4eac-ad12-94046ad26aa9","local_time":"20190331061241","is_ascension_mode":true,"campfire_choices":[{"data":"Footwork","floor":6.0,"key":"SMITH"},{"data":"Cloak And Dagger","floor":12.0,"key":"SMITH"},{"data":"Footwork","floor":15.0,"key":"SMITH"},{"data":"Crippling Poison","floor":23.0,"key":"SMITH"},{"data":"Noxious Fumes","floor":32.0,"key":"SMITH"},{"floor":40,"key":"REST"},{"data":"Catalyst","floor":44,"key":"SMITH"},{"floor":46,"key":"REST"},{"floor":49,"key":"REST"}],"neow_cost":"NONE","seed_source_timestamp":27663791291067,"circlet_count":0,"master_deck":["AscendersBane","Defend_G","Defend_G","Defend_G","Defend_G","Defend_G","Strike_G","Strike_G","Survivor","Neutralize","Footwork+1","Footwork+1","Blur","Deadly Poison","Deadly Poison","Cloak And Dagger+1","Cloak And Dagger","Dodge and Roll","Caltrops","Crippling Poison+1","Noxious Fumes+1","Leg Sweep","Noxious Fumes+1","Corpse Explosion","Catalyst+1","Catalyst"],"special_seed":0,"relics":["Ring of the Snake","NeowsBlessing","Du-Vu Doll","Gambling Chip","Shuriken","Vajra","Velvet Choker","Boot","Tiny Chest","Red Mask","Frozen Egg 2","Question Card","Orrery","WingedGreaves","Letter Opener"],"potions_floor_usage":[33,37,50],"damage_taken":[{"damage":0.0,"enemies":"Cultist","floor":1.0,"turns":1.0},{"damage":0.0,"enemies":"Jaw Worm","floor":4.0,"turns":1.0},{"damage":0.0,"enemies":"Lagavulin","floor":7.0,"turns":1.0},{"damage":0.0,"enemies":"Small Slimes","floor":8.0,"turns":4.0},{"damage":23.0,"enemies":"3 Sentries","floor":10.0,"turns":16.0},{"damage":3.0,"enemies":"Looter","floor":11.0,"turns":4.0},{"damage":1.0,"enemies":"Hexaghost","floor":16.0,"turns":8.0},{"damage":8.0,"enemies":"3 Byrds","floor":18.0,"turns":6.0},{"damage":11.0,"enemies":"Masked Bandits","floor":22.0,"turns":7.0},{"damage":0.0,"enemies":"Spheric Guardian","floor":24.0,"turns":5.0},{"damage":0.0,"enemies":"Centurion and Healer","floor":25.0,"turns":6.0},{"damage":0.0,"enemies":"Snecko","floor":27.0,"turns":5.0},{"damage":7.0,"enemies":"Book of Stabbing","floor":29.0,"turns":7.0},{"damage":17,"enemies":"Champ","floor":33,"turns":13},{"damage":30,"enemies":"3 Darklings","floor":35,"turns":4},{"damage":5,"enemies":"Orb Walker","floor":36,"turns":5},{"damage":0,"enemies":"Mind Bloom Boss Battle","floor":37,"turns":8},{"damage":3,"enemies":"4 Shapes","floor":41,"turns":4},{"damage":14,"enemies":"Maw","floor":45,"turns":6},{"damage":4,"enemies":"Sphere and 2 Shapes","floor":47,"turns":5},{"damage":20,"enemies":"Jaw Worm Horde","floor":48,"turns":3},{"damage":39,"enemies":"Awakened One","floor":50,"turns":3}],"seed_played":"5422593464238891716","potions_obtained":[{"floor":7.0,"key":"Poison Potion"},{"floor":8.0,"key":"Poison Potion"},{"floor":18.0,"key":"Weak Potion"},{"floor":25.0,"key":"Strength Potion"},{"floor":27.0,"key":"Explosive Potion"},{"floor":41,"key":"Explosive Potion"},{"floor":42,"key":"FairyPotion"}],"is_trial":false,"path_per_floor":["M","$","?","M","?","R","E","M","T","E","M","R","$","T","R","B",null,"M","?","?","T","?","R","M","M","T","M","$","E","?","$","R","B",null,"M","M","?","$","?","R","M","?","T","R","M","R","M","M","R","B"],"character_chosen":"THE_SILENT","items_purchased":["Footwork","Cloak And Dagger","Noxious Fumes+1","Poison Potion"],"campfire_rested":3,"item_purchase_floors":[2,13,28,38],"current_hp_per_floor":[59,59,59,59,59,59,59,59,59,36,33,33,33,33,33,32,58,50,50,50,50,39,39,39,39,39,39,39,32,32,32,32,15,53,23,18,18,18,18,36,33,33,33,33,19,37,33,13,31,0],"gold":124,"neow_bonus":"THREE_ENEMY_KILL","is_prod":false,"is_daily":false,"chose_seed":false,"campfire_upgraded":6,"win_rate":0,"timestamp":1554030761,"path_taken":["M","$","?","M","?","R","E","M","T","E","?","R","?","?","R","BOSS","M","?","?","?","?","R","M","?","T","M","?","E","?","$","R","BOSS","M","M","?","$","?","R","M","?","T","R","M","R","?","M","R","BOSS"],"build_version":"2019-01-23","purchased_purges":3,"victory":false,"max_hp_per_floor":[66,66,66,66,66,66,66,66,66,66,66,66,66,66,66,66,66,66,66,66,66,66,66,66,66,66,66,66,66,66,66,66,66,66,66,66,66,66,63,63,63,63,63,63,63,63,63,63,63,63],"card_choices":[{"not_picked":["Blade Dance","Cloak And Dagger"],"picked":"Footwork","floor":1.0},{"not_picked":["Acrobatics","Dagger Throw","Underhanded Strike"],"picked":"SKIP","floor":4.0},{"not_picked":["Deflect","Blade Dance"],"picked":"Blur","floor":7.0},{"not_picked":["Distraction","Flying Knee"],"picked":"Deadly Poison","floor":8.0},{"not_picked":["Bullet Time","Bane"],"picked":"Deadly Poison","floor":10.0},{"not_picked":["Setup","Deadly Poison"],"picked":"Cloak And Dagger","floor":11.0},{"not_picked":["Quick Slash","Flying Knee"],"picked":"Dodge and Roll","floor":18.0},{"not_picked":["Choke","Skewer"],"picked":"Crippling Poison","floor":22.0},{"not_picked":["Infinite Blades","Blur"],"picked":"Noxious Fumes","floor":24.0},{"not_picked":["Bullet Time","Escape Plan","Caltrops+1"],"picked":"SKIP","floor":25.0},{"not_picked":["Sucker Punch","Calculated Gamble"],"picked":"Leg Sweep","floor":27.0},{"not_picked":["Skewer+1","Eviscerate","Backflip"],"picked":"SKIP","floor":29.0},{"not_picked":["Glass Knife","Adrenaline","Venomology"],"picked":"Corpse Explosion","floor":33},{"not_picked":["All Out Attack","Cloak And Dagger","Backflip"],"picked":"Catalyst","floor":34},{"not_picked":["Underhanded Strike","Dagger Spray","Distraction","Blade Dance+1"],"picked":"SKIP","floor":35},{"not_picked":["Blade Dance","PiercingWail","Dagger Spray+1","Night Terror"],"picked":"SKIP","floor":36},{"not_picked":["Tactician","Acrobatics","Outmaneuver","Slice"],"picked":"SKIP","floor":41},{"not_picked":["Sucker Punch","Choke","Cloak And Dagger","Noxious Fumes+1"],"picked":"SKIP","floor":45},{"not_picked":["Accuracy+1","Skewer","Tactician"],"picked":"Catalyst","floor":47},{"not_picked":["Outmaneuver","Riddle With Holes","Dagger Spray","Distraction"],"picked":"SKIP","floor":48}],"player_experience":653364,"relics_obtained":[{"floor":7.0,"key":"Du-Vu Doll"},{"floor":9.0,"key":"Gambling Chip"},{"floor":10.0,"key":"Shuriken"},{"floor":14.0,"key":"Vajra"},{"floor":21.0,"key":"Tiny Chest"},{"floor":22.0,"key":"Red Mask"},{"floor":26.0,"key":"Frozen Egg 2"},{"floor":29.0,"key":"Question Card"},{"floor":37,"key":"WingedGreaves"},{"floor":43,"key":"Letter Opener"}],"event_choices":[{"damage_healed":0.0,"max_hp_gain":0.0,"max_hp_loss":0.0,"gold_gain":0.0,"event_name":"Liars Game","player_choice":"Ignored","floor":3.0,"gold_loss":0.0,"damage_taken":0.0},{"cards_removed":["Strike_G"],"damage_healed":0.0,"max_hp_gain":0.0,"max_hp_loss":0.0,"gold_gain":0.0,"event_name":"Bonfire Elementals","player_choice":"Offered Basic","floor":5.0,"gold_loss":0.0,"damage_taken":0.0},{"damage_healed":0.0,"max_hp_gain":0.0,"max_hp_loss":0.0,"gold_gain":0.0,"event_name":"The Library","player_choice":"Read","floor":19.0,"gold_loss":0.0,"damage_taken":0.0,"cards_obtained":["Caltrops"]},{"damage_healed":0.0,"max_hp_gain":0.0,"max_hp_loss":0.0,"gold_gain":0.0,"event_name":"Addict","player_choice":"Obtained Relic","floor":20.0,"gold_loss":85.0,"damage_taken":0.0,"relics_obtained":["Boot"]},{"damage_healed":0.0,"max_hp_gain":0.0,"max_hp_loss":0.0,"gold_gain":0.0,"event_name":"Masked Bandits","player_choice":"Fought Bandits","floor":22.0,"gold_loss":0.0,"damage_taken":0.0},{"damage_healed":0.0,"max_hp_gain":0.0,"max_hp_loss":0.0,"gold_gain":0.0,"event_name":"Forgotten Altar","player_choice":"Smashed Altar","floor":30.0,"gold_loss":0.0,"damage_taken":0.0,"cards_obtained":["Decay"]},{"damage_healed":0,"gold_gain":0,"player_choice":"Fight","damage_taken":0,"max_hp_gain":0,"max_hp_loss":0,"event_name":"MindBloom","floor":37,"gold_loss":0},{"damage_healed":0,"gold_gain":0,"player_choice":"Max HP","damage_taken":0,"max_hp_gain":0,"max_hp_loss":3,"event_name":"Winding Halls","floor":39,"gold_loss":0},{"damage_healed":0,"gold_gain":0,"player_choice":"Got Potions","damage_taken":0,"max_hp_gain":0,"max_hp_loss":0,"event_name":"Lab","floor":42,"gold_loss":0}],"is_beta":false,"boss_relics":[{"not_picked":["Lizard Tail","Calling Bell"],"picked":"Velvet Choker"},{"not_picked":["White Beast Statue","Coffee Dripper"],"picked":"Orrery"}],"items_purged_floors":[13,28,38],"is_endless":false,"potions_floor_spawned":[7,8,11,18,25,27,41,47],"killed_by":"Awakened One","ascension_level":16}