{"gold_per_floor":[112,287,287,298,318,318,331,184,184,200,211,89,108,127,127,127],"floor_reached":16,"playtime":1704,"items_purged":["Doubt","Strike_R"],"score":96,"play_id":"0d6a9371-5877-4bcf-8044-cae51851c97a","local_time":"20190301002356","is_ascension_mode":false,"campfire_choices":[{"data":"Flex","floor":6,"key":"SMITH"},{"floor":15,"key":"REST"}],"neow_cost":"NONE","seed_source_timestamp":548073304684517,"circlet_count":0,"master_deck":["Strike_R","Strike_R","Strike_R","Strike_R","Defend_R","Defend_R","Defend_R","Defend_R","Bash","Flex+1","Headbutt","Body Slam","Shockwave","Inflame","Second Wind","Shrug It Off"],"relics":["Burning Blood","Paper Frog"],"potions_floor_usage":[],"damage_taken":[{"damage":5,"enemies":"Jaw Worm","floor":1,"turns":8},{"damage":2,"enemies":"2 Louse","floor":4,"turns":4},{"damage":10,"enemies":"Cultist","floor":5,"turns":4},{"damage":13,"enemies":"Red Slaver","floor":7,"turns":3},{"damage":4,"enemies":"2 Fungi Beasts","floor":10,"turns":3},{"damage":9,"enemies":"Exordium Thugs","floor":11,"turns":5},{"damage":7,"enemies":"3 Louse","floor":13,"turns":4},{"damage":33,"enemies":"Gremlin Gang","floor":14,"turns":6},{"damage":73,"enemies":"Slime Boss","floor":16,"turns":11}],"seed_played":"-7743602113705433899","potions_obtained":[{"floor":4,"key":"EssenceOfSteel"},{"floor":5,"key":"GamblersBrew"}],"is_trial":false,"path_per_floor":["M","?","?","M","M","R","M","$","T","M","M","$","M","M","R","B"],"character_chosen":"IRONCLAD","items_purchased":["Regen Potion","Shrug It Off"],"campfire_rested":1,"item_purchase_floors":[8,12],"current_hp_per_floor":[80,80,85,85,81,81,74,74,74,76,73,73,72,45,70,0],"gold":127,"neow_bonus":"THREE_CARDS","is_prod":false,"is_daily":false,"chose_seed":false,"campfire_upgraded":1,"win_rate":0.0,"timestamp":1551425036,"path_taken":["M","?","?","M","M","R","?","?","T","M","?","$","M","M","R","BOSS"],"build_version":"2019-01-23","purchased_purges":2,"victory":false,"max_hp_per_floor":[80,80,85,85,85,85,85,85,85,85,85,85,85,85,85,85],"card_choices":[{"not_picked":["Perfected Strike","Dropkick"],"picked":"Flex","floor":1},{"not_picked":["Entrench","Bloodletting"],"picked":"Headbutt","floor":4},{"not_picked":["Feel No Pain","Sword Boomerang"],"picked":"Body Slam","floor":5},{"not_picked":["Cleave","Intimidate"],"picked":"Shockwave","floor":7},{"not_picked":["Dropkick","Sever Soul"],"picked":"Inflame","floor":10},{"not_picked":["Pommel Strike","True Grit"],"picked":"Second Wind","floor":11},{"not_picked":["Thunderclap","Second Wind","Twin Strike"],"picked":"SKIP","floor":13},{"not_picked":["True Grit","Combust","Cleave"],"picked":"SKIP","floor":14}],"player_experience":19243,"relics_obtained":[{"floor":9,"key":"Paper Frog"}],"event_choices":[{"damage_healed":0,"gold_gain":175,"player_choice":"AGREE","damage_taken":0,"max_hp_gain":0,"max_hp_loss":0,"event_name":"Liars Game","floor":2,"gold_loss":0,"cards_obtained":["Doubt"]},{"damage_healed":0,"gold_gain":0,"player_choice":"Donut","damage_taken":0,"max_hp_gain":5,"max_hp_loss":0,"event_name":"Big Fish","floor":3,"gold_loss":0}],"is_beta":false,"boss_relics":[],"items_purged_floors":[8,12],"is_endless":false,"potions_floor_spawned":[4,5,10,11,13],"killed_by":"Slime Boss","ascension_level":0}