{"gold_per_floor":[119,119,129,147,165,196,196,219,244,283,295,307,353,377,389,475,487,511,448,448,175,194,194,228,228,228,245,258,292,292,320,320,397,397,408,63,78,128,145,173,190,190,190,205,1,1,36,55,55,55,55],"floor_reached":51,"playtime":3713,"items_purged":["Strike_R","Strike_R","Strike_R"],"score":1570,"play_id":"925f1c52-a939-4f96-a556-be3400a900a7","local_time":"20190318133954","is_ascension_mode":true,"campfire_choices":[{"floor":7.0,"key":"REST"},{"data":"Armaments","floor":12.0,"key":"SMITH"},{"data":"Whirlwind","floor":15.0,"key":"SMITH"},{"data":"Demon Form","floor":23.0,"key":"SMITH"},{"data":"Metallicize","floor":25.0,"key":"SMITH"},{"floor":32.0,"key":"REST"},{"floor":42.0,"key":"RECALL"},{"floor":46.0,"key":"REST"},{"floor":49.0,"key":"REST"}],"neow_cost":"NONE","seed_source_timestamp":414971076328995,"circlet_count":0,"master_deck":["AscendersBane","Strike_R","Strike_R","Defend_R","Defend_R","Defend_R+1","Defend_R","Bash","Dark Embrace","Spot Weakness","Sword Boomerang","Armaments+1","Twin Strike","Spot Weakness+1","Headbutt","Whirlwind+1","Whirlwind+1","Sword Boomerang","Demon Form+1","Metallicize+1","Twin Strike+1","Shrug It Off","Impervious","Shrug It Off","Battle Trance","Burning Pact+1","Iron Wave+1","Ghostly Armor"],"special_seed":0,"relics":["Burning Blood","Mummified Hand","Juzu Bracelet","Odd Mushroom","MawBank","Anchor","Bag of Marbles","Runic Dome","Orichalcum","Red Skull","Paper Frog","War Paint","MutagenicStrength","Question Card","Fusion Hammer","FossilizedHelix","WingedGreaves","Smiling Mask"],"potions_floor_usage":[],"damage_taken":[{"damage":12.0,"enemies":"Cultist","floor":1.0,"turns":4.0},{"damage":9.0,"enemies":"Small Slimes","floor":3.0,"turns":4.0},{"damage":18.0,"enemies":"Jaw Worm","floor":4.0,"turns":6.0},{"damage":8.0,"enemies":"Exordium Thugs","floor":5.0,"turns":4.0},{"damage":30.0,"enemies":"Lagavulin","floor":6.0,"turns":7.0},{"damage":0.0,"enemies":"The Mushroom Lair","floor":8.0,"turns":2.0},{"damage":8.0,"enemies":"Gremlin Nob","floor":10.0,"turns":3.0},{"damage":27.0,"enemies":"Lagavulin","floor":13.0,"turns":6.0},{"damage":0.0,"enemies":"Gremlin Gang","floor":14.0,"turns":1.0},{"damage":31.0,"enemies":"The Guardian","floor":16.0,"turns":12.0},{"damage":0.0,"enemies":"2 Thieves","floor":18.0,"turns":1.0},{"damage":6.0,"enemies":"Chosen","floor":22.0,"turns":3.0},{"damage":5.0,"enemies":"Gremlin Leader","floor":24.0,"turns":6.0},{"damage":15.0,"enemies":"Shelled Parasite and Fungi","floor":27.0,"turns":3.0},{"damage":4.0,"enemies":"Centurion and Healer","floor":28.0,"turns":3.0},{"damage":26.0,"enemies":"Slavers","floor":29.0,"turns":4.0},{"damage":16.0,"enemies":"Book of Stabbing","floor":31.0,"turns":3.0},{"damage":67.0,"enemies":"Automaton","floor":33.0,"turns":8.0},{"damage":0.0,"enemies":"Orb Walker","floor":35.0,"turns":1.0},{"damage":0.0,"enemies":"3 Darklings","floor":37.0,"turns":1.0},{"damage":26.0,"enemies":"Maw","floor":39.0,"turns":7.0},{"damage":0.0,"enemies":"Giant Head","floor":40.0,"turns":5.0},{"damage":3.0,"enemies":"Transient","floor":41.0,"turns":6.0},{"damage":18.0,"enemies":"Spire Growth","floor":44.0,"turns":3.0},{"damage":25.0,"enemies":"Reptomancer","floor":47.0,"turns":4.0},{"damage":6.0,"enemies":"Writhing Mass","floor":48.0,"turns":6.0},{"damage":61.0,"enemies":"Donu and Deca","floor":50.0,"turns":7.0},{"damage":48,"enemies":"Time Eater","floor":51,"turns":3}],"seed_played":"-6996154100026436666","potions_obtained":[{"floor":1.0,"key":"Ancient Potion"},{"floor":5.0,"key":"AttackPotion"},{"floor":6.0,"key":"PowerPotion"},{"floor":13.0,"key":"PowerPotion"},{"floor":14.0,"key":"AttackPotion"},{"floor":22.0,"key":"Ancient Potion"},{"floor":24.0,"key":"FairyPotion"},{"floor":29.0,"key":"Poison Potion"},{"floor":37.0,"key":"Block Potion"},{"floor":40.0,"key":"Fruit Juice"},{"floor":41.0,"key":"Block Potion"}],"is_trial":false,"path_per_floor":["M","T","M","M","M","E","R","?","T","E","?","R","E","M","R","B",null,"M","$","?","$","M","R","E","R","T","M","M","E","?","E","R","B",null,"M","$","M","?","M","E","M","R","T","M","$","R","E","M","R","B","B"],"character_chosen":"IRONCLAD","items_purchased":["Orichalcum","FossilizedHelix","Regen Potion"],"campfire_rested":4,"item_purchase_floors":[21,36,45],"current_hp_per_floor":[62,62,59,47,45,21,43,49,49,47,47,47,26,32,32,7,58,64,64,64,64,64,64,65,65,65,56,58,38,38,28,50,13,60,66,66,72,72,52,58,66,66,66,54,54,78,59,59,80,37,0],"gold":55,"neow_bonus":"ONE_RANDOM_RARE_CARD","is_prod":false,"is_daily":false,"chose_seed":false,"campfire_upgraded":4,"win_rate":0,"timestamp":1552934394,"path_taken":["M","?","?","M","M","E","R","?","T","E","?","R","E","M","R","BOSS","M","$","?","$","M","R","E","R","T","M","M","E","?","E","R","BOSS","M","$","M","?","M","E","M","R","T","M","$","R","E","M","R","BOSS","BOSS"],"build_version":"2019-01-23","purchased_purges":3,"victory":false,"max_hp_per_floor":[75,75,75,75,75,75,75,75,75,75,75,75,75,75,75,75,75,75,75,75,75,75,75,75,75,75,75,75,75,75,75,75,75,75,75,75,75,75,75,75,80,80,80,80,80,80,80,80,80,80,80],"card_choices":[{"not_picked":["Havoc","Iron Wave"],"picked":"Spot Weakness","floor":1.0},{"not_picked":["Clash","Shockwave"],"picked":"Sword Boomerang","floor":3.0},{"not_picked":["Armaments","Body Slam","Blood for Blood"],"picked":"SKIP","floor":4.0},{"not_picked":["Body Slam","Blood for Blood"],"picked":"Armaments","floor":4.0},{"not_picked":["Flex","Perfected Strike"],"picked":"Twin Strike","floor":5.0},{"not_picked":["Barricade","Bloodletting"],"picked":"Spot Weakness","floor":6.0},{"not_picked":["Flex","Warcry"],"picked":"Headbutt","floor":8.0},{"not_picked":["Rampage","Pommel Strike"],"picked":"Whirlwind","floor":10.0},{"not_picked":["True Grit","Wild Strike"],"picked":"Whirlwind","floor":13.0},{"not_picked":["Wild Strike","Seeing Red"],"picked":"Sword Boomerang","floor":14.0},{"not_picked":["Bludgeon","Dark Embrace"],"picked":"Demon Form","floor":16.0},{"not_picked":["Heavy Blade","Twin Strike"],"picked":"Metallicize","floor":18.0},{"not_picked":["Clash","Iron Wave","Cleave"],"picked":"SKIP","floor":22.0},{"not_picked":["Iron Wave","Armaments","Body Slam"],"picked":"SKIP","floor":24.0},{"not_picked":["Clash","Exhume"],"picked":"Twin Strike+1","floor":27.0},{"not_picked":["Flex","Entrench","Havoc"],"picked":"SKIP","floor":28.0},{"not_picked":["Inflame","Sword Boomerang","Rage"],"picked":"SKIP","floor":29.0},{"not_picked":["Cleave","Infernal Blade"],"picked":"Shrug It Off","floor":31.0},{"not_picked":["Juggernaut","Demon Form","Double Tap"],"picked":"Impervious","floor":33.0},{"not_picked":["Pommel Strike+1","Anger+1","Dark Embrace"],"picked":"Shrug It Off","floor":35.0},{"not_picked":["Flex+1","Carnage","Wild Strike"],"picked":"Battle Trance","floor":37.0},{"not_picked":["Flex","Dropkick","Perfected Strike","Bloodletting"],"picked":"SKIP","floor":39.0},{"not_picked":["Carnage","Heavy Blade","Fiend Fire"],"picked":"Burning Pact+1","floor":40.0},{"not_picked":["Wild Strike","Twin Strike","Body Slam"],"picked":"Iron Wave+1","floor":41.0},{"not_picked":["Whirlwind","Perfected Strike","Spot Weakness","Burning Pact+1"],"picked":"SKIP","floor":44.0},{"not_picked":["Whirlwind","Perfected Strike","Spot Weakness","Burning Pact+1"],"picked":"SKIP","floor":44.0},{"not_picked":["Warcry","Pommel Strike","Brutality","Exhume"],"picked":"SKIP","floor":47.0},{"not_picked":["Warcry+1","Body Slam","Twin Strike"],"picked":"Ghostly Armor","floor":48.0}],"player_experience":827036,"relics_obtained":[{"floor":2.0,"key":"Mummified Hand"},{"floor":6.0,"key":"Juzu Bracelet"},{"floor":8.0,"key":"Odd Mushroom"},{"floor":9.0,"key":"MawBank"},{"floor":10.0,"key":"Anchor"},{"floor":13.0,"key":"Bag of Marbles"},{"floor":24.0,"key":"Red Skull"},{"floor":26.0,"key":"Paper Frog"},{"floor":29.0,"key":"War Paint"},{"floor":31.0,"key":"Question Card"},{"floor":40.0,"key":"WingedGreaves"},{"floor":47.0,"key":"Smiling Mask"}],"event_choices":[{"damage_healed":0.0,"max_hp_gain":0.0,"max_hp_loss":0.0,"gold_gain":0.0,"event_name":"Mushrooms","player_choice":"Fought Mushrooms","floor":8.0,"gold_loss":0.0,"damage_taken":0.0},{"damage_healed":0.0,"max_hp_gain":0.0,"max_hp_loss":0.0,"gold_gain":0.0,"event_name":"Upgrade Shrine","player_choice":"Upgraded","floor":11.0,"gold_loss":0.0,"damage_taken":0.0,"cards_upgraded":["Whirlwind"]},{"damage_healed":0.0,"max_hp_gain":0.0,"max_hp_loss":0.0,"gold_gain":0.0,"event_name":"Vampires","player_choice":"Ignored","floor":20.0,"gold_loss":0.0,"damage_taken":0.0},{"damage_healed":0.0,"max_hp_gain":0.0,"max_hp_loss":0.0,"gold_gain":0.0,"event_name":"Drug Dealer","player_choice":"Inject Mutagens","floor":30.0,"gold_loss":0.0,"damage_taken":0.0,"relics_obtained":["MutagenicStrength"]},{"damage_healed":0.0,"max_hp_gain":0.0,"max_hp_loss":0.0,"gold_gain":50.0,"event_name":"Golden Shrine","player_choice":"Pray","floor":38.0,"gold_loss":0.0,"damage_taken":0.0}],"is_beta":false,"boss_relics":[{"not_picked":["Calling Bell","Eternal Feather"],"picked":"Runic Dome"},{"not_picked":["Black Blood","Busted Crown"],"picked":"Fusion Hammer"}],"items_purged_floors":[19,21,45],"is_endless":false,"potions_floor_spawned":[1,5,6,13,14,16,22,24,29,37,40,41,48],"killed_by":"Time Eater","ascension_level":20}