{"gold_per_floor":[117,45,145,158,169,203,219,230,230,230,257,257,257,270,270,370,420,436,60,74,84,84],"floor_reached":22,"playtime":646,"items_purged":[],"score":188,"play_id":"1d27e3ee-9057-47f1-85fd-5bf008c87407","local_time":"20180727221035","is_ascension_mode":false,"campfire_choices":[{"floor":13,"key":"REST"},{"floor":15,"key":"REST"}],"neow_cost":"NONE","seed_source_timestamp":488291939628163,"circlet_count":0,"master_deck":["Strike_R","Strike_R","Strike_R","Strike_R","Strike_R","Defend_R","Defend_R","Defend_R","Defend_R","Bash","Dropkick+1","Uppercut","Uppercut","Sword Boomerang","Inflame","Rampage","Seeing Red","Entrench","Shrug It Off","Battle Trance","Clothesline","Bludgeon","Disarm","Searing Blow","Shrug It Off","Clothesline","Ghostly Armor"],"relics":["Burning Blood","Calipers","Pen Nib","Dream Catcher","Boot","Tiny House","Nunchaku"],"potions_floor_usage":[14,18,22,22],"damage_taken":[{"damage":6,"enemies":"Jaw Worm","floor":1,"turns":2},{"damage":1,"enemies":"Cultist","floor":4,"turns":3},{"damage":0,"enemies":"Small Slimes","floor":5,"turns":2},{"damage":26,"enemies":"Lagavulin","floor":6,"turns":5},{"damage":16,"enemies":"Red Slaver","floor":7,"turns":3},{"damage":14,"enemies":"Blue Slaver","floor":8,"turns":3},{"damage":0,"enemies":"Lots of Slimes","floor":14,"turns":1},{"damage":30,"enemies":"Slime Boss","floor":16,"turns":6},{"damage":16,"enemies":"Shell Parasite","floor":18,"turns":4},{"damage":5,"enemies":"Chosen","floor":20,"turns":4},{"damage":21,"enemies":"Snake Plant","floor":21,"turns":5},{"damage":66,"enemies":"3 Cultists","floor":22,"turns":7}],"seed_played":"-1960901258215030670","potions_obtained":[{"floor":1,"key":"Poison Potion"},{"floor":7,"key":"Explosive Potion"},{"floor":8,"key":"SteroidPotion"},{"floor":10,"key":"Swift Potion"},{"floor":16,"key":"SkillPotion"}],"is_trial":false,"path_per_floor":["M","$","?","M","M","E","M","M","T","?","T","?","R","M","R","B",null,"M","$","M","M"],"character_chosen":"IRONCLAD","items_purchased":["Uppercut","Nunchaku","Shrug It Off","AttackPotion"],"campfire_rested":2,"item_purchase_floors":[2,19,19,19],"current_hp_per_floor":[80,80,80,80,80,60,50,42,42,42,42,35,59,65,80,56,85,75,75,76,61,0],"gold":84,"neow_bonus":"THREE_CARDS","is_prod":false,"is_daily":false,"chose_seed":false,"campfire_upgraded":0,"win_rate":0,"timestamp":1532722235,"path_taken":["M","$","?","M","M","E","?","M","T","?","?","?","R","M","R","BOSS","M","$","M","M","?"],"build_version":"2018-07-26","purchased_purges":0,"victory":false,"max_hp_per_floor":[80,80,80,80,80,80,80,80,80,80,80,80,80,80,80,80,85,85,85,85,85,85],"card_choices":[{"not_picked":["Twin Strike","Anger"],"picked":"Dropkick","floor":0},{"not_picked":["Ghostly Armor","Body Slam"],"picked":"Uppercut","floor":1},{"not_picked":["Headbutt","Metallicize"],"picked":"Sword Boomerang","floor":4},{"not_picked":["Twin Strike","Heavy Blade"],"picked":"Inflame","floor":5},{"not_picked":["Disarm","Corruption"],"picked":"Rampage","floor":6},{"not_picked":["Reckless Charge","Clash"],"picked":"Seeing Red","floor":7},{"not_picked":["Havoc","Body Slam"],"picked":"Entrench","floor":8},{"not_picked":["Havoc","Thunderclap"],"picked":"Shrug It Off","floor":13},{"not_picked":["Wild Strike","Seeing Red"],"picked":"Battle Trance","floor":14},{"not_picked":["Sword Boomerang","Burning Pact"],"picked":"Clothesline","floor":15},{"not_picked":["Double Tap","Limit Break"],"picked":"Bludgeon","floor":16},{"not_picked":["Body Slam","True Grit"],"picked":"Disarm","floor":17},{"not_picked":["Warcry+1","Sever Soul"],"picked":"Searing Blow","floor":18},{"not_picked":["Fire Breathing","Disarm"],"picked":"Clothesline","floor":20},{"not_picked":["Clash","Thunderclap+1"],"picked":"Ghostly Armor","floor":21}],"player_experience":128146,"relics_obtained":[{"floor":6,"key":"Calipers"},{"floor":9,"key":"Pen Nib"},{"floor":11,"key":"Dream Catcher"}],"event_choices":[{"event_name":"Golden Shrine","player_choice":"Pray","floor":3,"damage_taken":0},{"event_name":"The Lab","player_choice":"Got Potions","floor":10,"damage_taken":0},{"event_name":"Scrap Ooze","player_choice":"success","floor":12,"damage_taken":7}],"is_beta":false,"boss_relics":[{"not_picked":["Calling Bell","Eternal Feather"],"picked":"Tiny House"}],"items_purged_floors":[],"is_endless":false,"potions_floor_spawned":[1,7,8,16],"killed_by":"3 Cultists","ascension_level":0}