{"gold_per_floor":[10,24,35,35,35,66,66,92,92,92,125,137,151,182,182,278,278,298,298,310,320,320],"floor_reached":22,"playtime":2264,"items_purged":[],"score":349,"play_id":"701b540d-ec26-49d6-9128-122eeb15c60b","local_time":"20181011205919","is_ascension_mode":true,"campfire_choices":[{"data":"Armaments","floor":7,"key":"SMITH"},{"floor":10,"key":"REST"},{"floor":15,"key":"REST"}],"neow_cost":"NO_GOLD","seed_source_timestamp":96266793266144,"circlet_count":0,"master_deck":["Strike_R","Strike_R","Strike_R","Strike_R+1","Defend_R","Defend_R","Defend_R","Bash","AscendersBane","Armaments+1","Hemokinesis+1","Pommel Strike","Feed","True Grit","Dark Embrace","Second Wind+1","Cleave","Rupture","Immolate","Ghostly Armor+1","Shame","Infernal Blade+1","Impervious+1","Clothesline"],"relics":["Burning Blood","Blue Candle","StoneCalendar","Toxic Egg 2","Regal Pillow","Prayer Wheel","Lizard Tail","Unceasing Top"],"potions_floor_usage":[13,20,21],"damage_taken":[{"damage":0,"enemies":"Small Slimes","floor":1,"turns":3},{"damage":0,"enemies":"Jaw Worm","floor":2,"turns":4},{"damage":1,"enemies":"Cultist","floor":3,"turns":4},{"damage":18,"enemies":"Gremlin Nob","floor":6,"turns":3},{"damage":41,"enemies":"3 Sentries","floor":8,"turns":8},{"damage":12,"enemies":"Lagavulin","floor":11,"turns":7},{"damage":7,"enemies":"3 Louse","floor":12,"turns":5},{"damage":13,"enemies":"Exordium Wildlife","floor":13,"turns":4},{"damage":26,"enemies":"Gremlin Nob","floor":14,"turns":4},{"damage":38,"enemies":"Slime Boss","floor":16,"turns":7},{"damage":39,"enemies":"3 Byrds","floor":18,"turns":5},{"damage":19,"enemies":"Chosen","floor":20,"turns":6},{"damage":62,"enemies":"Snake Plant","floor":21,"turns":6},{"damage":50,"enemies":"Shelled Parasite and Fungi","floor":22,"turns":3}],"seed_played":"-1666597899019034155","potions_obtained":[{"floor":2,"key":"BloodPotion"},{"floor":8,"key":"FairyPotion"},{"floor":12,"key":"SteroidPotion"},{"floor":14,"key":"BloodPotion"},{"floor":16,"key":"Ancient Potion"}],"is_trial":false,"path_per_floor":["M","M","M","?","?","E","R","E","T","R","E","M","M","E","R","B",null,"M","?","M","M"],"character_chosen":"IRONCLAD","items_purchased":[],"campfire_rested":2,"item_purchase_floors":[],"current_hp_per_floor":[78,80,80,64,69,57,57,26,26,52,46,48,44,24,67,35,80,47,47,34,37,0],"gold":320,"neow_bonus":"REMOVE_TWO","is_prod":false,"is_daily":false,"chose_seed":false,"campfire_upgraded":1,"win_rate":0,"timestamp":1539305959,"path_taken":["M","M","M","?","?","E","R","E","T","R","E","M","M","E","R","BOSS","M","?","M","M","M"],"build_version":"2018-10-11","purchased_purges":0,"victory":false,"max_hp_per_floor":[80,80,80,80,85,85,85,89,89,89,89,92,95,95,95,95,95,95,95,95,95,95],"card_choices":[{"not_picked":["Headbutt","Wild Strike"],"picked":"Armaments","floor":1},{"not_picked":["Wild Strike","Anger"],"picked":"Hemokinesis","floor":2},{"not_picked":["Power Through","Clash"],"picked":"Pommel Strike","floor":3},{"not_picked":["Body Slam","Rampage"],"picked":"Feed","floor":6},{"not_picked":["Clothesline","Heavy Blade"],"picked":"True Grit","floor":8},{"not_picked":["Clash","Perfected Strike"],"picked":"Dark Embrace","floor":11},{"not_picked":["Flame Barrier+1","Anger"],"picked":"Second Wind+1","floor":12},{"not_picked":["True Grit+1","Clash"],"picked":"Cleave","floor":13},{"not_picked":["Cleave","Pommel Strike"],"picked":"Rupture","floor":14},{"not_picked":["Double Tap+1","Impervious+1"],"picked":"Immolate","floor":16},{"not_picked":["Anger","Body Slam+1"],"picked":"Ghostly Armor+1","floor":18},{"not_picked":["Twin Strike","Disarm+1"],"picked":"Infernal Blade+1","floor":20},{"not_picked":["Cleave+1","Armaments+1"],"picked":"Impervious+1","floor":20},{"not_picked":["Flex+1","Flame Barrier+1"],"picked":"Clothesline","floor":21},{"not_picked":["Twin Strike","Heavy Blade","Iron Wave"],"picked":"SKIP","floor":21}],"player_experience":329164,"relics_obtained":[{"floor":6,"key":"Blue Candle"},{"floor":8,"key":"StoneCalendar"},{"floor":9,"key":"Toxic Egg 2"},{"floor":11,"key":"Regal Pillow"},{"floor":14,"key":"Prayer Wheel"}],"event_choices":[{"event_name":"Shining Light","player_choice":"Entered Light","floor":4,"damage_taken":0},{"event_name":"Big Fish","player_choice":"Donut","floor":5,"damage_taken":0},{"event_name":"Addict","player_choice":"Stole Relic","floor":19,"damage_taken":0}],"is_beta":false,"boss_relics":[{"not_picked":["Black Star","Busted Crown"],"picked":"Lizard Tail"}],"items_purged_floors":[],"is_endless":false,"potions_floor_spawned":[2,8,12,14,16],"killed_by":"Shelled Parasite and Fungi","ascension_level":10}