{"gold_per_floor":[111,111,122,137,153,187,197,232,232,232],"floor_reached":10,"playtime":484,"items_purged":[],"score":148,"play_id":"7984206e-1ec7-4138-b7c1-0c78a7181a64","local_time":"20190225225723","is_ascension_mode":true,"campfire_choices":[],"neow_cost":"NONE","seed_source_timestamp":22502884834300,"circlet_count":0,"master_deck":["AscendersBane","Defend_G","Defend_G","Defend_G","Defend_G","Defend_G","Strike_G","Strike_G","Strike_G","Strike_G","Strike_G","Survivor","Neutralize","Backstab","Bouncing Flask","Dagger Spray","Well Laid Plans","Skewer","PiercingWail"],"relics":["Ring of the Snake","Letter Opener","Meat on the Bone","Pear"],"potions_floor_usage":[6,10],"damage_taken":[{"damage":1,"enemies":"Small Slimes","floor":1,"turns":5},{"damage":0,"enemies":"Cultist","floor":3,"turns":3},{"damage":0,"enemies":"Jaw Worm","floor":4,"turns":5},{"damage":1,"enemies":"3 Louse","floor":5,"turns":2},{"damage":17,"enemies":"Lagavulin","floor":6,"turns":5},{"damage":8,"enemies":"Blue Slaver","floor":7,"turns":3},{"damage":32,"enemies":"Gremlin Nob","floor":8,"turns":4},{"damage":30,"enemies":"Lagavulin","floor":10,"turns":8}],"seed_played":"2620341156941703003","potions_obtained":[{"floor":1,"key":"FairyPotion"},{"floor":3,"key":"SkillPotion"},{"floor":6,"key":"SpeedPotion"}],"is_trial":false,"path_per_floor":["M","?","M","M","M","E","M","E","T","E"],"character_chosen":"THE_SILENT","items_purchased":[],"campfire_rested":0,"item_purchase_floors":[],"current_hp_per_floor":[64,64,64,64,63,46,38,6,16,0],"gold":232,"neow_bonus":"TEN_PERCENT_HP_BONUS","is_prod":false,"is_daily":false,"chose_seed":false,"campfire_upgraded":0,"win_rate":0,"timestamp":1551131843,"path_taken":["M","?","M","?","M","E","M","E","T","E"],"build_version":"2019-01-23","purchased_purges":0,"victory":false,"max_hp_per_floor":[72,72,72,72,72,72,72,72,82,82],"card_choices":[{"not_picked":["Accuracy","Prepared"],"picked":"Backstab","floor":1},{"not_picked":["Choke","Prepared","Outmaneuver"],"picked":"SKIP","floor":3},{"not_picked":["Slice","Bouncing Flask"],"picked":"Dagger Spray","floor":4},{"not_picked":["Distraction","Quick Slash"],"picked":"Well Laid Plans","floor":5},{"not_picked":["Venomology","Predator"],"picked":"Skewer","floor":6},{"not_picked":["Masterful Stab","Deadly Poison"],"picked":"PiercingWail","floor":7},{"not_picked":["Reflex","Finisher","Slice"],"picked":"SKIP","floor":8}],"player_experience":519430,"relics_obtained":[{"floor":6,"key":"Letter Opener"},{"floor":8,"key":"Meat on the Bone"},{"floor":9,"key":"Pear"}],"event_choices":[{"damage_healed":0,"gold_gain":0,"player_choice":"1 cards matched","damage_taken":0,"max_hp_gain":0,"max_hp_loss":0,"event_name":"Match and Keep!","floor":2,"gold_loss":0,"cards_obtained":["Bouncing Flask"]}],"is_beta":false,"boss_relics":[],"items_purged_floors":[],"is_endless":false,"potions_floor_spawned":[1,3,6],"killed_by":"Lagavulin","ascension_level":17}