{"path_per_floor":["M","M","?","M","M","R","M","R","T","R","$","R","T","?","R","B",null,"M","?","M","M","?","R","M","R","T","T","M","$","M"],"character_chosen":"IRONCLAD","items_purchased":["Apotheosis","Body Slam","Bloodletting","Entrench"],"gold_per_floor":[210,228,228,240,257,257,272,272,323,323,43,43,43,43,43,148,148,158,158,168,178,178,178,196,196,196,196,212,3,22,22],"floor_reached":31,"campfire_rested":0,"playtime":1018,"current_hp_per_floor":[80,80,80,80,72,72,65,65,65,65,65,65,65,70,70,42,85,85,85,85,64,64,64,63,63,63,63,41,41,27,0],"items_purged":["Strike_R","Strike_R"],"gold":22,"score":227,"play_id":"9f2a5626-1da3-4e4c-8109-52ff88414ce8","local_time":"20180514001449","is_prod":false,"is_daily":false,"chose_seed":false,"is_ascension_mode":false,"campfire_upgraded":7,"timestamp":1526228089,"path_taken":["M","M","?","M","M","R","M","R","T","R","$","R","?","?","R","BOSS","M","?","M","?","?","R","M","R","T","?","?","$","M","M"],"build_version":"2018-05-10","seed_source_timestamp":60516362438369,"purchased_purges":2,"victory":false,"master_deck":["Strike_R","Strike_R","Defend_R","Defend_R","Defend_R","Defend_R","Bash+1","Shrug It Off+1","Fire Breathing+1","Spot Weakness","Feed","Apotheosis+1","Body Slam+1","Berserk","Sword Boomerang","Body Slam+1","Whirlwind","Pommel Strike+1","Shrug It Off+1","Seeing Red","Bloodletting","Entrench","Dual Wield"],"max_hp_per_floor":[80,80,80,80,80,80,80,80,80,80,80,80,80,85,85,85,85,85,85,85,89,89,89,89,89,89,89,89,89,89,89],"relics":["Burning Blood"],"card_choices":[{"not_picked":["Iron Wave","Thunderclap"],"picked":"Shrug It Off","floor":1},{"not_picked":["Heavy Blade","Cleave"],"picked":"Spot Weakness","floor":5},{"not_picked":["Thunderclap","Clothesline"],"picked":"Feed","floor":7},{"not_picked":["Bludgeon","Demon Form"],"picked":"Berserk","floor":16},{"not_picked":["Armaments","Havoc"],"picked":"Sword Boomerang","floor":18},{"not_picked":["Iron Wave","Warcry"],"picked":"Body Slam","floor":20},{"not_picked":["Shockwave","Intimidate"],"picked":"Whirlwind","floor":21},{"not_picked":["Double Tap","Flex"],"picked":"Shrug It Off","floor":24},{"not_picked":["Warcry","Shockwave"],"picked":"Seeing Red","floor":28},{"not_picked":["True Grit","Sword Boomerang"],"picked":"Dual Wield","floor":30}],"player_experience":603419,"potions_floor_usage":[21,21,31],"damage_taken":[{"damage":3,"enemies":"Small Slimes","floor":1,"turns":4},{"damage":1,"enemies":"2 Louse","floor":2,"turns":3},{"damage":3,"enemies":"Jaw Worm","floor":4,"turns":5},{"damage":14,"enemies":"2 Fungi Beasts","floor":5,"turns":6},{"damage":13,"enemies":"3 Louse","floor":7,"turns":5},{"damage":34,"enemies":"Hexaghost","floor":16,"turns":10},{"damage":6,"enemies":"Shell Parasite","floor":18,"turns":5},{"damage":0,"enemies":"Spheric Guardian","floor":20,"turns":3},{"damage":31,"enemies":"Cultist and Chosen","floor":21,"turns":6},{"damage":7,"enemies":"Snecko","floor":24,"turns":4},{"damage":28,"enemies":"Snake Plant","floor":28,"turns":5},{"damage":20,"enemies":"Centurion and Healer","floor":30,"turns":5},{"damage":38,"enemies":"Slaver and Parasite","floor":31,"turns":4}],"event_choices":[{"event_name":"Living Wall","player_choice":"Change","floor":3,"damage_taken":0},{"event_name":"Big Fish","player_choice":"Donut","floor":14,"damage_taken":0},{"event_name":"Cursed Tome","player_choice":"Ignored","floor":19,"damage_taken":0},{"event_name":"The Library","player_choice":"Read","floor":22,"damage_taken":0}],"boss_relics":[{"not_picked":["Runic Pyramid","White Beast Statue","Eternal Feather"]}],"potions_floor_spawned":[2,7,18,20],"seed_played":"-1582676810627452190","killed_by":"Slaver and Parasite","ascension_level":0,"is_trial":false}