{"path_per_floor":["M","M","?","$","M","R","E","M","T","R","M","M","?","E","R","B",null,"M","?","M","$","M","R","?","R","T","$","M","?","M","M","R","B",null,"M","?","$","M","M","R","M","?","T","?","T","M","M","$","R"],"character_chosen":"IRONCLAD","items_purchased":["Cleave","Happy Flower","Apotheosis","Entrench","War Paint","Rupture"],"gold_per_floor":[212,227,227,32,45,45,70,85,85,85,100,119,175,205,205,307,307,327,252,268,15,30,30,30,30,330,230,245,160,176,196,196,292,292,302,302,78,98,113,113,124,124,177,177,177,193,210,45,45],"floor_reached":50,"campfire_rested":3,"playtime":2819,"current_hp_per_floor":[80,78,66,66,69,69,50,50,50,50,54,49,49,33,59,21,89,85,85,76,76,81,81,81,81,81,81,50,50,40,27,57,57,101,96,96,96,104,111,111,97,83,90,90,90,95,67,67,106],"items_purged":["Strike_R","Strike_R","Cleave"],"gold":45,"score":556,"play_id":"c05f7db7-6b40-40a0-aa34-d7da4b4e3751","local_time":"20180316232913","is_prod":false,"is_daily":false,"is_ascension_mode":false,"campfire_upgraded":5,"timestamp":1521214153,"path_taken":["M","M","?","$","M","R","E","M","T","R","M","M","?","E","R","BOSS","M","?","M","$","M","R","?","R","T","$","M","?","M","?","R","BOSS","M","?","$","M","M","R","M","?","T","?","?","M","M","$","R","BOSS"],"build_version":"2018-03-15","purchased_purges":5,"victory":false,"master_deck":["Defend_R","Defend_R+1","Bash+1","Shrug It Off+1","Feed","Headbutt","Headbutt","Pommel Strike","Battle Trance+1","Limit Break","Barricade+1","Disarm+1","Rupture+1","Armaments+1","Apotheosis+1","Clash+1","Spot Weakness","Battle Trance","Brutality+1","True Grit+1","Demon Form","Entrench","Heavy Blade","Bloodletting","Warcry+1","Madness","Madness","Rupture"],"max_hp_per_floor":[80,80,80,80,80,80,80,83,83,83,86,89,89,89,89,89,89,89,89,91,91,91,91,91,91,91,91,97,97,101,101,101,101,101,105,105,105,109,113,113,113,113,120,120,120,126,132,132,132],"relics":["Burning Blood","Pen Nib","Happy Flower","Singing Bowl","Frozen Eye","Letter Opener","Astrolabe","Old Coin","Bronze Scales","Sozu","War Paint","Strawberry","Peace Pipe"],"card_choices":[{"not_picked":["Infernal Blade","Perfected Strike"],"picked":"Shrug It Off"},{"not_picked":["Impervious","Clothesline"],"picked":"Feed"},{"not_picked":["Uppercut","Wild Strike"],"picked":"Headbutt"},{"not_picked":["Ghostly Armor","Perfected Strike"],"picked":"Headbutt"},{"not_picked":["Thunderclap","Anger"],"picked":"Pommel Strike"},{"not_picked":["Reckless Charge","Anger"],"picked":"Battle Trance"},{"not_picked":["Reaper","Brutality"],"picked":"Limit Break"},{"not_picked":["Burning Pact","Iron Wave"],"picked":"Armaments"},{"not_picked":["Flex","Wild Strike"],"picked":"Clash"},{"not_picked":["Rage","Headbutt"],"picked":"Spot Weakness"},{"not_picked":["Warcry","Rampage"],"picked":"Battle Trance"},{"not_picked":["Dark Embrace","Limit Break"],"picked":"Brutality"},{"not_picked":["Ghostly Armor","Havoc"],"picked":"True Grit"},{"not_picked":["Rampage","Headbutt"],"picked":"Heavy Blade"},{"not_picked":["Combust","Pommel Strike"],"picked":"Bloodletting"},{"not_picked":["True Grit","Flex"],"picked":"Warcry"}],"player_experience":312361,"potions_floor_usage":[8,14,16,30,33,41],"damage_taken":[{"damage":5,"enemies":"Small Slimes","floor":1,"turns":5},{"damage":8,"enemies":"Jaw Worm","floor":2,"turns":4},{"damage":3,"enemies":"2 Louse","floor":5,"turns":2},{"damage":25,"enemies":"3 Sentries","floor":7,"turns":9},{"damage":9,"enemies":"Exordium Thugs","floor":8,"turns":7},{"damage":5,"enemies":"Looter","floor":11,"turns":3},{"damage":14,"enemies":"Exordium Wildlife","floor":12,"turns":3},{"damage":22,"enemies":"Lagavulin","floor":14,"turns":6},{"damage":44,"enemies":"The Guardian","floor":16,"turns":14},{"damage":10,"enemies":"Chosen","floor":18,"turns":7},{"damage":17,"enemies":"Shell Parasite","floor":20,"turns":8},{"damage":1,"enemies":"Snecko","floor":22,"turns":4},{"damage":43,"enemies":"Chosen and Byrds","floor":28,"turns":8},{"damage":20,"enemies":"Sentry and Sphere","floor":30,"turns":4},{"damage":19,"enemies":"Slaver and Parasite","floor":31,"turns":6},{"damage":6,"enemies":"Champ","floor":33,"turns":10},{"damage":15,"enemies":"3 Shapes","floor":35,"turns":6},{"damage":2,"enemies":"Orb Walker","floor":38,"turns":3},{"damage":3,"enemies":"Maw","floor":39,"turns":7},{"damage":20,"enemies":"3 Darklings","floor":41,"turns":4},{"damage":7,"enemies":"4 Shapes","floor":46,"turns":6},{"damage":40,"enemies":"Sphere and 2 Shapes","floor":47,"turns":6},{"damage":107,"enemies":"Time Eater","floor":50,"turns":6}],"event_choices":[{"event_name":"Scrap Ooze","player_choice":"success","floor":3,"damage_taken":12},{"event_name":"Golden Wing","player_choice":"Gained Gold","floor":13,"damage_taken":0},{"event_name":"Beggar","player_choice":"Gave Gold","floor":19,"damage_taken":0},{"event_name":"Drug Dealer","player_choice":"Ignored","floor":24,"damage_taken":0},{"event_name":"Addict","player_choice":"Obtained Relic","floor":29,"damage_taken":0},{"event_name":"Match and Keep!","player_choice":"1 cards matched","floor":36,"damage_taken":0},{"event_name":"Winding Halls","player_choice":"Embrace Madness","floor":42,"damage_taken":0},{"event_name":"Bonfire Elementals","player_choice":"BASIC","floor":44,"damage_taken":0}],"boss_relics":[{"not_picked":["Runic Dome","White Beast Statue"],"picked":"Astrolabe"},{"not_picked":["Question Card","Orrery"],"picked":"Sozu"}],"potions_floor_spawned":[5,8,12,16,18,28,30,35,41],"seed_played":"2433743328607877608","killed_by":"Time Eater","ascension_level":0,"is_trial":false}