{"gold_per_floor":[113,127,139,157,13,13,42,42,68,85,85,102,116,41,41,137,137,151,168,268,284,294,294,304,317,317,317,317,331,331,350,350,450,450,468,478,131,185,285,313,313,313,313,161,161,161,181,200,200,200],"floor_reached":51,"playtime":2521,"items_purged":["Strike_R","Strike_R","Strike_R"],"score":710,"play_id":"8ead5293-766f-4318-a585-56513129b463","local_time":"20190310181208","is_ascension_mode":false,"campfire_choices":[{"data":"Uppercut","floor":6,"key":"SMITH"},{"data":"Rage","floor":8,"key":"SMITH"},{"data":"Bash","floor":11,"key":"SMITH"},{"data":"Pommel Strike","floor":15,"key":"SMITH"},{"data":"Armaments","floor":23,"key":"SMITH"},{"data":"Limit Break","floor":27,"key":"SMITH"},{"data":"Inflame","floor":30,"key":"SMITH"},{"floor":32,"key":"REST"},{"data":"Heavy Blade","floor":42,"key":"SMITH"},{"data":"Limit Break","floor":45,"key":"SMITH"},{"data":"Pommel Strike","floor":49,"key":"SMITH"}],"neow_cost":"NONE","seed_source_timestamp":1306738108886687,"circlet_count":0,"master_deck":["Strike_R","Strike_R","Defend_R","Defend_R","Defend_R","Defend_R","Bash+1","Uppercut+1","Headbutt","Rage+1","Iron Wave","Offering","Pommel Strike+1","Limit Break+1","Combust+1","Sword Boomerang+1","Inflame+1","Armaments+1","Evolve+1","Inflame","Reaper","Heavy Blade+1","Disarm","Twin Strike","Limit Break+1","Shrug It Off+1","Pommel Strike+1","Heavy Blade","Spot Weakness","Whirlwind"],"relics":["Burning Blood","Centennial Puzzle","Potion Belt","Mark of Pain","Meat on the Bone","Sozu","Nunchaku","Charon\u0027s Ashes","Orichalcum","MawBank","Singing Bowl"],"potions_floor_usage":[7,18,24,25,28,29,33,50],"damage_taken":[{"damage":5,"enemies":"Cultist","floor":1,"turns":4},{"damage":5,"enemies":"Jaw Worm","floor":2,"turns":4},{"damage":2,"enemies":"2 Louse","floor":3,"turns":2},{"damage":4,"enemies":"Blue Slaver","floor":4,"turns":6},{"damage":8,"enemies":"Lagavulin","floor":7,"turns":3},{"damage":2,"enemies":"Looter","floor":10,"turns":3},{"damage":0,"enemies":"Large Slime","floor":12,"turns":6},{"damage":0,"enemies":"Red Slaver","floor":13,"turns":3},{"damage":53,"enemies":"Hexaghost","floor":16,"turns":12},{"damage":6,"enemies":"3 Byrds","floor":18,"turns":5},{"damage":10,"enemies":"Shell Parasite","floor":19,"turns":4},{"damage":19,"enemies":"Snecko","floor":21,"turns":4},{"damage":19,"enemies":"Cultist and Chosen","floor":22,"turns":5},{"damage":29,"enemies":"Centurion and Healer","floor":24,"turns":4},{"damage":16,"enemies":"Snecko","floor":25,"turns":5},{"damage":0,"enemies":"Snake Plant","floor":28,"turns":2},{"damage":20,"enemies":"3 Cultists","floor":29,"turns":4},{"damage":17,"enemies":"Centurion and Healer","floor":31,"turns":7},{"damage":25,"enemies":"Automaton","floor":33,"turns":6},{"damage":9,"enemies":"3 Shapes","floor":35,"turns":5},{"damage":38,"enemies":"3 Darklings","floor":36,"turns":6},{"damage":33,"enemies":"2 Orb Walkers","floor":38,"turns":4},{"damage":6,"enemies":"Mind Bloom Boss Battle","floor":39,"turns":5},{"damage":35,"enemies":"Giant Head","floor":40,"turns":6},{"damage":17,"enemies":"Maw","floor":47,"turns":5},{"damage":30,"enemies":"Jaw Worm Horde","floor":48,"turns":3},{"damage":28,"enemies":"Awakened One","floor":50,"turns":6}],"seed_played":"-2150431199401031576","potions_obtained":[{"floor":1,"key":"SteroidPotion"},{"floor":3,"key":"AttackPotion"},{"floor":4,"key":"AttackPotion"},{"floor":7,"key":"Explosive Potion"},{"floor":16,"key":"SmokeBomb"},{"floor":19,"key":"Explosive Potion"},{"floor":22,"key":"SneckoOil"},{"floor":29,"key":"Poison Potion"},{"floor":31,"key":"Poison Potion"}],"is_trial":false,"path_per_floor":["M","M","M","M","$","R","E","R","T","M","R","M","M","$","R","B",null,"M","M","?","M","M","R","M","M","T","R","M","M","R","M","R","B",null,"M","M","$","?","?","E","?","R","T","$","R","T","M","M","R","B",null],"character_chosen":"IRONCLAD","items_purchased":["Centennial Puzzle","Disarm","Twin Strike","Limit Break","Spot Weakness"],"campfire_rested":1,"item_purchase_floors":[5,37,37,37,44],"current_hp_per_floor":[88,88,88,88,88,88,86,86,86,88,88,88,88,88,88,41,88,88,84,84,71,58,58,35,25,25,25,43,41,41,42,68,61,88,85,81,81,66,66,74,74,74,74,74,74,74,65,65,65,90],"gold":200,"neow_bonus":"TEN_PERCENT_HP_BONUS","is_prod":false,"is_daily":false,"chose_seed":false,"campfire_upgraded":10,"win_rate":0,"timestamp":1552212728,"path_taken":["M","?","M","M","$","R","E","R","T","M","R","M","M","$","R","BOSS","M","M","?","M","M","R","M","M","T","R","M","M","R","M","R","BOSS","M","M","$","?","?","E","?","R","T","?","R","?","M","M","R","BOSS"],"build_version":"2019-01-23","purchased_purges":3,"victory":true,"max_hp_per_floor":[88,88,88,88,88,88,88,88,88,88,88,88,88,88,88,88,88,88,88,88,88,88,88,88,88,88,88,88,88,88,88,88,88,88,88,88,88,88,88,88,88,88,88,88,88,88,90,90,90,90],"card_choices":[{"not_picked":["Sever Soul","Perfected Strike","Wild Strike"],"picked":"SKIP","floor":1},{"not_picked":["Warcry","True Grit"],"picked":"Uppercut","floor":2},{"not_picked":["Burning Pact","Sever Soul"],"picked":"Headbutt","floor":3},{"not_picked":["True Grit","Infernal Blade","Clash"],"picked":"SKIP","floor":4},{"not_picked":["Rampage","True Grit"],"picked":"Rage","floor":7},{"not_picked":["Wild Strike","True Grit"],"picked":"Iron Wave","floor":10},{"not_picked":["Clothesline","Disarm"],"picked":"Offering","floor":12},{"not_picked":["Cleave","Sword Boomerang"],"picked":"Pommel Strike","floor":13},{"not_picked":["Fiend Fire","Feed"],"picked":"Limit Break","floor":16},{"not_picked":["Corruption","Iron Wave"],"picked":"Combust+1","floor":18},{"not_picked":["Clash","Havoc"],"picked":"Sword Boomerang+1","floor":19},{"not_picked":["Thunderclap","Blood for Blood"],"picked":"Inflame","floor":21},{"not_picked":["Power Through","Warcry"],"picked":"Armaments","floor":22},{"not_picked":["Second Wind","Headbutt"],"picked":"Evolve+1","floor":24},{"not_picked":["Heavy Blade","Body Slam","Wild Strike"],"picked":"SKIP","floor":25},{"not_picked":["Iron Wave","Perfected Strike","Wild Strike"],"picked":"SKIP","floor":29},{"not_picked":["Iron Wave","Headbutt"],"picked":"Inflame","floor":31},{"not_picked":["Feed","Fiend Fire"],"picked":"Reaper","floor":33},{"not_picked":["Armaments","Anger"],"picked":"Heavy Blade","floor":35},{"not_picked":["True Grit","Metallicize","Clash"],"picked":"SKIP","floor":36},{"not_picked":["Sword Boomerang","Exhume"],"picked":"Shrug It Off+1","floor":38},{"not_picked":["Cleave+1","Anger+1"],"picked":"Pommel Strike","floor":39},{"not_picked":["Wild Strike+1","Warcry+1"],"picked":"Heavy Blade","floor":40},{"not_picked":["Blood for Blood+1","Havoc","Thunderclap"],"picked":"Singing Bowl","floor":47},{"not_picked":["Body Slam","Metallicize"],"picked":"Whirlwind","floor":48}],"player_experience":794115,"relics_obtained":[{"floor":7,"key":"Potion Belt"},{"floor":26,"key":"Meat on the Bone"},{"floor":38,"key":"Nunchaku"},{"floor":39,"key":"Charon\u0027s Ashes"},{"floor":40,"key":"Orichalcum"},{"floor":43,"key":"MawBank"},{"floor":46,"key":"Singing Bowl"}],"event_choices":[{"damage_healed":0,"gold_gain":100,"player_choice":"Pray","damage_taken":0,"max_hp_gain":0,"max_hp_loss":0,"event_name":"Golden Shrine","floor":20,"gold_loss":0},{"damage_healed":0,"gold_gain":0,"player_choice":"Fight","damage_taken":0,"max_hp_gain":0,"max_hp_loss":0,"event_name":"Mysterious Sphere","floor":38,"gold_loss":0},{"damage_healed":0,"gold_gain":0,"player_choice":"Fight","damage_taken":0,"max_hp_gain":0,"max_hp_loss":0,"event_name":"MindBloom","floor":39,"gold_loss":0},{"damage_healed":0,"gold_gain":0,"player_choice":"Ignored","damage_taken":0,"max_hp_gain":0,"max_hp_loss":0,"event_name":"Tomb of Lord Red Mask","floor":41,"gold_loss":0}],"is_beta":false,"boss_relics":[{"not_picked":["Runic Dome","Lizard Tail"],"picked":"Mark of Pain"},{"not_picked":["Black Blood","Pandora\u0027s Box"],"picked":"Sozu"}],"items_purged_floors":[14,37,44],"is_endless":false,"potions_floor_spawned":[1,3,4,7,16,19,22,29,31,38,39,47],"ascension_level":0}