{"gold_per_floor":[119,137,137,155,175,213,228,228,254,254,295,295,295,59,59,180,180,193,213,233,233,248,248,278,278,354,354,453,469,469,482,482,582,582,596,58,75,75,35,35,63,63,63,83,83,94,94,94,94,94],"floor_reached":51,"playtime":5820,"items_purged":["Normality"],"score":1040,"play_id":"0ce43f6b-4628-411c-b791-c0e1358639df","local_time":"20190330231445","is_ascension_mode":true,"campfire_choices":[{"data":"Armaments","floor":8,"key":"SMITH"},{"floor":10,"key":"REST"},{"data":"Metallicize","floor":12,"key":"SMITH"},{"floor":15,"key":"REST"},{"data":"Corruption","floor":23,"key":"SMITH"},{"floor":27,"key":"REST"},{"data":"Flame Barrier","floor":30,"key":"SMITH"},{"data":"Bludgeon","floor":32,"key":"SMITH"},{"floor":40,"key":"REST"},{"floor":42,"key":"DIG"},{"floor":47,"key":"DIG"},{"floor":49,"key":"DIG"}],"neow_cost":"PERCENT_DAMAGE","seed_source_timestamp":700896743990685,"circlet_count":0,"master_deck":["AscendersBane","Strike_R","Strike_R","Strike_R","Strike_R+1","Defend_R","Defend_R","Defend_R","Bash","Armaments+1","Pommel Strike","Iron Wave","Flame Barrier+1","Headbutt","Metallicize+1","Impervious","Feed","Corruption+1","Clothesline+1","Pommel Strike+1","Shockwave","Pommel Strike","Necronomicurse","Heavy Blade","Bludgeon+1","Dark Embrace+1","Heavy Blade","Dark Embrace","Sentinel","Flame Barrier","Burning Pact","Spot Weakness","Madness","Madness","Second Wind+1"],"relics":["Burning Blood","Champion Belt","Bloody Idol","Vajra","Bag of Marbles","Blood Vial","Cursed Key","Strawberry","Necronomicon","Pantograph","Sozu","Shovel","Whetstone","Unceasing Top","Toxic Egg 2","Incense Burner"],"potions_floor_usage":[5,6,16,33,33,50],"damage_taken":[{"damage":0,"enemies":"2 Louse","floor":1,"turns":4},{"damage":4,"enemies":"Jaw Worm","floor":2,"turns":5},{"damage":4,"enemies":"Small Slimes","floor":4,"turns":4},{"damage":4,"enemies":"3 Louse","floor":5,"turns":2},{"damage":38,"enemies":"Lagavulin","floor":6,"turns":8},{"damage":0,"enemies":"2 Fungi Beasts","floor":7,"turns":4},{"damage":25,"enemies":"3 Sentries","floor":11,"turns":7},{"damage":14,"enemies":"Hexaghost","floor":16,"turns":9},{"damage":0,"enemies":"3 Byrds","floor":18,"turns":5},{"damage":1,"enemies":"Shell Parasite","floor":19,"turns":6},{"damage":4,"enemies":"Snecko","floor":20,"turns":6},{"damage":11,"enemies":"Snake Plant","floor":22,"turns":7},{"damage":54,"enemies":"Book of Stabbing","floor":24,"turns":8},{"damage":7,"enemies":"Centurion and Healer","floor":29,"turns":5},{"damage":13,"enemies":"Shelled Parasite and Fungi","floor":31,"turns":5},{"damage":51,"enemies":"Collector","floor":33,"turns":8},{"damage":50,"enemies":"3 Darklings","floor":35,"turns":6},{"damage":7,"enemies":"Orb Walker","floor":37,"turns":2},{"damage":4,"enemies":"Giant Head","floor":41,"turns":5},{"damage":9,"enemies":"Sphere and 2 Shapes","floor":44,"turns":4},{"damage":27,"enemies":"4 Shapes","floor":46,"turns":5},{"damage":41,"enemies":"Time Eater","floor":50,"turns":12}],"seed_played":"-4473610813213397688","potions_obtained":[{"floor":2,"key":"Strength Potion"},{"floor":4,"key":"Explosive Potion"},{"floor":29,"key":"Regen Potion"},{"floor":31,"key":"AttackPotion"},{"floor":33,"key":"LiquidBronze"}],"is_trial":false,"path_per_floor":["M","M","?","M","M","E","M","R","T","R","E","R","?","$","R","B",null,"M","M","M","?","M","R","E","?","T","R","?","M","R","M","R","B",null,"M","$","M","?","?","R","E","R","T","M","?","M","R","?","R","B",null],"character_chosen":"IRONCLAD","items_purchased":["Impervious","LiquidBronze","Dark Embrace","Sentinel","Shovel"],"campfire_rested":4,"item_purchase_floors":[14,14,36,36,36],"current_hp_per_floor":[57,59,59,61,63,31,37,37,37,59,40,40,33,33,55,49,68,77,80,80,80,80,80,44,28,33,59,64,73,73,73,73,65,84,47,47,53,53,53,80,89,89,89,93,81,67,67,67,67,58],"gold":94,"neow_bonus":"ONE_RARE_RELIC","is_prod":false,"is_daily":false,"chose_seed":false,"campfire_upgraded":5,"win_rate":0,"timestamp":1554012885,"path_taken":["M","M","?","M","M","E","M","R","T","R","E","R","?","$","R","BOSS","M","M","M","?","M","R","E","?","T","R","?","M","R","M","R","BOSS","M","$","M","?","?","R","E","R","T","?","?","M","R","?","R","BOSS"],"build_version":"2019-01-23","purchased_purges":1,"victory":true,"max_hp_per_floor":[80,80,74,74,74,74,74,74,74,74,74,74,74,74,74,74,74,77,80,80,80,80,80,87,87,87,87,87,90,90,90,90,90,90,90,90,90,90,90,90,90,90,90,93,93,93,93,93,93,93],"card_choices":[{"not_picked":["Flex","Anger"],"picked":"Armaments","floor":1},{"not_picked":["Havoc","Heavy Blade"],"picked":"Pommel Strike","floor":2},{"not_picked":["True Grit","Wild Strike"],"picked":"Iron Wave","floor":4},{"not_picked":["Sever Soul","Hemokinesis","Feel No Pain"],"picked":"SKIP","floor":5},{"not_picked":["Whirlwind","Sentinel"],"picked":"Flame Barrier","floor":6},{"not_picked":["Sword Boomerang","Twin Strike"],"picked":"Headbutt","floor":7},{"not_picked":["Shrug It Off","Sword Boomerang"],"picked":"Metallicize","floor":11},{"not_picked":["Double Tap","Exhume"],"picked":"Feed","floor":16},{"not_picked":["Burning Pact+1","Wild Strike"],"picked":"Corruption","floor":18},{"not_picked":["Wild Strike+1","Twin Strike"],"picked":"Clothesline","floor":19},{"not_picked":["Clothesline+1","Seeing Red+1"],"picked":"Pommel Strike+1","floor":20},{"not_picked":["Pommel Strike","Rupture"],"picked":"Shockwave","floor":22},{"not_picked":["Armaments","Twin Strike"],"picked":"Pommel Strike","floor":24},{"not_picked":["Sword Boomerang","Entrench+1"],"picked":"Heavy Blade","floor":29},{"not_picked":["Spot Weakness","Anger"],"picked":"Bludgeon","floor":31},{"not_picked":["Reaper","Fiend Fire"],"picked":"Dark Embrace","floor":33},{"not_picked":["Seeing Red","Warcry+1"],"picked":"Heavy Blade","floor":35},{"not_picked":["Combust","Anger"],"picked":"Flame Barrier","floor":37},{"not_picked":["Blood for Blood+1","Pommel Strike"],"picked":"Burning Pact","floor":41},{"not_picked":["Rampage+1","Hemokinesis+1"],"picked":"Spot Weakness","floor":44},{"not_picked":["Sword Boomerang+1","Perfected Strike"],"picked":"Second Wind+1","floor":46}],"player_experience":351645,"relics_obtained":[{"floor":6,"key":"Vajra"},{"floor":9,"key":"Bag of Marbles"},{"floor":11,"key":"Blood Vial"},{"floor":24,"key":"Strawberry"},{"floor":25,"key":"Necronomicon"},{"floor":26,"key":"Pantograph"},{"floor":41,"key":"Whetstone"},{"floor":42,"key":"Unceasing Top"},{"floor":47,"key":"Toxic Egg 2"},{"floor":49,"key":"Incense Burner"}],"event_choices":[{"damage_healed":0,"gold_gain":0,"player_choice":"Lose Max HP","damage_taken":0,"relics_obtained":["Golden Idol"],"max_hp_gain":0,"max_hp_loss":6,"event_name":"Golden Idol","floor":3,"gold_loss":0},{"cards_removed":["Strike_R"],"damage_healed":0,"gold_gain":0,"player_choice":"Card Removal","damage_taken":7,"max_hp_gain":0,"max_hp_loss":0,"event_name":"Golden Wing","floor":13,"gold_loss":0},{"damage_healed":0,"gold_gain":0,"player_choice":"Gave Idol","damage_taken":0,"relics_obtained":["Bloody Idol"],"max_hp_gain":0,"max_hp_loss":0,"event_name":"Forgotten Altar","floor":21,"relics_lost":["Golden Idol"],"gold_loss":0},{"damage_healed":0,"gold_gain":0,"player_choice":"Obtained Book","damage_taken":16,"max_hp_gain":0,"max_hp_loss":0,"event_name":"Cursed Tome","floor":25,"gold_loss":0},{"damage_healed":0,"gold_gain":99,"player_choice":"Stole From Cult","damage_taken":0,"max_hp_gain":0,"max_hp_loss":0,"event_name":"Nest","floor":28,"gold_loss":0},{"damage_healed":0,"gold_gain":0,"player_choice":"Ignored","damage_taken":0,"max_hp_gain":0,"max_hp_loss":0,"event_name":"Mysterious Sphere","floor":38,"gold_loss":0},{"damage_healed":0,"gold_gain":0,"player_choice":"Upgrade","damage_taken":0,"max_hp_gain":0,"max_hp_loss":0,"event_name":"Designer","floor":39,"gold_loss":40,"cards_upgraded":["Dark Embrace"]},{"damage_healed":0,"gold_gain":0,"player_choice":"Embrace Madness","damage_taken":12,"max_hp_gain":0,"max_hp_loss":0,"event_name":"Winding Halls","floor":45,"gold_loss":0,"cards_obtained":["Madness","Madness"]},{"cards_removed":["Defend_R"],"damage_healed":0,"gold_gain":0,"player_choice":"Removed Skill","damage_taken":0,"max_hp_gain":0,"max_hp_loss":0,"event_name":"Falling","floor":48,"gold_loss":0}],"is_beta":false,"boss_relics":[{"not_picked":["Ectoplasm","Empty Cage"],"picked":"Cursed Key"},{"not_picked":["White Beast Statue","Tiny House"],"picked":"Sozu"}],"items_purged_floors":[36],"is_endless":false,"potions_floor_spawned":[2,4,29,31,33,41,46],"ascension_level":11}