{"gold_per_floor":[110,127,139,30,41,41,72,72,147,69,103,28,28,46,46,143,143,162,182,39,39,49,49,78,88,169,169,183,183,15,35,35,132,132,147,159,179,179,31,31,59,59,59,59,77,97,97,197,197,197],"floor_reached":51,"playtime":2662,"items_purged":["Strike_G","Injury"],"score":856,"play_id":"263afba4-0977-4acb-9663-5b1e8eba76ee","local_time":"20190407220556","is_ascension_mode":true,"campfire_choices":[{"data":"Neutralize","floor":6,"key":"SMITH"},{"data":"Glass Knife","floor":8,"key":"SMITH"},{"data":"Crippling Poison","floor":13,"key":"SMITH"},{"data":"Flying Knee","floor":15,"key":"SMITH"},{"data":"Burst","floor":23,"key":"SMITH"},{"floor":27,"key":"REST"},{"data":"Well Laid Plans","floor":32,"key":"SMITH"},{"data":"Adrenaline","floor":40,"key":"SMITH"},{"data":"Phantasmal Killer","floor":42,"key":"SMITH"},{"data":"Acrobatics","floor":47,"key":"SMITH"},{"data":"Backflip","floor":49,"key":"SMITH"}],"neow_cost":"NONE","seed_source_timestamp":107135481294293,"circlet_count":0,"master_deck":["Defend_G","Defend_G","Defend_G","Defend_G","Defend_G","Strike_G","Strike_G","Strike_G","Strike_G","Survivor","Neutralize+1","Deadly Poison","Deadly Poison","Backflip+1","Flying Knee+1","Panacea","Glass Knife+1","Crippling Poison+1","Prepared","Backflip","Malaise","Outmaneuver","Bouncing Flask","Burst+1","Backflip+1","Prepared+1","Backflip+1","Injury","Well Laid Plans+1","Phantasmal Killer+1","Blur","Tactician+1","Adrenaline+1","Acrobatics+1","Parasite","Predator+1","All Out Attack+1"],"relics":["Ring of the Snake","Blood Vial","Bird Faced Urn","Kunai","Regal Pillow","Cursed Key","Bronze Scales","Pen Nib","Gremlin Horn","Bag of Marbles","Eternal Feather","Ornamental Fan","Lantern","Ice Cream"],"potions_floor_usage":[24,33,33,41,48],"damage_taken":[{"damage":3,"enemies":"Cultist","floor":1,"turns":5},{"damage":1,"enemies":"Jaw Worm","floor":2,"turns":5},{"damage":0,"enemies":"2 Louse","floor":3,"turns":3},{"damage":7,"enemies":"Looter","floor":5,"turns":4},{"damage":19,"enemies":"Gremlin Nob","floor":7,"turns":4},{"damage":10,"enemies":"Lagavulin","floor":11,"turns":6},{"damage":0,"enemies":"2 Fungi Beasts","floor":14,"turns":3},{"damage":21,"enemies":"Slime Boss","floor":16,"turns":11},{"damage":13,"enemies":"2 Thieves","floor":18,"turns":5},{"damage":8,"enemies":"Shell Parasite","floor":19,"turns":4},{"damage":12,"enemies":"3 Cultists","floor":22,"turns":4},{"damage":17,"enemies":"Book of Stabbing","floor":24,"turns":5},{"damage":11,"enemies":"Snecko","floor":25,"turns":5},{"damage":2,"enemies":"Shelled Parasite and Fungi","floor":28,"turns":4},{"damage":0,"enemies":"3 Cultists","floor":31,"turns":3},{"damage":14,"enemies":"Collector","floor":33,"turns":7},{"damage":3,"enemies":"Orb Walker","floor":35,"turns":4},{"damage":0,"enemies":"3 Shapes","floor":36,"turns":5},{"damage":26,"enemies":"Maw","floor":37,"turns":8},{"damage":51,"enemies":"Reptomancer","floor":41,"turns":5},{"damage":13,"enemies":"Transient","floor":45,"turns":5},{"damage":4,"enemies":"4 Shapes","floor":46,"turns":3},{"damage":4,"enemies":"Mind Bloom Boss Battle","floor":48,"turns":8},{"damage":34,"enemies":"Donu and Deca","floor":50,"turns":8}],"seed_played":"-117526899195596337","potions_obtained":[{"floor":2,"key":"Ancient Potion"},{"floor":5,"key":"Ancient Potion"},{"floor":16,"key":"Poison Potion"},{"floor":18,"key":"Strength Potion"},{"floor":19,"key":"Dexterity Potion"},{"floor":24,"key":"SteroidPotion"},{"floor":28,"key":"EssenceOfSteel"},{"floor":36,"key":"Energy Potion"},{"floor":45,"key":"FairyPotion"},{"floor":46,"key":"Regen Potion"},{"floor":48,"key":"Fire Potion"}],"is_trial":false,"path_per_floor":["M","M","M","$","M","R","E","R","T","$","E","$","R","M","R","B",null,"M","M","$","?","M","R","E","M","T","R","M","T","$","M","R","B",null,"M","M","M","?","$","R","E","R","T","$","M","M","R","?","R","B",null],"character_chosen":"THE_SILENT","items_purchased":["Flying Knee","Panacea","Crippling Poison","Burst","Well Laid Plans","Adrenaline"],"campfire_rested":1,"item_purchase_floors":[4,4,10,20,30,39],"current_hp_per_floor":[67,68,70,70,63,63,46,46,46,46,38,38,38,40,40,21,70,57,51,51,51,41,41,26,17,17,53,53,53,53,57,57,47,70,69,70,46,46,46,64,17,35,35,35,26,26,47,62,70,36],"gold":197,"neow_bonus":"RANDOM_COMMON_RELIC","is_prod":false,"is_daily":false,"chose_seed":false,"campfire_upgraded":10,"win_rate":0,"timestamp":1554645956,"path_taken":["M","M","M","$","M","R","E","R","T","?","E","?","R","M","R","BOSS","M","M","$","?","?","R","E","M","T","R","?","?","$","M","R","BOSS","M","M","?","?","$","R","E","R","T","$","M","M","R","?","R","BOSS"],"build_version":"2019-01-23","purchased_purges":2,"victory":true,"max_hp_per_floor":[70,70,70,70,70,70,70,70,70,70,70,70,70,70,70,70,70,70,70,70,70,70,70,70,70,70,70,70,70,70,70,70,70,70,70,70,70,70,70,70,70,70,70,70,70,70,70,70,70,70],"card_choices":[{"not_picked":["Prepared","Dagger Throw"],"picked":"Deadly Poison","floor":1},{"not_picked":["Skewer","Blade Dance"],"picked":"Deadly Poison","floor":2},{"not_picked":["Cloak And Dagger","Outmaneuver"],"picked":"Backflip","floor":3},{"not_picked":["Predator","Reflex","Caltrops"],"picked":"SKIP","floor":5},{"not_picked":["Cloak And Dagger","Infinite Blades"],"picked":"Glass Knife","floor":7},{"not_picked":["Masterful Stab","Blade Dance"],"picked":"Prepared","floor":11},{"not_picked":["Flechettes","Accuracy"],"picked":"Backflip","floor":14},{"not_picked":["Wraith Form v2","Venomology"],"picked":"Malaise","floor":16},{"not_picked":["Eviscerate","Underhanded Strike"],"picked":"Outmaneuver","floor":18},{"not_picked":["Slice","Expertise+1"],"picked":"Bouncing Flask","floor":19},{"not_picked":["Tactician","Deflect"],"picked":"Backflip+1","floor":22},{"not_picked":["Dagger Spray","Backflip"],"picked":"Prepared+1","floor":24},{"not_picked":["Choke","Endless Agony"],"picked":"Bane","floor":25},{"not_picked":["Crippling Poison","Slice"],"picked":"Backflip+1","floor":28},{"not_picked":["Distraction","Outmaneuver","Finisher+1"],"picked":"SKIP","floor":31},{"not_picked":["Storm of Steel","Grand Finale"],"picked":"Phantasmal Killer","floor":33},{"not_picked":["PiercingWail+1","Dodge and Roll+1"],"picked":"Blur","floor":35},{"not_picked":["Dodge and Roll","Eviscerate","Cloak And Dagger"],"picked":"SKIP","floor":36},{"not_picked":["PiercingWail","Backflip+1"],"picked":"Tactician+1","floor":37},{"not_picked":["Deadly Poison","Flying Knee"],"picked":"Acrobatics","floor":41},{"not_picked":["Finisher","Infinite Blades"],"picked":"Predator+1","floor":45},{"not_picked":["Flying Knee","Caltrops"],"picked":"All Out Attack+1","floor":46}],"player_experience":947492,"relics_obtained":[{"floor":7,"key":"Bird Faced Urn"},{"floor":9,"key":"Kunai"},{"floor":11,"key":"Regal Pillow"},{"floor":24,"key":"Pen Nib"},{"floor":26,"key":"Gremlin Horn"},{"floor":29,"key":"Bag of Marbles"},{"floor":41,"key":"Ornamental Fan"},{"floor":43,"key":"Lantern"},{"floor":48,"key":"Ice Cream"}],"event_choices":[{"damage_healed":0,"gold_gain":0,"player_choice":"Gave Potion","damage_taken":0,"relics_obtained":["Bronze Scales"],"max_hp_gain":0,"max_hp_loss":0,"event_name":"WeMeetAgain","floor":21,"gold_loss":0},{"cards_removed":["Bane"],"damage_healed":0,"gold_gain":0,"player_choice":"Removed Attack","damage_taken":0,"max_hp_gain":0,"max_hp_loss":0,"event_name":"Falling","floor":38,"gold_loss":0},{"damage_healed":0,"gold_gain":0,"player_choice":"Fight","damage_taken":0,"max_hp_gain":0,"max_hp_loss":0,"event_name":"MindBloom","floor":48,"gold_loss":0}],"is_beta":false,"boss_relics":[{"not_picked":["Velvet Choker","WristBlade"],"picked":"Cursed Key"},{"not_picked":["Calling Bell","Empty Cage"],"picked":"Eternal Feather"}],"items_purged_floors":[12,30],"is_endless":false,"potions_floor_spawned":[2,5,16,18,19,24,28,36,45,46,48],"ascension_level":3}