{"path_per_floor":["M","$","?","$","?","E","R","M","T","R","E","M","$","M","R","B",null,"M","?","M","?","$","R","?","R","T","M","$","M","?","M","R","B",null,"M","$","M","?","$","M","?","?","T","?","$","M","E","$","R","B"],"character_chosen":"IRONCLAD","items_purchased":["Headbutt","Uppercut","Bandage Up","Headbutt","Body Slam"],"gold_per_floor":[112,37,37,37,37,66,66,86,86,86,112,126,26,38,38,142,142,153,153,165,165,113,113,113,113,113,126,48,62,62,72,72,172,172,189,98,109,109,59,71,71,71,71,0,0,11,42,17,17,17],"floor_reached":51,"campfire_rested":2,"playtime":3584,"current_hp_per_floor":[80,80,80,80,68,74,74,80,80,80,69,74,74,74,74,43,80,64,64,47,32,32,57,41,41,41,47,47,51,51,48,73,75,85,85,85,54,54,54,23,23,44,44,44,44,38,39,39,39,41],"items_purged":["Strike_R","Strike_R"],"gold":17,"score":531,"play_id":"5a0d4a0f-b9a7-460f-bcc3-4b122dc82730","is_prod":false,"is_daily":false,"is_ascension_mode":false,"campfire_upgraded":5,"path_taken":["M","$","?","$","?","E","R","M","T","R","E","M","$","M","R","BOSS","M","?","M","?","$","R","?","R","T","?","$","M","?","M","R","BOSS","M","$","?","?","$","M","?","?","T","?","$","?","E","?","R","BOSS"],"build_version":"2018-02-22-PROD2","purchased_purges":3,"victory":true,"master_deck":["Strike_R+1","Strike_R+1","Strike_R+1","Defend_R+1","Defend_R+1","Defend_R+1","Defend_R+1","Bash+1","Twin Strike","Iron Wave","Infernal Blade+1","Berserk+1","Whirlwind","Dropkick","Exhume","Havoc+1","Armaments+1","Headbutt","Necronomicurse","Flex","Uppercut","Fiend Fire","Impervious","Headbutt","Bandage Up","Feel No Pain+1","Headbutt","Burning Pact+1","Writhe","Seeing Red+1","Body Slam"],"max_hp_per_floor":[80,80,80,80,80,80,80,80,80,80,80,80,80,80,80,80,80,80,80,80,85,85,85,85,85,85,85,85,85,85,85,85,85,85,85,85,85,85,85,85,85,85,85,85,85,85,85,85,85,85],"relics":["Burning Blood","NeowsBlessing","Shuriken","Ginger","Frozen Eye","Pantograph","Question Card","Necronomicon","Dead Branch","Mark of Pain","Bronze Scales","Red Mask","Lantern"],"card_choices":[{"not_picked":["Thunderclap","Flex"],"picked":"Twin Strike"},{"not_picked":["Fire Breathing","Clash"],"picked":"Iron Wave"},{"not_picked":["Ghostly Armor","Bloodletting"],"picked":"Infernal Blade"},{"not_picked":["Warcry","Iron Wave"],"picked":"Berserk"},{"not_picked":["Warcry","Searing Blow"],"picked":"Whirlwind"},{"not_picked":["Flame Barrier","Cleave"],"picked":"Dropkick"},{"not_picked":["Dark Embrace","Brutality"],"picked":"Exhume"},{"not_picked":["Rupture","Dual Wield","Inflame"],"picked":"Havoc"},{"not_picked":["Shrug It Off","Havoc","Inflame"],"picked":"Armaments"},{"not_picked":["Feel No Pain","Searing Blow","Sword Boomerang"],"picked":"Flex"},{"not_picked":["Disarm","Entrench","Ghostly Armor"],"picked":"Uppercut"},{"not_picked":["Armaments","Iron Wave","Clothesline"],"picked":"Fiend Fire"},{"not_picked":["Barricade","Immolate","Bludgeon"],"picked":"Impervious"},{"not_picked":["Perfected Strike","True Grit","Heavy Blade"],"picked":"Headbutt"},{"not_picked":["Clothesline","Rampage","Thunderclap"],"picked":"Feel No Pain"},{"not_picked":["Cleave","Rage","Evolve"],"picked":"Burning Pact"},{"not_picked":["Feel No Pain","Searing Blow","Fire Breathing"],"picked":"Seeing Red"}],"player_experience":83430,"potions_floor_usage":[27,33,50,50,50],"damage_taken":[{"damage":0,"enemies":"2 Louse","floor":1,"turns":1},{"damage":0,"enemies":"Lagavulin","floor":6,"turns":1},{"damage":0,"enemies":"Small Slimes","floor":8,"turns":1},{"damage":17,"enemies":"3 Sentries","floor":11,"turns":8},{"damage":1,"enemies":"Cultist","floor":12,"turns":3},{"damage":6,"enemies":"2 Fungi Beasts","floor":14,"turns":2},{"damage":43,"enemies":"Slime Boss","floor":16,"turns":8},{"damage":22,"enemies":"Spheric Guardian","floor":18,"turns":4},{"damage":23,"enemies":"Shell Parasite","floor":20,"turns":5},{"damage":0,"enemies":"Snake Plant","floor":27,"turns":3},{"damage":2,"enemies":"Centurion and Healer","floor":29,"turns":5},{"damage":9,"enemies":"Cultist and Chosen","floor":31,"turns":4},{"damage":16,"enemies":"Champ","floor":33,"turns":6},{"damage":6,"enemies":"Orb Walker","floor":35,"turns":2},{"damage":45,"enemies":"3 Shapes","floor":37,"turns":7},{"damage":37,"enemies":"Sphere and 2 Shapes","floor":40,"turns":4},{"damage":16,"enemies":"3 Darklings","floor":46,"turns":5},{"damage":9,"enemies":"Giant Head","floor":47,"turns":6},{"damage":33,"enemies":"Donu and Deca","floor":50,"turns":6}],"event_choices":[{"event_name":"The Cleric","player_choice":"Leave","floor":3,"damage_taken":0},{"event_name":"Scrap Ooze","player_choice":"success","floor":5,"damage_taken":12},{"event_name":"Back to Basics","player_choice":"Simplicity","floor":19,"damage_taken":0},{"event_name":"Forgotten Altar","player_choice":"Shed Blood","floor":21,"damage_taken":0},{"event_name":"Cursed Tome","player_choice":"Obtained Book","floor":24,"damage_taken":0},{"event_name":"Vampires","player_choice":"Ignored","floor":30,"damage_taken":0},{"event_name":"Mysterious Sphere","player_choice":"Ignore","floor":38,"damage_taken":0},{"event_name":"Winding Halls","player_choice":"Writhe","floor":42,"damage_taken":0},{"event_name":"Tomb of Lord Red Mask","player_choice":"Paid","floor":44,"damage_taken":0}],"boss_relics":[{"not_picked":["Ectoplasm","Black Star"],"picked":"Question Card"},{"not_picked":["Snecko Eye","Astrolabe"],"picked":"Mark of Pain"}],"potions_floor_spawned":[8,16,18,20,31,46,47],"seed_played":"3558156671877941861","ascension_level":0,"is_trial":false}