{"gold_per_floor":[364,29,47,59,22,22,22,49,120,120,132,132,145,145,145,247,247,267,281,281,53,72,72,83,98,123,123,123,141,141,156,156,253,253,265,365,220,237,137,137,137],"floor_reached":41,"playtime":1967,"items_purged":["Doubt","Regret"],"score":443,"play_id":"ad8c5bd4-7200-4fbe-a40c-a2ceec93927a","local_time":"20190317221656","is_ascension_mode":false,"campfire_choices":[{"data":"Sunder","floor":6,"key":"SMITH"},{"data":"Consume","floor":10,"key":"SMITH"},{"data":"Self Repair","floor":12,"key":"SMITH"},{"data":"Capacitor","floor":15,"key":"SMITH"},{"data":"Creative AI","floor":23,"key":"SMITH"},{"data":"RitualDagger","floor":28,"key":"SMITH"},{"data":"Defragment","floor":30,"key":"SMITH"},{"data":"Dualcast","floor":32,"key":"SMITH"},{"data":"Darkness","floor":40,"key":"SMITH"}],"neow_cost":"TEN_PERCENT_HP_LOSS","seed_source_timestamp":1926746782399355,"circlet_count":0,"master_deck":["Defend_B","Defend_B","Defend_B","Defend_B","Zap+1","Dualcast+1","Chill","Darkness+1","Sunder+1","Melter","Reprogram","Capacitor+1","Consume+1","Self Repair+1","Steam","Creative AI+1","Storm","Barrage","Bite","Bite","Bite","Bite","Bite","Defragment+1","Rebound","Leap","Loop","RitualDagger+1","Cold Snap+1","Leap","Seek","Clumsy","Glacier","Electrodynamics","Steam+1"],"relics":["Cracked Core","DataDisk","Bronze Scales","Sozu","Anchor","Lantern","Calling Bell","Dream Catcher","Gremlin Horn","Nunchaku"],"potions_floor_usage":[8,8,16,16,33],"damage_taken":[{"damage":1,"enemies":"Cultist","floor":1,"turns":3},{"damage":0,"enemies":"Small Slimes","floor":3,"turns":2},{"damage":0,"enemies":"2 Louse","floor":4,"turns":2},{"damage":26,"enemies":"Gremlin Nob","floor":8,"turns":4},{"damage":10,"enemies":"Large Slime","floor":11,"turns":5},{"damage":4,"enemies":"Blue Slaver","floor":13,"turns":3},{"damage":36,"enemies":"Slime Boss","floor":16,"turns":10},{"damage":13,"enemies":"Shell Parasite","floor":18,"turns":6},{"damage":15,"enemies":"Chosen","floor":19,"turns":5},{"damage":24,"enemies":"3 Cultists","floor":22,"turns":6},{"damage":9,"enemies":"Centurion and Healer","floor":24,"turns":6},{"damage":4,"enemies":"Chosen and Byrds","floor":25,"turns":5},{"damage":4,"enemies":"Snecko","floor":29,"turns":4},{"damage":18,"enemies":"Sentry and Sphere","floor":31,"turns":4},{"damage":25,"enemies":"Champ","floor":33,"turns":9},{"damage":1,"enemies":"3 Shapes","floor":35,"turns":5},{"damage":7,"enemies":"3 Darklings","floor":38,"turns":2},{"damage":0,"enemies":"Transient","floor":41,"turns":1}],"seed_played":"5997564723900968174","potions_obtained":[{"floor":1,"key":"EntropicBrew"},{"floor":8,"key":"LiquidBronze"}],"is_trial":false,"path_per_floor":["M","$","M","M","$","R","?","E","T","R","M","R","M","?","R","B",null,"M","M","?","$","M","R","M","M","T","?","R","M","R","M","R","B",null,"M","?","$","M","$","R","M"],"character_chosen":"DEFECT","items_purchased":["Chill","Darkness","DataDisk","Sunder","Capacitor","Defragment","Anchor","Electrodynamics"],"campfire_rested":0,"item_purchase_floors":[2,2,2,2,5,21,21,37],"current_hp_per_floor":[67,67,67,67,67,67,67,41,41,41,31,31,37,37,37,11,68,65,60,47,47,39,39,47,47,47,41,41,43,43,43,43,24,47,47,47,47,40,40,40,40],"gold":137,"neow_bonus":"TWO_FIFTY_GOLD","is_prod":false,"is_daily":false,"chose_seed":false,"campfire_upgraded":9,"win_rate":0,"timestamp":1552832216,"path_taken":["M","$","M","M","?","R","?","E","T","R","?","R","M","?","R","BOSS","M","M","?","$","M","R","M","M","T","?","R","M","R","M","R","BOSS","M","?","$","?","$","R","M"],"build_version":"2019-01-23","purchased_purges":2,"victory":false,"max_hp_per_floor":[68,68,68,68,68,68,68,68,68,68,68,68,68,68,68,68,68,68,68,47,47,47,47,47,47,47,47,47,47,47,47,47,47,47,47,47,47,47,47,47,47],"card_choices":[{"not_picked":["Steam Power","Rip and Tear","Gash"],"picked":"SKIP","floor":1},{"not_picked":["Storm","Turbo"],"picked":"Melter","floor":3},{"not_picked":["Scrape","Turbo"],"picked":"Reprogram","floor":4},{"not_picked":["Heatsinks","Turbo"],"picked":"Consume","floor":8},{"not_picked":["Skim","FTL"],"picked":"Self Repair","floor":11},{"not_picked":["Sweeping Beam","FTL"],"picked":"Steam","floor":13},{"not_picked":["Buffer","Fission"],"picked":"Creative AI","floor":16},{"not_picked":["Stack","Blizzard"],"picked":"Storm","floor":18},{"not_picked":["Compile Driver+1","Stack"],"picked":"Barrage","floor":19},{"not_picked":["Streamline","Gash"],"picked":"Rebound","floor":22},{"not_picked":["Rebound","Hyperbeam"],"picked":"Leap","floor":24},{"not_picked":["Hologram","Steam"],"picked":"Loop","floor":25},{"not_picked":["Hello World","Blizzard+1"],"picked":"Cold Snap+1","floor":29},{"not_picked":["Storm","Barrage"],"picked":"Leap","floor":31},{"not_picked":["Reboot","Buffer"],"picked":"Seek","floor":33},{"not_picked":["Cold Snap+1","Turbo"],"picked":"Glacier","floor":35},{"not_picked":["Hologram","Sweeping Beam"],"picked":"Steam+1","floor":38}],"player_experience":863009,"relics_obtained":[{"floor":8,"key":"Bronze Scales"},{"floor":26,"key":"Lantern"},{"floor":34,"key":"Dream Catcher"},{"floor":34,"key":"Gremlin Horn"},{"floor":34,"key":"Nunchaku"}],"event_choices":[{"damage_healed":0,"gold_gain":0,"player_choice":"Ignored","damage_taken":0,"max_hp_gain":0,"max_hp_loss":0,"event_name":"NoteForYourself","floor":7,"gold_loss":0},{"damage_healed":0,"gold_gain":0,"player_choice":"Grow","damage_taken":0,"max_hp_gain":0,"max_hp_loss":0,"event_name":"Living Wall","floor":14,"gold_loss":0,"cards_upgraded":["Zap"]},{"damage_healed":0,"gold_gain":0,"player_choice":"Became a vampire","damage_taken":0,"max_hp_gain":0,"max_hp_loss":21,"event_name":"Vampires","floor":20,"gold_loss":0,"cards_obtained":["Bite","Bite","Bite","Bite","Bite"]},{"damage_healed":0,"gold_gain":0,"player_choice":"Joined the Cult","damage_taken":6,"max_hp_gain":0,"max_hp_loss":0,"event_name":"Nest","floor":27,"gold_loss":0,"cards_obtained":["RitualDagger"]},{"damage_healed":0,"gold_gain":100,"player_choice":"Pray","damage_taken":0,"max_hp_gain":0,"max_hp_loss":0,"event_name":"Golden Shrine","floor":36,"gold_loss":0}],"is_beta":false,"boss_relics":[{"not_picked":["Tiny House","Orrery"],"picked":"Sozu"},{"not_picked":["Pandora\u0027s Box","Lizard Tail"],"picked":"Calling Bell"}],"items_purged_floors":[37,39],"is_endless":false,"potions_floor_spawned":[1,8,11,19,22,24,33],"killed_by":"Transient","ascension_level":0}