{"path_per_floor":["M","$","M","M","?","R","M","E","T","$","M","M","R","M","R","B",null,"M","?","M","?","M","R","M","M","T","R","$","?","?","M","R"],"character_chosen":"IRONCLAD","items_purchased":["Battle Trance","Inflame"],"gold_per_floor":[110,1,13,27,27,27,45,70,147,76,96,115,115,135,135,233,233,246,161,178,178,198,198,209,229,256,256,156,156,81,100,100],"floor_reached":33,"campfire_rested":1,"playtime":1343,"current_hp_per_floor":[80,80,80,80,80,80,80,73,73,73,76,77,77,80,80,51,80,75,75,67,67,49,49,40,33,33,33,33,18,18,16,41],"items_purged":["Strike_R","Strike_R"],"gold":100,"score":251,"play_id":"1bb743ec-962f-4dbc-852e-729a31e398ba","local_time":"20180322002823","is_prod":false,"is_daily":false,"is_ascension_mode":false,"campfire_upgraded":5,"timestamp":1521649703,"path_taken":["M","$","M","M","?","R","?","E","T","$","M","M","R","M","R","BOSS","M","?","M","?","?","R","?","M","T","R","$","?","?","M","R","BOSS"],"build_version":"2018-03-15v3","purchased_purges":2,"victory":false,"master_deck":["Defend_R","Defend_R","Defend_R","Defend_R","Bash","Bludgeon+1","Battle Trance","Iron Wave","Seeing Red","Intimidate","Offering","Inflame","Searing Blow+4","Dual Wield","Impervious","Spot Weakness+1","Shrug It Off","Heavy Blade+1","Headbutt+1","Impervious"],"max_hp_per_floor":[80,80,80,80,80,80,80,80,80,80,80,80,80,80,80,80,80,80,80,80,80,80,80,80,80,80,80,80,85,85,85,85],"relics":["Burning Blood","Orichalcum","Gremlin Horn","Mark of Pain","Paper Frog","Mummified Hand","Anchor"],"card_choices":[{"not_picked":["Flex","Dropkick"],"picked":"Iron Wave"},{"not_picked":["Flex","Sentinel"],"picked":"Seeing Red"},{"not_picked":["Sword Boomerang","Pommel Strike"],"picked":"Offering"},{"not_picked":["Pummel","Warcry"],"picked":"Searing Blow"},{"not_picked":["Cleave","True Grit"],"picked":"Dual Wield"},{"not_picked":["Fiend Fire","Demon Form"],"picked":"Impervious"},{"not_picked":["Anger","Warcry"],"picked":"Spot Weakness"},{"not_picked":["Twin Strike","Flex"],"picked":"Shrug It Off"},{"not_picked":["Pommel Strike","Flex"],"picked":"Heavy Blade"},{"not_picked":["Twin Strike","Power Through"],"picked":"Headbutt"},{"not_picked":["Intimidate","Flex"],"picked":"Impervious"}],"player_experience":353935,"potions_floor_usage":[16,33,33,33],"damage_taken":[{"damage":5,"enemies":"Jaw Worm","floor":1,"turns":4},{"damage":0,"enemies":"Cultist","floor":3,"turns":2},{"damage":6,"enemies":"2 Louse","floor":4,"turns":3},{"damage":0,"enemies":"Blue Slaver","floor":7,"turns":3},{"damage":13,"enemies":"Gremlin Nob","floor":8,"turns":4},{"damage":3,"enemies":"3 Louse","floor":11,"turns":4},{"damage":5,"enemies":"Exordium Thugs","floor":12,"turns":3},{"damage":0,"enemies":"Exordium Wildlife","floor":14,"turns":2},{"damage":35,"enemies":"Hexaghost","floor":16,"turns":8},{"damage":11,"enemies":"Shell Parasite","floor":18,"turns":3},{"damage":14,"enemies":"Spheric Guardian","floor":20,"turns":4},{"damage":24,"enemies":"Centurion and Healer","floor":22,"turns":4},{"damage":15,"enemies":"Slaver and Parasite","floor":24,"turns":4},{"damage":13,"enemies":"Snake Plant","floor":25,"turns":3},{"damage":8,"enemies":"Centurion and Healer","floor":31,"turns":3},{"damage":41,"enemies":"Collector","floor":33,"turns":6}],"event_choices":[{"event_name":"Transmorgrifier","player_choice":"Transform","floor":5,"damage_taken":0},{"event_name":"Addict","player_choice":"Obtained Relic","floor":19,"damage_taken":0},{"event_name":"The Mausoleum","player_choice":"Yes","floor":21,"damage_taken":0},{"event_name":"Forgotten Altar","player_choice":"Shed Blood","floor":29,"damage_taken":0},{"event_name":"Beggar","player_choice":"Gave Gold","floor":30,"damage_taken":0}],"boss_relics":[{"not_picked":["Calling Bell","Black Star"],"picked":"Mark of Pain"}],"potions_floor_spawned":[4,11,14,18,24,31],"seed_played":"5535147096760687865","killed_by":"Collector","ascension_level":0,"is_trial":false}