{"gold_per_floor":[99,49,66,66,6,39,59,90,90,108,120,120,13,26,26,145,145,163,177,177,15,15,15,56,74,152,27,70,70,70,70,70,198,261,275,290,290,290,313,346,346,390,415,415,415,433,458,483,483,483,483,483,7,40,40],"floor_reached":56,"playtime":4916,"items_purged":["Defend_B","Strike_B","Defend_B"],"score":1377,"play_id":"18a476f7-2362-4e58-9750-79610de4d221","local_time":"20190210040049","is_ascension_mode":true,"campfire_choices":[{"floor":15.0,"key":"REST"},{"data":"Creative AI","floor":23.0,"key":"SMITH"},{"data":"Zap","floor":32.0,"key":"SMITH"},{"floor":41.0,"key":"RECALL"},{"data":"Loop","floor":44.0,"key":"SMITH"},{"data":"Machine Learning","floor":49.0,"key":"SMITH"},{"data":"Force Field","floor":52.0,"key":"SMITH"}],"neow_cost":"NONE","seed_source_timestamp":534809728997665,"circlet_count":0,"master_deck":["Strike_B","Strike_B+1","Defend_B","Defend_B+1","Zap+1","Dualcast","Hologram","Redo+1","Creative AI+1","Streamline+1","Self Repair","Hologram","BootSequence","Turbo+1","Loop+1","Leap","Static Discharge","Lockon+1","Ghostly+1","Ghostly","Ghostly","Ghostly","Ghostly","Machine Learning+1","Force Field+1","White Noise","Darkness","Buffer","Skim","Conserve Battery","Redo+1","Defragment"],"special_seed":0,"relics":["Cracked Core","NeowsBlessing","The Courier","Incense Burner","War Paint","PreservedInsect","Golden Idol","Nuclear Battery","Enchiridion","Vajra","Tiny Chest","Happy Flower","Bottled Tornado","Pocketwatch","Tiny House","Gremlin Horn","Anchor","Whetstone","Bag of Preparation","Membership Card","Symbiotic Virus","Ornamental Fan","Oddly Smooth Stone","Bronze Scales","Boot"],"potions_floor_usage":[55],"damage_taken":[{"damage":0.0,"enemies":"Jaw Worm","floor":1.0,"turns":1.0},{"damage":0.0,"enemies":"2 Louse","floor":3.0,"turns":1.0},{"damage":0.0,"enemies":"3 Sentries","floor":6.0,"turns":1.0},{"damage":9.0,"enemies":"Small Slimes","floor":7.0,"turns":6.0},{"damage":27.0,"enemies":"Lagavulin","floor":8.0,"turns":6.0},{"damage":7.0,"enemies":"Exordium Wildlife","floor":10.0,"turns":5.0},{"damage":6.0,"enemies":"3 Louse","floor":11.0,"turns":4.0},{"damage":10.0,"enemies":"2 Fungi Beasts","floor":14.0,"turns":3.0},{"damage":36.0,"enemies":"Hexaghost","floor":16.0,"turns":9.0},{"damage":4.0,"enemies":"Shell Parasite","floor":18.0,"turns":5.0},{"damage":0.0,"enemies":"Chosen","floor":19.0,"turns":4.0},{"damage":10.0,"enemies":"Book of Stabbing","floor":24.0,"turns":7.0},{"damage":3.0,"enemies":"Snake Plant","floor":25.0,"turns":3.0},{"damage":14.0,"enemies":"Slavers","floor":28.0,"turns":3.0},{"damage":30.0,"enemies":"Champ","floor":33.0,"turns":11.0},{"damage":1.0,"enemies":"3 Shapes","floor":35.0,"turns":4.0},{"damage":7.0,"enemies":"3 Darklings","floor":36.0,"turns":5.0},{"damage":3.0,"enemies":"Jaw Worm Horde","floor":39.0,"turns":4.0},{"damage":8.0,"enemies":"Nemesis","floor":40.0,"turns":7.0},{"damage":0.0,"enemies":"Giant Head","floor":42.0,"turns":8.0},{"damage":1.0,"enemies":"Transient","floor":46.0,"turns":5.0},{"damage":2.0,"enemies":"3 Darklings","floor":48.0,"turns":6.0},{"damage":21.0,"enemies":"Time Eater","floor":50.0,"turns":7.0},{"damage":4,"enemies":"Shield and Spear","floor":54,"turns":5},{"damage":41,"enemies":"The Heart","floor":55,"turns":8}],"seed_played":"-6317207150386298037","potions_obtained":[{"floor":3.0,"key":"Swift Potion"},{"floor":6.0,"key":"SkillPotion"},{"floor":8.0,"key":"SpeedPotion"},{"floor":16.0,"key":"Fire Potion"},{"floor":28.0,"key":"Ancient Potion"},{"floor":33.0,"key":"Poison Potion"},{"floor":34.0,"key":"EntropicBrew"},{"floor":40.0,"key":"PowerPotion"},{"floor":54,"key":"FairyPotion"}],"is_trial":false,"path_per_floor":["M","?","M","T","$","E","M","E","T","M","M","?","$","M","R","B",null,"M","M","?","$","?","R","E","M","T","$","E","?","?","T","R","B",null,"M","M","T","?","M","E","R","E","T","R","?","M","T","M","R","B",null,"R","$","E","B",null],"character_chosen":"DEFECT","items_purchased":["BootSequence","Loop","Happy Flower","Membership Card","Symbiotic Virus","Ornamental Fan","Oddly Smooth Stone","Bronze Scales"],"campfire_rested":1,"item_purchase_floors":[13,21,27,53,53,53,53,53],"current_hp_per_floor":[75,75,75,75,75,75,66,39,39,39,40,40,40,37,57,28,69,69,69,69,69,53,53,50,47,47,47,40,40,34,34,34,11,39,38,38,38,49,46,45,45,49,49,49,49,49,49,49,49,28,49,49,49,49,15],"gold":40,"neow_bonus":"THREE_ENEMY_KILL","is_prod":false,"is_daily":false,"chose_seed":false,"campfire_upgraded":5,"win_rate":0,"timestamp":1549792849,"path_taken":["M","?","M","?","$","E","M","E","T","M","M","?","$","M","R","BOSS","M","M","?","$","?","R","E","M","T","?","E","?","?","?","R","BOSS","M","?","?","?","?","E","R","E","T","R","?","M","?","M","R","BOSS","R","$","E","BOSS"],"build_version":"2019-01-23","purchased_purges":3,"victory":true,"max_hp_per_floor":[75,75,75,75,75,75,75,75,75,75,75,69,69,69,69,69,69,69,69,69,69,69,69,69,69,69,69,69,69,34,34,34,34,39,39,39,39,49,49,49,49,49,49,49,49,49,49,49,49,49,49,49,49,49,49],"card_choices":[{"not_picked":["Cold Snap","Rebound"],"picked":"Hologram","floor":1.0},{"not_picked":["Consume","Auto Shields"],"picked":"Redo","floor":3.0},{"not_picked":["Reinforced Body","Heatsinks"],"picked":"Creative AI","floor":6.0},{"not_picked":["Auto Shields","Coolheaded"],"picked":"Streamline","floor":7.0},{"not_picked":["Ball Lightning","Biased Cognition"],"picked":"Self Repair","floor":8.0},{"not_picked":["Compile Driver","Gash"],"picked":"Hologram","floor":10.0},{"not_picked":["Coolheaded","Beam Cell"],"picked":"Core Surge","floor":11.0},{"not_picked":["Steam","Streamline","Gash"],"picked":"SKIP","floor":14.0},{"not_picked":["Hyperbeam","Fission"],"picked":"Biased Cognition","floor":16.0},{"not_picked":["FTL","Rebound"],"picked":"Turbo+1","floor":18.0},{"not_picked":["Consume","Doom and Gloom+1","Double Energy"],"picked":"SKIP","floor":19.0},{"not_picked":["Undo","Aggregate+1"],"picked":"Leap","floor":24.0},{"not_picked":["Fusion","Beam Cell"],"picked":"Static Discharge","floor":25.0},{"not_picked":["Cold Snap","Aggregate+1"],"picked":"Lockon+1","floor":28.0},{"not_picked":["Buffer","Rainbow"],"picked":"Machine Learning","floor":33.0},{"not_picked":["Beam Cell+1","Streamline+1"],"picked":"Force Field","floor":35.0},{"not_picked":["Steam+1","Doom and Gloom"],"picked":"White Noise","floor":36.0},{"not_picked":["Beam Cell+1","Glacier"],"picked":"Darkness","floor":39.0},{"not_picked":["Reprogram","Doom and Gloom"],"picked":"Buffer","floor":40.0},{"not_picked":["Beam Cell+1","Leap"],"picked":"Skim","floor":42.0},{"not_picked":["Stack+1","Ball Lightning+1"],"picked":"Conserve Battery","floor":46.0},{"not_picked":["Gash","Chill+1"],"picked":"Redo+1","floor":48.0},{"not_picked":["Beam Cell+1","Chill"],"picked":"Defragment","floor":54}],"player_experience":159496,"relics_obtained":[{"floor":4.0,"key":"The Courier"},{"floor":6.0,"key":"Incense Burner"},{"floor":8.0,"key":"War Paint"},{"floor":9.0,"key":"PreservedInsect"},{"floor":22.0,"key":"Enchiridion"},{"floor":24.0,"key":"Vajra"},{"floor":26.0,"key":"Tiny Chest"},{"floor":28.0,"key":"Bottled Tornado"},{"floor":31.0,"key":"Pocketwatch"},{"floor":37.0,"key":"Gremlin Horn"},{"floor":40.0,"key":"Anchor"},{"floor":42.0,"key":"Whetstone"},{"floor":47.0,"key":"Bag of Preparation"},{"floor":54,"key":"Boot"}],"event_choices":[{"cards_removed":["Strike_B"],"damage_healed":0.0,"max_hp_gain":0.0,"max_hp_loss":0.0,"gold_gain":0.0,"event_name":"The Cleric","player_choice":"Card Removal","floor":2.0,"gold_loss":50.0,"damage_taken":0.0},{"damage_healed":0.0,"max_hp_gain":0.0,"max_hp_loss":6.0,"gold_gain":0.0,"event_name":"Golden Idol","player_choice":"Lose Max HP","floor":12.0,"gold_loss":0.0,"damage_taken":0.0,"relics_obtained":["Golden Idol"]},{"damage_healed":0.0,"max_hp_gain":0.0,"max_hp_loss":0.0,"gold_gain":0.0,"event_name":"Vampires","player_choice":"Ignored","floor":20.0,"gold_loss":0.0,"damage_taken":0.0},{"damage_healed":0.0,"max_hp_gain":0.0,"max_hp_loss":0.0,"gold_gain":0.0,"event_name":"Cursed Tome","player_choice":"Obtained Book","floor":22.0,"gold_loss":0.0,"damage_taken":16.0},{"damage_healed":0.0,"max_hp_gain":0.0,"max_hp_loss":0.0,"gold_gain":0.0,"event_name":"Beggar","player_choice":"Ignored","floor":29.0,"gold_loss":0.0,"damage_taken":0.0},{"damage_healed":0.0,"max_hp_gain":0.0,"max_hp_loss":35.0,"gold_gain":0.0,"event_name":"Ghosts","player_choice":"Became a Ghost","floor":30.0,"gold_loss":0.0,"damage_taken":0.0,"cards_obtained":["Ghostly","Ghostly","Ghostly","Ghostly","Ghostly"]},{"cards_removed":["Biased Cognition"],"damage_healed":1.0,"max_hp_gain":10.0,"max_hp_loss":0.0,"gold_gain":0.0,"event_name":"Bonfire Elementals","player_choice":"Offered Rare","floor":38.0,"gold_loss":0.0,"damage_taken":0.0},{"cards_removed":["Core Surge"],"damage_healed":0.0,"max_hp_gain":0.0,"max_hp_loss":0.0,"gold_gain":0.0,"event_name":"Falling","player_choice":"Removed Attack","floor":45.0,"gold_loss":0.0,"damage_taken":0.0}],"is_beta":false,"boss_relics":[{"not_picked":["Cursed Key","Ectoplasm"],"picked":"Nuclear Battery"},{"not_picked":["Runic Pyramid","FrozenCore"],"picked":"Tiny House"}],"items_purged_floors":[5,13,21],"is_endless":false,"potions_floor_spawned":[3,6,8,16,28,33,35,36,40,42,54],"ascension_level":1}