{"gold_per_floor":[111,186,199,211,98,98,130,130,130,82,115,129,129,139,139,243,243,243,243,71,71,71,71],"floor_reached":23,"playtime":5579,"items_purged":["Strike_R","Strike_R"],"score":279,"play_id":"61ec9b76-37dd-4de1-85af-b89893ff7199","local_time":"20190413154826","is_ascension_mode":true,"campfire_choices":[{"data":"Armaments","floor":6,"key":"SMITH"},{"data":"Fire Breathing","floor":8,"key":"SMITH"},{"floor":13,"key":"REST"},{"floor":15,"key":"REST"}],"neow_cost":"NONE","seed_source_timestamp":243663280487700,"circlet_count":0,"master_deck":["Strike_R","Strike_R","Strike_R","Defend_R","Defend_R","Defend_R","Defend_R","Bash","Spot Weakness","Armaments+1","Battle Trance","Fire Breathing+1","Cleave","Fire Breathing+1","Shockwave","Metallicize+1","Barricade+1","Rampage","Metallicize+1","Writhe","Body Slam"],"relics":["Burning Blood","NeowsBlessing","Bottled Flame","Question Card","Frozen Egg 2","Ectoplasm","Art of War"],"potions_floor_usage":[16],"damage_taken":[{"damage":0,"enemies":"Small Slimes","floor":1,"turns":1},{"damage":0,"enemies":"Jaw Worm","floor":3,"turns":1},{"damage":0,"enemies":"2 Louse","floor":4,"turns":1},{"damage":29,"enemies":"Lagavulin","floor":7,"turns":8},{"damage":36,"enemies":"Gremlin Nob","floor":11,"turns":4},{"damage":11,"enemies":"Exordium Thugs","floor":12,"turns":4},{"damage":12,"enemies":"3 Louse","floor":14,"turns":4},{"damage":23,"enemies":"Hexaghost","floor":16,"turns":10},{"damage":12,"enemies":"Shell Parasite","floor":18,"turns":9},{"damage":18,"enemies":"Spheric Guardian","floor":22,"turns":6},{"damage":50,"enemies":"Slavers","floor":23,"turns":2}],"seed_played":"-8748748049492400055","potions_obtained":[{"floor":1,"key":"GamblersBrew"},{"floor":11,"key":"Strength Potion"},{"floor":14,"key":"Regen Potion"},{"floor":22,"key":"Swift Potion"}],"is_trial":false,"path_per_floor":["M","?","M","M","$","R","E","R","T","$","E","M","R","M","R","B",null,"M","?","$","?","M","E"],"character_chosen":"IRONCLAD","items_purchased":["Battle Trance","Cleave","Metallicize+1"],"campfire_rested":2,"item_purchase_floors":[5,10,20],"current_hp_per_floor":[78,67,73,79,79,79,56,56,56,56,26,21,45,39,63,61,75,69,54,54,54,42,0],"gold":71,"neow_bonus":"THREE_ENEMY_KILL","is_prod":false,"is_daily":false,"chose_seed":false,"campfire_upgraded":2,"win_rate":0,"timestamp":1555163306,"path_taken":["M","?","M","M","$","R","E","R","T","$","E","M","R","M","R","BOSS","M","?","$","?","M","E"],"build_version":"2019-01-23","purchased_purges":2,"victory":false,"max_hp_per_floor":[80,80,80,80,80,80,80,80,80,80,80,80,80,80,80,80,80,80,85,85,85,85,85],"card_choices":[{"not_picked":["Sword Boomerang","Wild Strike"],"picked":"Spot Weakness","floor":1},{"not_picked":["Headbutt","Flex"],"picked":"Armaments","floor":3},{"not_picked":["Warcry","Corruption","True Grit"],"picked":"SKIP","floor":4},{"not_picked":["Headbutt","Havoc"],"picked":"Fire Breathing","floor":7},{"not_picked":["Dual Wield","Thunderclap","Pommel Strike"],"picked":"Fire Breathing","floor":11},{"not_picked":["Wild Strike","Spot Weakness","Perfected Strike"],"picked":"Shockwave","floor":12},{"not_picked":["Blood for Blood","Feed","Perfected Strike"],"picked":"Metallicize+1","floor":14},{"not_picked":["Reaper","Juggernaut+1","Offering"],"picked":"Barricade+1","floor":16},{"not_picked":["Thunderclap+1","Headbutt","Burning Pact+1"],"picked":"Rampage","floor":18},{"not_picked":["Perfected Strike","Flex","Evolve+1"],"picked":"Body Slam","floor":22}],"player_experience":604337,"relics_obtained":[{"floor":7,"key":"Bottled Flame"},{"floor":9,"key":"Question Card"},{"floor":11,"key":"Frozen Egg 2"}],"event_choices":[{"damage_healed":0,"gold_gain":75,"player_choice":"Gather Gold","damage_taken":11,"max_hp_gain":0,"max_hp_loss":0,"event_name":"World of Goop","floor":2,"gold_loss":0},{"damage_healed":0,"gold_gain":0,"player_choice":"Shed Blood","damage_taken":20,"max_hp_gain":5,"max_hp_loss":0,"event_name":"Forgotten Altar","floor":19,"gold_loss":0},{"damage_healed":0,"gold_gain":0,"player_choice":"Opened","damage_taken":0,"relics_obtained":["Art of War"],"max_hp_gain":0,"max_hp_loss":0,"event_name":"The Mausoleum","floor":21,"gold_loss":0,"cards_obtained":["Writhe"]}],"is_beta":false,"boss_relics":[{"not_picked":["Orrery","Coffee Dripper"],"picked":"Ectoplasm"}],"items_purged_floors":[5,20],"is_endless":false,"potions_floor_spawned":[1,11,14,22],"killed_by":"Slavers","ascension_level":8}