{"gold_per_floor":[117,128,147,322,133,133,133,133,133,133,133,133,143,74,74,170,170,189,239,257,157,157],"floor_reached":22,"playtime":550,"items_purged":["Doubt","Strike_B"],"score":172,"play_id":"53e57ff0-2059-4675-a035-9e551f8a0429","local_time":"20190411000517","is_ascension_mode":false,"campfire_choices":[{"data":"Genetic Algorithm","floor":6,"key":"SMITH"},{"data":"Zap","floor":8,"key":"SMITH"},{"data":"Fission","floor":10,"key":"SMITH"},{"data":"Sunder","floor":15,"key":"SMITH"}],"neow_cost":"NONE","seed_source_timestamp":108108364569906,"circlet_count":0,"master_deck":["Strike_B","Strike_B+1","Defend_B","Defend_B","Defend_B","Defend_B","Zap+1","Dualcast+1","Fission+1","Sweeping Beam","Conserve Battery","Genetic Algorithm+1","Darkness","Sunder+1","Melter","Electrodynamics","Aggregate"],"relics":["Cracked Core"],"potions_floor_usage":[16,16],"damage_taken":[{"damage":7,"enemies":"Small Slimes","floor":1,"turns":4},{"damage":6,"enemies":"Jaw Worm","floor":2,"turns":3},{"damage":1,"enemies":"Cultist","floor":3,"turns":3},{"damage":6,"enemies":"3 Louse","floor":13,"turns":2},{"damage":35,"enemies":"Hexaghost","floor":16,"turns":8},{"damage":32,"enemies":"Shell Parasite","floor":18,"turns":6},{"damage":5,"enemies":"Chosen","floor":20,"turns":3},{"damage":21,"enemies":"Snake Plant","floor":22,"turns":3}],"seed_played":"1329904428692434900","potions_obtained":[{"floor":1,"key":"FearPotion"},{"floor":2,"key":"FocusPotion"},{"floor":13,"key":"Poison Potion"},{"floor":18,"key":"Ancient Potion"}],"is_trial":false,"path_per_floor":["M","M","M","?","$","R","T","R","T","R","?","?","M","$","R","B",null,"M","?","M","$","M"],"character_chosen":"DEFECT","items_purchased":["Genetic Algorithm","Darkness","Melter"],"campfire_rested":0,"item_purchase_floors":[5,5,14],"current_hp_per_floor":[68,62,61,61,61,61,61,61,61,61,61,46,40,40,40,5,75,43,43,38,38,17],"gold":157,"neow_bonus":"TRANSFORM_CARD","is_prod":false,"is_daily":false,"chose_seed":false,"campfire_upgraded":4,"win_rate":0,"timestamp":1554912317,"path_taken":["M","M","M","?","$","R","?","R","T","R","?","?","M","$","R","BOSS","M","?","?","$","M"],"build_version":"2019-01-23","purchased_purges":2,"victory":false,"max_hp_per_floor":[75,75,75,75,75,75,75,75,75,75,75,75,75,75,75,75,75,75,75,75,75,75],"card_choices":[{"not_picked":["Undo","Steam"],"picked":"Sweeping Beam","floor":1},{"not_picked":["Sweeping Beam","Blizzard","Skim"],"picked":"SKIP","floor":2},{"not_picked":["Compile Driver","Reinforced Body"],"picked":"Conserve Battery","floor":3},{"not_picked":["Compile Driver","Tempest"],"picked":"Sunder","floor":13},{"not_picked":["Meteor Strike","All For One"],"picked":"Electrodynamics","floor":16},{"not_picked":["Sunder","Rebound+1","Barrage"],"picked":"SKIP","floor":18},{"not_picked":["Beam Cell","Sweeping Beam"],"picked":"Aggregate","floor":20}],"player_experience":961304,"relics_obtained":[],"event_choices":[{"damage_healed":0,"gold_gain":175,"player_choice":"AGREE","damage_taken":0,"max_hp_gain":0,"max_hp_loss":0,"event_name":"Liars Game","floor":4,"gold_loss":0,"cards_obtained":["Doubt"]},{"damage_healed":0,"gold_gain":0,"player_choice":"Ignored","damage_taken":0,"max_hp_gain":0,"max_hp_loss":0,"event_name":"Golden Idol","floor":11,"gold_loss":0},{"damage_healed":0,"gold_gain":0,"player_choice":"Entered Light","damage_taken":15,"max_hp_gain":0,"max_hp_loss":0,"event_name":"Shining Light","floor":12,"gold_loss":0,"cards_upgraded":["Dualcast","Strike_B"]},{"damage_healed":0,"gold_gain":100,"player_choice":"Bet on Murderer","damage_taken":0,"max_hp_gain":0,"max_hp_loss":0,"event_name":"The Joust","floor":19,"gold_loss":50}],"is_beta":false,"boss_relics":[{"not_picked":["Snecko Eye","Empty Cage","Sozu"]}],"items_purged_floors":[5,21],"is_endless":false,"potions_floor_spawned":[1,2,13,18],"killed_by":"Snake Plant","ascension_level":0}