{"gold_per_floor":[116,126,140,140,151,151,168,178,178,190,219,219,235,247,247,350,350,367,367,379,281,206,206,206,55,55,66,66,82,97,107,107,107],"floor_reached":33,"playtime":1596,"items_purged":["Strike_R","Strike_R"],"score":280,"play_id":"f40e8ebf-cfcc-4ad8-9e5a-65b179cb9d96","local_time":"20190227204749","is_ascension_mode":false,"campfire_choices":[{"data":"Bash","floor":6,"key":"SMITH"},{"data":"Heavy Blade","floor":12,"key":"SMITH"},{"data":"Flame Barrier","floor":15,"key":"SMITH"},{"data":"Limit Break","floor":23,"key":"SMITH"},{"floor":28,"key":"REST"},{"floor":32,"key":"REST"}],"neow_cost":"NONE","seed_source_timestamp":366673065211406,"circlet_count":0,"master_deck":["Strike_R","Strike_R","Defend_R","Defend_R","Defend_R","Defend_R","Bash+1","Spot Weakness","Heavy Blade+1","Spot Weakness","Shrug It Off","Disarm","Flame Barrier+1","Bloodletting","Pommel Strike","Limit Break+1","Headbutt+1","Uppercut+1","Shrug It Off","Headbutt","Whirlwind","Rampage+1"],"relics":["Black Blood","Bag of Marbles","Calipers","Pen Nib","Enchiridion","Paper Frog"],"potions_floor_usage":[7,13,14,30,30,30,31,33,33],"damage_taken":[{"damage":1,"enemies":"Jaw Worm","floor":1,"turns":3},{"damage":6,"enemies":"Cultist","floor":2,"turns":3},{"damage":0,"enemies":"Small Slimes","floor":3,"turns":2},{"damage":9,"enemies":"Blue Slaver","floor":5,"turns":3},{"damage":6,"enemies":"Gremlin Gang","floor":7,"turns":5},{"damage":7,"enemies":"2 Fungi Beasts","floor":8,"turns":3},{"damage":16,"enemies":"Exordium Wildlife","floor":10,"turns":5},{"damage":22,"enemies":"Lagavulin","floor":11,"turns":9},{"damage":4,"enemies":"Red Slaver","floor":13,"turns":3},{"damage":28,"enemies":"Exordium Thugs","floor":14,"turns":4},{"damage":12,"enemies":"Hexaghost","floor":16,"turns":9},{"damage":27,"enemies":"Spheric Guardian","floor":18,"turns":6},{"damage":30,"enemies":"3 Byrds","floor":20,"turns":5},{"damage":23,"enemies":"Sentry and Sphere","floor":27,"turns":5},{"damage":6,"enemies":"Chosen and Byrds","floor":29,"turns":6},{"damage":20,"enemies":"Centurion and Healer","floor":30,"turns":9},{"damage":20,"enemies":"Sentry and Sphere","floor":31,"turns":4},{"damage":76,"enemies":"Collector","floor":33,"turns":7}],"seed_played":"-7229210041989255799","potions_obtained":[{"floor":1,"key":"AttackPotion"},{"floor":2,"key":"Fire Potion"},{"floor":8,"key":"Weak Potion"},{"floor":11,"key":"BloodPotion"},{"floor":14,"key":"Swift Potion"},{"floor":20,"key":"Dexterity Potion"},{"floor":29,"key":"EntropicBrew"},{"floor":30,"key":"Dexterity Potion"}],"is_trial":false,"path_per_floor":["M","M","M","?","M","R","M","M","T","M","E","R","M","M","R","B",null,"M","?","M","$","?","R","?","$","T","M","R","M","M","M","R","B"],"character_chosen":"IRONCLAD","items_purchased":["Shrug It Off","Headbutt"],"campfire_rested":2,"item_purchase_floors":[21,25],"current_hp_per_floor":[80,80,80,72,69,69,69,68,68,58,42,42,52,30,30,24,80,63,63,43,43,43,43,27,27,27,14,38,42,32,22,46,0],"gold":107,"neow_bonus":"RANDOM_COMMON_RELIC","is_prod":false,"is_daily":false,"chose_seed":false,"campfire_upgraded":4,"win_rate":0,"timestamp":1551271669,"path_taken":["M","M","M","?","M","R","M","?","T","M","E","R","M","M","R","BOSS","M","?","M","$","?","R","?","?","T","M","R","M","M","?","R","BOSS"],"build_version":"2019-01-23","purchased_purges":2,"victory":false,"max_hp_per_floor":[80,80,80,80,80,80,80,80,80,80,80,80,80,80,80,80,80,80,80,80,80,80,80,80,80,80,80,80,80,80,80,80,80],"card_choices":[{"not_picked":["Reckless Charge","Searing Blow"],"picked":"Spot Weakness","floor":1},{"not_picked":["Body Slam","Second Wind"],"picked":"Heavy Blade","floor":2},{"not_picked":["Ghostly Armor","Evolve"],"picked":"Spot Weakness","floor":3},{"not_picked":["Heavy Blade","Power Through"],"picked":"Shrug It Off","floor":5},{"not_picked":["Shrug It Off","Feel No Pain"],"picked":"Disarm","floor":7},{"not_picked":["Clothesline","Thunderclap"],"picked":"Flame Barrier","floor":8},{"not_picked":["Intimidate","Power Through","Juggernaut"],"picked":"SKIP","floor":10},{"not_picked":["Disarm","Twin Strike"],"picked":"Bloodletting","floor":11},{"not_picked":["Power Through","Clothesline","Searing Blow"],"picked":"SKIP","floor":13},{"not_picked":["Rage","Iron Wave"],"picked":"Pommel Strike","floor":14},{"not_picked":["Reaper","Dark Embrace"],"picked":"Limit Break","floor":16},{"not_picked":["Anger","Clash+1"],"picked":"Headbutt+1","floor":18},{"not_picked":["Clash","Disarm"],"picked":"Uppercut+1","floor":20},{"not_picked":["Shockwave","Clash","Searing Blow+1"],"picked":"SKIP","floor":27},{"not_picked":["Sword Boomerang+1","Heavy Blade"],"picked":"Whirlwind","floor":29},{"not_picked":["Second Wind","Havoc"],"picked":"Rampage+1","floor":30},{"not_picked":["Havoc+1","Wild Strike","Clash"],"picked":"SKIP","floor":31}],"player_experience":708218,"relics_obtained":[{"floor":9,"key":"Calipers"},{"floor":11,"key":"Pen Nib"},{"floor":24,"key":"Enchiridion"},{"floor":26,"key":"Paper Frog"}],"event_choices":[{"damage_healed":0,"gold_gain":0,"player_choice":"Damaged","damage_taken":8,"max_hp_gain":0,"max_hp_loss":0,"event_name":"Wheel of Change","floor":4,"gold_loss":0},{"damage_healed":0,"gold_gain":0,"player_choice":"Ignored","damage_taken":0,"max_hp_gain":0,"max_hp_loss":0,"event_name":"Ghosts","floor":19,"gold_loss":0},{"cards_removed":["Strike_R"],"damage_healed":0,"gold_gain":0,"player_choice":"Gave Gold","damage_taken":0,"max_hp_gain":0,"max_hp_loss":0,"event_name":"Beggar","floor":22,"gold_loss":75},{"damage_healed":0,"gold_gain":0,"player_choice":"Obtained Book","damage_taken":16,"max_hp_gain":0,"max_hp_loss":0,"event_name":"Cursed Tome","floor":24,"gold_loss":0}],"is_beta":false,"boss_relics":[{"not_picked":["Empty Cage","Pandora\u0027s Box"],"picked":"Black Blood"}],"items_purged_floors":[21,25],"is_endless":false,"potions_floor_spawned":[1,2,8,11,14,20,29,30],"killed_by":"Collector","ascension_level":0}