{"path_per_floor":["M","M","M","M","?","R","?","R","T","E","R","M","M","M","R","B",null,"M","M","?"],"character_chosen":"IRONCLAD","items_purchased":[],"gold_per_floor":[16,36,49,65,65,65,65,65,89,117,117,133,145,164,164,261,261,272,288,288,288],"floor_reached":21,"campfire_rested":1,"playtime":840,"current_hp_per_floor":[70,75,72,73,73,73,57,57,57,52,52,50,11,17,41,44,80,61,50,50,28],"items_purged":[],"gold":288,"score":258,"play_id":"37f61b9c-18e5-420a-a9ee-fb0d73fe243c","local_time":"20180519155326","is_prod":false,"is_daily":false,"chose_seed":false,"is_ascension_mode":false,"campfire_upgraded":3,"timestamp":1526716406,"campfire_choices":[{"data":"Berserk","floor":6,"key":"SMITH"},{"data":"Bash","floor":8,"key":"SMITH"},{"data":"Bloodletting","floor":11,"key":"SMITH"},{"floor":15,"key":"REST"}],"path_taken":["M","M","M","M","?","R","?","R","T","E","R","M","M","M","R","BOSS","M","M","?","?"],"build_version":"2018-05-17","seed_source_timestamp":16061226655107,"purchased_purges":0,"victory":false,"master_deck":["Defend_R","Defend_R+1","Defend_R","Defend_R","Bash+1","Berserk+1","Bloodletting+1","Flex+1","Headbutt","Shrug It Off","Heavy Blade","Sword Boomerang","Shrug It Off","Headbutt","Impervious","Headbutt+1","Pommel Strike","Bite","Bite","Bite","Bite","Bite"],"max_hp_per_floor":[80,80,80,80,80,80,80,80,80,80,80,80,80,80,80,80,80,80,80,56,56],"relics":["Black Blood"],"card_choices":[{"not_picked":["Reaper","Brutality"],"picked":"Berserk","floor":0},{"not_picked":["Shrug It Off","Reckless Charge"],"picked":"Bloodletting","floor":1},{"not_picked":["Clash","Anger"],"picked":"Flex","floor":2},{"not_picked":["Havoc","Perfected Strike"],"picked":"Headbutt","floor":3},{"not_picked":["Disarm","Fire Breathing"],"picked":"Shrug It Off","floor":4},{"not_picked":["True Grit","Flex","Fiend Fire"],"picked":"SKIP","floor":10},{"not_picked":["Heavy Blade","Warcry"],"picked":"Sword Boomerang","floor":12},{"not_picked":["Havoc","Rage"],"picked":"Shrug It Off","floor":13},{"not_picked":["Wild Strike","Flame Barrier"],"picked":"Headbutt","floor":14},{"not_picked":["Feed","Berserk"],"picked":"Impervious","floor":16},{"not_picked":["Intimidate+1","Clothesline"],"picked":"Headbutt+1","floor":18},{"not_picked":["Thunderclap","Wild Strike"],"picked":"Pommel Strike","floor":19}],"player_experience":644079,"potions_floor_usage":[10,12,14,16],"damage_taken":[{"damage":16,"enemies":"Jaw Worm","floor":1,"turns":4},{"damage":1,"enemies":"Cultist","floor":2,"turns":3},{"damage":9,"enemies":"2 Louse","floor":3,"turns":3},{"damage":5,"enemies":"Looter","floor":4,"turns":4},{"damage":11,"enemies":"Gremlin Nob","floor":10,"turns":3},{"damage":8,"enemies":"Gremlin Gang","floor":12,"turns":4},{"damage":45,"enemies":"Exordium Thugs","floor":13,"turns":5},{"damage":0,"enemies":"Large Slime","floor":14,"turns":5},{"damage":3,"enemies":"Slime Boss","floor":16,"turns":4},{"damage":29,"enemies":"Shell Parasite","floor":18,"turns":5},{"damage":21,"enemies":"2 Thieves","floor":19,"turns":5},{"damage":32,"enemies":"Centurion and Healer","floor":21,"turns":7}],"relics_obtained":[],"event_choices":[{"event_name":"Living Wall","player_choice":"Change","floor":5,"damage_taken":0},{"event_name":"Shining Light","player_choice":"Entered Light","floor":7,"damage_taken":0},{"event_name":"Vampires","player_choice":"Became a vampire","floor":20,"damage_taken":0}],"boss_relics":[{"not_picked":["Tiny House","Black Star"],"picked":"Black Blood"}],"potions_floor_spawned":[1,3,12,13],"seed_played":"3293644090032842233","killed_by":"Centurion and Healer","ascension_level":0,"potions_obtained":[{"floor":1,"key":"Fire Potion"},{"floor":3,"key":"GamblersBrew"},{"floor":12,"key":"PowerPotion"},{"floor":13,"key":"SteroidPotion"}],"is_trial":false}