{"gold_per_floor":[111,126,141,74,74,103,103,130,157,157,77,95,114,114,114,216,216,227,239,20,20,20,54,67,67,90,114,126,156,188,217,229,341,353,384,409,433,133,133,133,8,20,70,81,81,100,114,126,126,126,126,126,1,31,31],"floor_reached":56,"playtime":6224,"items_purged":["Strike_B"],"score":1110,"play_id":"7d568a30-8a0e-405f-bafe-5e948226565b","local_time":"20190209183604","is_ascension_mode":false,"campfire_choices":[{"data":"Storm","floor":7,"key":"SMITH"},{"data":"Zap","floor":10,"key":"SMITH"},{"floor":15,"key":"REST"},{"floor":25,"key":"REST"},{"floor":32,"key":"REST"},{"floor":40,"key":"RECALL"},{"data":"Rainbow","floor":45,"key":"SMITH"},{"floor":49,"key":"REST"},{"data":"Thunder Strike","floor":52,"key":"SMITH"}],"neow_cost":"NONE","seed_source_timestamp":499740154472455,"circlet_count":0,"master_deck":["Zap+1","Dualcast","Storm+1","Loop","Conserve Battery","Buffer","Force Field","Leap","Heatsinks","Leap","Heatsinks","Thunder Strike+1","Reboot","Tempest","Hologram+1","Meteor Strike","Sweeping Beam","Rainbow+1","Biased Cognition","Echo Form","Meteor Strike","Turbo","Biased Cognition","Capacitor","The Bomb","Hologram","Storm","Chaos+1","Static Discharge","Hologram","Buffer"],"relics":["Bag of Preparation","Strawberry","Potion Belt","Blood Vial","Snecko Eye","Centennial Puzzle","Mercury Hourglass","MawBank","Nloth\u0027s Gift","Pandora\u0027s Box","Mummified Hand","Pocketwatch"],"potions_floor_usage":[12,13,16,23,23,23,31,33,36,46,50,55,55,55,55],"damage_taken":[{"damage":0,"enemies":"Small Slimes","floor":1,"turns":3},{"damage":5,"enemies":"Jaw Worm","floor":2,"turns":4},{"damage":0,"enemies":"Cultist","floor":3,"turns":3},{"damage":18,"enemies":"3 Sentries","floor":6,"turns":8},{"damage":14,"enemies":"Lagavulin","floor":8,"turns":7},{"damage":3,"enemies":"3 Louse","floor":12,"turns":4},{"damage":8,"enemies":"Gremlin Gang","floor":13,"turns":4},{"damage":30,"enemies":"Hexaghost","floor":16,"turns":15},{"damage":1,"enemies":"Spheric Guardian","floor":18,"turns":3},{"damage":3,"enemies":"Shell Parasite","floor":19,"turns":5},{"damage":45,"enemies":"Slavers","floor":23,"turns":10},{"damage":5,"enemies":"Sentry and Sphere","floor":24,"turns":5},{"damage":3,"enemies":"Shelled Parasite and Fungi","floor":27,"turns":3},{"damage":12,"enemies":"Snake Plant","floor":29,"turns":4},{"damage":6,"enemies":"3 Cultists","floor":30,"turns":4},{"damage":27,"enemies":"Sentry and Sphere","floor":31,"turns":4},{"damage":21,"enemies":"Collector","floor":33,"turns":6},{"damage":0,"enemies":"Orb Walker","floor":35,"turns":2},{"damage":4,"enemies":"3 Shapes","floor":36,"turns":4},{"damage":0,"enemies":"Transient","floor":37,"turns":5},{"damage":0,"enemies":"Jaw Worm Horde","floor":42,"turns":2},{"damage":11,"enemies":"Maw","floor":44,"turns":3},{"damage":0,"enemies":"Transient","floor":46,"turns":5},{"damage":9,"enemies":"Jaw Worm Horde","floor":47,"turns":2},{"damage":0,"enemies":"Maw","floor":48,"turns":3},{"damage":1,"enemies":"Donu and Deca","floor":50,"turns":3},{"damage":10,"enemies":"Shield and Spear","floor":54,"turns":2},{"damage":63,"enemies":"The Heart","floor":55,"turns":5}],"seed_played":"-799390694265788371","potions_obtained":[{"floor":0,"key":"Poison Potion"},{"floor":0,"key":"AttackPotion"},{"floor":0,"key":"SpeedPotion"},{"floor":3,"key":"SpeedPotion"},{"floor":13,"key":"SneckoOil"},{"floor":16,"key":"Swift Potion"},{"floor":19,"key":"Poison Potion"},{"floor":23,"key":"Fire Potion"},{"floor":31,"key":"Swift Potion"},{"floor":33,"key":"AttackPotion"},{"floor":42,"key":"LiquidBronze"},{"floor":44,"key":"FocusPotion"},{"floor":46,"key":"Dexterity Potion"}],"is_trial":false,"path_per_floor":["M","M","M","$","?","E","R","E","T","R","$","M","M","?","R","B",null,"M","M","$","?","$","E","M","R","T","M","?","M","M","M","R","B",null,"M","M","M","$","?","R","$","M","T","M","R","M","M","M","R","B",null,"R","$","E","B",null],"character_chosen":"DEFECT","items_purchased":["Buffer","Heatsinks","Centennial Puzzle","Mummified Hand","PowerPotion","Hologram","Storm","LiquidBronze","SkillPotion"],"campfire_rested":4,"item_purchase_floors":[4,11,20,38,38,41,41,53,53],"current_hp_per_floor":[75,70,70,70,67,56,56,42,42,42,42,41,35,35,59,31,82,81,79,79,79,79,36,33,57,57,56,56,46,42,17,41,22,82,82,78,80,80,80,80,80,82,82,71,71,73,66,68,82,81,82,82,82,72,11],"gold":31,"neow_bonus":"THREE_SMALL_POTIONS","is_prod":false,"is_daily":false,"chose_seed":false,"campfire_upgraded":4,"win_rate":0,"timestamp":1549758964,"path_taken":["M","M","M","$","?","E","R","E","T","R","$","M","M","?","R","BOSS","M","?","$","?","$","E","M","R","T","?","?","M","M","M","R","BOSS","M","M","M","$","?","R","$","M","T","M","R","M","M","M","R","BOSS","R","$","E","BOSS"],"build_version":"2019-01-23","purchased_purges":1,"victory":true,"max_hp_per_floor":[75,75,75,75,75,82,82,82,82,82,82,82,82,82,82,82,82,82,82,82,82,82,82,82,82,82,82,82,82,82,82,82,82,82,82,82,82,82,82,82,82,82,82,82,82,82,82,82,82,82,82,82,82,82,82],"card_choices":[{"not_picked":["Multi-Cast","Reinforced Body"],"picked":"Storm","floor":1},{"not_picked":["Streamline","Leap"],"picked":"Loop","floor":2},{"not_picked":["Ball Lightning","Turbo"],"picked":"Conserve Battery","floor":3},{"not_picked":["Rebound","Coolheaded"],"picked":"Force Field","floor":6},{"not_picked":["Go for the Eyes","Lockon"],"picked":"Leap","floor":8},{"not_picked":["Cold Snap","Ball Lightning"],"picked":"Leap","floor":12},{"not_picked":["Compile Driver","Gash"],"picked":"Heatsinks","floor":13},{"not_picked":["Rainbow","Core Surge"],"picked":"Thunder Strike","floor":16},{"not_picked":["Cold Snap+1","Ball Lightning","Redo"],"picked":"SKIP","floor":18},{"not_picked":["Go for the Eyes","Hologram+1","FTL+1"],"picked":"SKIP","floor":19},{"not_picked":["Beam Cell","Melter"],"picked":"Reboot","floor":23},{"not_picked":["Lockon+1","Redo"],"picked":"Tempest","floor":24},{"not_picked":["Steam","Coolheaded"],"picked":"Hologram+1","floor":27},{"not_picked":["Stack+1","Heatsinks"],"picked":"Meteor Strike","floor":29},{"not_picked":["Steam","Turbo","Go for the Eyes"],"picked":"SKIP","floor":30},{"not_picked":["Hologram+1","Steam Power"],"picked":"Sweeping Beam","floor":31},{"not_picked":["Reboot","Biased Cognition"],"picked":"Rainbow","floor":33},{"not_picked":["Stack","Steam Power","Go for the Eyes"],"picked":"SKIP","floor":35},{"not_picked":["Turbo","Compile Driver+1","Hologram"],"picked":"SKIP","floor":36},{"not_picked":["Coolheaded+1","Streamline"],"picked":"Capacitor","floor":37},{"not_picked":["Thinking Ahead","Transmutation"],"picked":"The Bomb","floor":39},{"not_picked":["Gash+1","Go for the Eyes+1"],"picked":"Chaos+1","floor":42},{"not_picked":["Compile Driver+1","Leap"],"picked":"Static Discharge","floor":44},{"not_picked":["Rip and Tear","Ball Lightning+1","Rebound"],"picked":"SKIP","floor":46},{"not_picked":["Redo","Skim+1"],"picked":"Hologram","floor":47},{"not_picked":["Stack","Rip and Tear+1","Beam Cell+1"],"picked":"SKIP","floor":48},{"not_picked":["Amplify","Conserve Battery"],"picked":"Buffer","floor":54}],"player_experience":131655,"relics_obtained":[{"floor":6,"key":"Strawberry"},{"floor":8,"key":"Potion Belt"},{"floor":9,"key":"Blood Vial"},{"floor":23,"key":"Mercury Hourglass"},{"floor":26,"key":"MawBank"},{"floor":54,"key":"Pocketwatch"}],"event_choices":[{"damage_healed":0,"gold_gain":0,"player_choice":"Success","damage_taken":3,"relics_obtained":["Bag of Preparation"],"max_hp_gain":0,"max_hp_loss":0,"event_name":"Scrap Ooze","floor":5,"gold_loss":0},{"cards_removed":["Strike_B"],"damage_healed":0,"gold_gain":0,"player_choice":"Offered Basic","damage_taken":0,"max_hp_gain":0,"max_hp_loss":0,"event_name":"Bonfire Elementals","floor":14,"gold_loss":0},{"cards_removed":["Defend_B"],"damage_healed":0,"gold_gain":0,"player_choice":"Purged","damage_taken":0,"max_hp_gain":0,"max_hp_loss":0,"event_name":"Purifier","floor":21,"gold_loss":0},{"damage_healed":0,"gold_gain":0,"player_choice":"Traded Relic","damage_taken":0,"relics_obtained":["Nloth\u0027s Gift"],"max_hp_gain":0,"max_hp_loss":0,"event_name":"N\u0027loth","floor":28,"relics_lost":["Cracked Core"],"gold_loss":0},{"damage_healed":0,"gold_gain":0,"player_choice":"Memory 1","damage_taken":0,"max_hp_gain":0,"max_hp_loss":0,"event_name":"SensoryStone","floor":39,"gold_loss":0}],"is_beta":false,"boss_relics":[{"not_picked":["Lizard Tail","Velvet Choker"],"picked":"Snecko Eye"},{"not_picked":["Busted Crown","Cursed Key"],"picked":"Pandora\u0027s Box"}],"items_purged_floors":[20],"is_endless":false,"potions_floor_spawned":[3,6,13,16,19,23,31,33,42,44,46],"ascension_level":0}