{"gold_per_floor":[109,42,42,42,116,116,147,147,147,177,177,202,202,229,241,328,340,364,291,402,414,49,80,80,100,100,118,132,185,185,185,185,185],"floor_reached":33,"playtime":1240,"items_purged":[],"score":540,"play_id":"2ea91e1a-2a28-4136-a471-cd6e5ceba74e","local_time":"20190204200014","is_ascension_mode":true,"campfire_choices":[{"data":"Footwork","floor":6.0,"key":"SMITH"},{"data":"Neutralize","floor":8.0,"key":"SMITH"},{"data":"Survivor","floor":11.0,"key":"SMITH"},{"data":"Footwork","floor":15.0,"key":"SMITH"},{"floor":24.0,"key":"REST"},{"floor":30,"key":"REST"},{"data":"Deadly Poison","floor":32,"key":"SMITH"}],"neow_cost":"NONE","seed_source_timestamp":965189296324300,"circlet_count":0,"master_deck":["AscendersBane","Defend_G","Defend_G","Defend_G","Defend_G","Defend_G","Strike_G","Strike_G","Strike_G","Strike_G","Strike_G","Survivor+1","Neutralize+1","Dash","Footwork+1","Deadly Poison+1","Crippling Poison","All Out Attack","Footwork+1","Envenom","Dodge and Roll","Caltrops","PiercingWail","Catalyst+1","Dodge and Roll"],"special_seed":0,"relics":["Ring of the Snake","NeowsBlessing","Potion Belt","Boot","Pantograph","Bottled Lightning","PreservedInsect","MawBank","Velvet Choker","Happy Flower","Calipers","Ornamental Fan","Bird Faced Urn","Bag of Marbles"],"potions_floor_usage":[33],"damage_taken":[{"damage":0.0,"enemies":"Cultist","floor":1.0,"turns":1.0},{"damage":0.0,"enemies":"Lagavulin","floor":7.0,"turns":1.0},{"damage":0.0,"enemies":"Gremlin Nob","floor":10.0,"turns":1.0},{"damage":12.0,"enemies":"3 Sentries","floor":12.0,"turns":15.0},{"damage":0.0,"enemies":"Small Slimes","floor":14.0,"turns":2.0},{"damage":49.0,"enemies":"Hexaghost","floor":16.0,"turns":15.0},{"damage":9.0,"enemies":"Shell Parasite","floor":18.0,"turns":7.0},{"damage":9.0,"enemies":"Colosseum Slavers","floor":21.0,"turns":7.0},{"damage":27.0,"enemies":"Slavers","floor":23.0,"turns":6.0},{"damage":8.0,"enemies":"Chosen","floor":25.0,"turns":5.0},{"damage":6,"enemies":"Snake Plant","floor":27,"turns":6},{"damage":24,"enemies":"Sentry and Sphere","floor":28,"turns":11},{"damage":77,"enemies":"Automaton","floor":33,"turns":12}],"seed_played":"-1972840566695698017","potions_obtained":[{"floor":16.0,"key":"Regen Potion"},{"floor":23.0,"key":"SteroidPotion"},{"floor":27,"key":"Regen Potion"}],"is_trial":false,"path_per_floor":["M","$","$","?","?","R","E","R","T","E","R","E","T","M","R","B",null,"M","?","?","?","$","E","R","M","T","M","M","T","R","?","R","B"],"character_chosen":"THE_SILENT","items_purchased":["Footwork","Calipers","Caltrops"],"campfire_rested":2,"item_purchase_floors":[2,22,22],"current_hp_per_floor":[63,63,63,60,60,60,60,60,60,60,60,48,48,48,48,21,58,49,49,49,55,55,28,49,41,41,41,25,25,46,46,46,0],"gold":185,"neow_bonus":"THREE_ENEMY_KILL","is_prod":false,"is_daily":false,"chose_seed":false,"campfire_upgraded":5,"win_rate":0,"timestamp":1549306814,"path_taken":["M","?","$","?","?","R","E","R","T","E","R","E","?","?","R","BOSS","M","?","?","?","?","E","R","M","T","M","?","?","R","?","R","BOSS"],"build_version":"2019-01-23","purchased_purges":0,"victory":false,"max_hp_per_floor":[70,70,70,70,70,70,70,70,70,70,70,70,70,70,70,70,70,70,70,70,70,70,70,70,70,70,70,70,70,70,70,70,70],"card_choices":[{"not_picked":["Blade Dance","Blur"],"picked":"Dash","floor":1.0},{"not_picked":["Bane","Sucker Punch"],"picked":"Deadly Poison","floor":7.0},{"not_picked":["Masterful Stab","Deadly Poison"],"picked":"Crippling Poison","floor":10.0},{"not_picked":["Cloak And Dagger","Slice"],"picked":"All Out Attack","floor":12.0},{"not_picked":["Bane","Deadly Poison"],"picked":"Footwork","floor":14.0},{"not_picked":["Venomology","Phantasmal Killer"],"picked":"Envenom","floor":16.0},{"not_picked":["Flying Knee","Finisher"],"picked":"Dodge and Roll","floor":18.0},{"not_picked":["Slice","Outmaneuver"],"picked":"PiercingWail","floor":23.0},{"not_picked":["Dodge and Roll","Blur"],"picked":"Catalyst","floor":25.0},{"not_picked":["Caltrops","Glass Knife","Underhanded Strike"],"picked":"SKIP","floor":27},{"not_picked":["Flying Knee","Predator+1"],"picked":"Dodge and Roll","floor":28}],"player_experience":469046,"relics_obtained":[{"floor":7.0,"key":"Boot"},{"floor":9.0,"key":"Pantograph"},{"floor":10.0,"key":"Bottled Lightning"},{"floor":12.0,"key":"PreservedInsect"},{"floor":13.0,"key":"MawBank"},{"floor":23.0,"key":"Ornamental Fan"},{"floor":26,"key":"Bird Faced Urn"},{"floor":29,"key":"Bag of Marbles"}],"event_choices":[{"damage_healed":0.0,"max_hp_gain":0.0,"max_hp_loss":0.0,"gold_gain":0.0,"event_name":"Scrap Ooze","player_choice":"Success","floor":4.0,"gold_loss":0.0,"damage_taken":3.0,"relics_obtained":["Potion Belt"]},{"damage_healed":0.0,"max_hp_gain":0.0,"max_hp_loss":0.0,"gold_gain":74.0,"event_name":"Golden Wing","player_choice":"Gained Gold","floor":5.0,"gold_loss":0.0,"damage_taken":0.0},{"damage_healed":0.0,"max_hp_gain":0.0,"max_hp_loss":0.0,"gold_gain":0.0,"event_name":"Addict","player_choice":"Obtained Relic","floor":19.0,"gold_loss":85.0,"damage_taken":0.0,"relics_obtained":["Happy Flower"]},{"damage_healed":0.0,"max_hp_gain":0.0,"max_hp_loss":0.0,"gold_gain":99.0,"event_name":"Nest","player_choice":"Stole From Cult","floor":20.0,"gold_loss":0.0,"damage_taken":0.0},{"damage_healed":0.0,"max_hp_gain":0.0,"max_hp_loss":0.0,"gold_gain":0.0,"event_name":"Colosseum","player_choice":"Fight","floor":21.0,"gold_loss":0.0,"damage_taken":0.0},{"damage_healed":0.0,"max_hp_gain":0.0,"max_hp_loss":0.0,"gold_gain":0.0,"event_name":"Colosseum","player_choice":"Fled From Nobs","floor":21.0,"gold_loss":0.0,"damage_taken":0.0},{"damage_healed":0,"gold_gain":0,"player_choice":"Upgraded","damage_taken":0,"max_hp_gain":0,"max_hp_loss":0,"event_name":"Upgrade Shrine","floor":31,"gold_loss":0,"cards_upgraded":["Catalyst"]}],"is_beta":false,"boss_relics":[{"not_picked":["Orrery","Lizard Tail"],"picked":"Velvet Choker"}],"items_purged_floors":[],"is_endless":false,"potions_floor_spawned":[16,23,27],"killed_by":"Automaton","ascension_level":13}