{"gold_per_floor":[111,111,130,150,170,170,182,202,202,41,59,59,59,70,70,169,169,109,109,79,90,101,101,101,101,101,117,134,134,134],"floor_reached":30,"playtime":1040,"items_purged":[],"score":224,"play_id":"6635e451-9ff2-42c2-bd30-7331ddc17382","local_time":"20190411002248","is_ascension_mode":false,"campfire_choices":[{"data":"Zap","floor":6,"key":"SMITH"},{"data":"Defragment","floor":13,"key":"SMITH"},{"data":"Double Energy","floor":15,"key":"SMITH"},{"data":"Fission","floor":23,"key":"SMITH"},{"data":"Go for the Eyes","floor":25,"key":"SMITH"}],"neow_cost":"NONE","seed_source_timestamp":108670754733229,"circlet_count":0,"master_deck":["Strike_B","Strike_B","Strike_B","Strike_B","Defend_B","Defend_B","Defend_B","Defend_B","Zap+1","Dualcast","Multi-Cast","Turbo","Reinforced Body","Darkness","Aggregate","Defragment+1","Force Field","Self Repair","Double Energy+1","Go for the Eyes+1","Tempest","Fission+1","Static Discharge+1","Leap","Redo+1","Amplify"],"relics":["Cracked Core"],"potions_floor_usage":[16,16,18,22,22],"damage_taken":[{"damage":2,"enemies":"Small Slimes","floor":1,"turns":3},{"damage":6,"enemies":"Jaw Worm","floor":3,"turns":3},{"damage":0,"enemies":"Cultist","floor":4,"turns":3},{"damage":24,"enemies":"Exordium Thugs","floor":5,"turns":5},{"damage":8,"enemies":"2 Fungi Beasts","floor":7,"turns":4},{"damage":0,"enemies":"Blue Slaver","floor":8,"turns":2},{"damage":7,"enemies":"Exordium Wildlife","floor":11,"turns":4},{"damage":7,"enemies":"Looter","floor":14,"turns":4},{"damage":21,"enemies":"Hexaghost","floor":16,"turns":9},{"damage":18,"enemies":"2 Thieves","floor":18,"turns":4},{"damage":20,"enemies":"Chosen","floor":21,"turns":4},{"damage":0,"enemies":"3 Cultists","floor":22,"turns":3},{"damage":0,"enemies":"Snake Plant","floor":27,"turns":1},{"damage":34,"enemies":"Cultist and Chosen","floor":28,"turns":6},{"damage":13,"enemies":"Shelled Parasite and Fungi","floor":30,"turns":4}],"seed_played":"-8802866803044917752","potions_obtained":[{"floor":5,"key":"GamblersBrew"},{"floor":7,"key":"LiquidBronze"},{"floor":11,"key":"SkillPotion"},{"floor":16,"key":"SteroidPotion"},{"floor":20,"key":"Fire Potion"},{"floor":20,"key":"Explosive Potion"},{"floor":21,"key":"Dexterity Potion"},{"floor":22,"key":"Ancient Potion"}],"is_trial":false,"path_per_floor":["M","?","M","M","M","R","M","M","T","$","M","?","R","M","R","B",null,"M","?","?","M","M","R","T","R","T","M","M","?","M"],"character_chosen":"DEFECT","items_purchased":["Self Repair","Double Energy","Go for the Eyes"],"campfire_rested":0,"item_purchase_floors":[10,10,10],"current_hp_per_floor":[73,78,72,72,48,48,40,40,40,40,40,40,40,40,40,26,80,69,60,60,47,47,47,47,47,47,47,20,20,7],"gold":134,"neow_bonus":"ONE_RANDOM_RARE_CARD","is_prod":false,"is_daily":false,"chose_seed":false,"campfire_upgraded":5,"win_rate":0,"timestamp":1554913368,"path_taken":["M","?","M","M","M","R","M","M","T","$","M","?","R","M","R","BOSS","M","?","?","?","M","R","?","R","T","M","M","?","M"],"build_version":"2019-01-23","purchased_purges":0,"victory":false,"max_hp_per_floor":[75,80,80,80,80,80,80,80,80,80,80,80,80,80,80,80,80,80,80,80,80,80,80,80,80,80,80,80,80,80],"card_choices":[{"not_picked":["Streamline","Beam Cell"],"picked":"Turbo","floor":1},{"not_picked":["Stack","Barrage"],"picked":"Reinforced Body","floor":3},{"not_picked":["Hologram","Steam"],"picked":"Darkness","floor":4},{"not_picked":["Scrape","Go for the Eyes"],"picked":"Aggregate","floor":5},{"not_picked":["Redo","Go for the Eyes"],"picked":"Defragment","floor":7},{"not_picked":["Cold Snap","Aggregate"],"picked":"Force Field","floor":8},{"not_picked":["Streamline","Barrage","Fusion"],"picked":"SKIP","floor":11},{"not_picked":["Ball Lightning","Turbo"],"picked":"Tempest","floor":14},{"not_picked":["Creative AI","Core Surge"],"picked":"Fission","floor":16},{"not_picked":["Cold Snap+1","Redo"],"picked":"Static Discharge+1","floor":18},{"not_picked":["Skim","Go for the Eyes"],"picked":"Leap","floor":21},{"not_picked":["FTL+1","Chill"],"picked":"Redo+1","floor":22},{"not_picked":["Stack","Streamline","Gash"],"picked":"SKIP","floor":27},{"not_picked":["Blizzard+1","Streamline","Coolheaded"],"picked":"SKIP","floor":28}],"player_experience":961854,"relics_obtained":[],"event_choices":[{"damage_healed":0,"gold_gain":0,"player_choice":"Donut","damage_taken":0,"max_hp_gain":5,"max_hp_loss":0,"event_name":"Big Fish","floor":2,"gold_loss":0},{"damage_healed":0,"gold_gain":0,"player_choice":"Fled","damage_taken":0,"max_hp_gain":0,"max_hp_loss":0,"event_name":"Scrap Ooze","floor":12,"gold_loss":0},{"damage_healed":0,"gold_gain":0,"player_choice":"Stopped","damage_taken":9,"max_hp_gain":0,"max_hp_loss":0,"event_name":"Cursed Tome","floor":19,"gold_loss":0},{"damage_healed":0,"gold_gain":0,"player_choice":"Bought 2 Potions","damage_taken":0,"max_hp_gain":0,"max_hp_loss":0,"event_name":"The Woman in Blue","floor":20,"gold_loss":0},{"damage_healed":0,"gold_gain":0,"player_choice":"1 cards matched","damage_taken":0,"max_hp_gain":0,"max_hp_loss":0,"event_name":"Match and Keep!","floor":29,"gold_loss":0,"cards_obtained":["Amplify"]}],"is_beta":false,"boss_relics":[{"not_picked":["Runic Pyramid","Ectoplasm","Tiny House"]}],"items_purged_floors":[],"is_endless":false,"potions_floor_spawned":[5,7,11,16,21,22],"killed_by":"Shelled Parasite and Fungi","ascension_level":0}