{"gold_per_floor":[209,224,499,38,55,82,98,273,300,317,351,367,398,398,398,496,496,508,153,166,179,179,206,206,220,220,41,41,41,57,67,67,67],"floor_reached":33,"playtime":4955,"items_purged":["Regret","Strike_R","Strike_R"],"score":430,"play_id":"ec4aae90-ec6e-4693-a812-541e46c7a8d2","local_time":"20190412191100","is_ascension_mode":true,"campfire_choices":[{"floor":15,"key":"REST"},{"floor":24,"key":"REST"},{"data":"Defend_R","floor":29,"key":"SMITH"},{"floor":32,"key":"REST"}],"neow_cost":"NONE","seed_source_timestamp":170043101334100,"circlet_count":0,"master_deck":["Strike_R","Defend_R","Defend_R","Defend_R","Defend_R+1","Bash","Iron Wave","Thunderclap","Body Slam+1","Inflame","Heavy Blade+1","Reaper+1","True Grit+1","Uppercut+1","Pommel Strike+1","Demon Form","Ghostly Armor","Flash of Steel+1","Cleave+1","Entrench+1","Armaments+1","Discovery","Shrug It Off","Battle Trance"],"relics":["Burning Blood","Membership Card","Molten Egg 2","Art of War","Bag of Marbles","Centennial Puzzle","Mango","Empty Cage","Shuriken","Medical Kit","MutagenicStrength","Red Skull","Ginger","Regal Pillow"],"potions_floor_usage":[11,11,16,18,20,23,30,33],"damage_taken":[{"damage":4,"enemies":"2 Louse","floor":1,"turns":3},{"damage":1,"enemies":"Cultist","floor":2,"turns":3},{"damage":2,"enemies":"Small Slimes","floor":5,"turns":4},{"damage":27,"enemies":"Gremlin Nob","floor":6,"turns":4},{"damage":9,"enemies":"3 Louse","floor":7,"turns":3},{"damage":6,"enemies":"Looter","floor":10,"turns":2},{"damage":25,"enemies":"3 Sentries","floor":11,"turns":8},{"damage":26,"enemies":"Exordium Thugs","floor":12,"turns":4},{"damage":18,"enemies":"Lagavulin","floor":13,"turns":5},{"damage":73,"enemies":"Hexaghost","floor":16,"turns":11},{"damage":25,"enemies":"2 Thieves","floor":18,"turns":4},{"damage":8,"enemies":"3 Byrds","floor":20,"turns":2},{"damage":33,"enemies":"Snake Plant","floor":21,"turns":4},{"damage":47,"enemies":"Gremlin Leader","floor":23,"turns":6},{"damage":2,"enemies":"Cultist and Chosen","floor":25,"turns":5},{"damage":26,"enemies":"Shelled Parasite and Fungi","floor":30,"turns":5},{"damage":12,"enemies":"Snake Plant","floor":31,"turns":4},{"damage":158,"enemies":"Collector","floor":33,"turns":9}],"seed_played":"4082932104087879410","potions_obtained":[{"floor":1,"key":"GamblersBrew"},{"floor":7,"key":"Energy Potion"},{"floor":11,"key":"SteroidPotion"},{"floor":13,"key":"LiquidBronze"},{"floor":16,"key":"PowerPotion"},{"floor":21,"key":"FairyPotion"},{"floor":25,"key":"Energy Potion"},{"floor":30,"key":"GamblersBrew"}],"is_trial":false,"path_per_floor":["M","M","?","$","M","E","M","?","T","M","E","M","E","?","R","B",null,"M","$","M","M","?","E","R","M","T","$","?","R","M","M","R","B"],"character_chosen":"IRONCLAD","items_purchased":["Membership Card","Molten Egg 2","Body Slam+1","Inflame","Shuriken","Flash of Steel+1","AttackPotion","Medical Kit","Regal Pillow","Discovery"],"campfire_rested":3,"item_purchase_floors":[4,4,4,4,19,19,19,19,27,27],"current_hp_per_floor":[74,79,79,79,80,59,71,71,71,71,67,60,62,55,83,34,79,67,67,65,38,38,33,61,65,65,65,65,65,55,49,92,0],"gold":67,"neow_bonus":"HUNDRED_GOLD","is_prod":false,"is_daily":false,"chose_seed":false,"campfire_upgraded":1,"win_rate":0,"timestamp":1555089060,"path_taken":["M","M","?","$","M","E","?","?","T","M","E","M","E","?","R","BOSS","M","$","M","M","?","E","R","M","T","$","?","R","?","M","R","BOSS"],"build_version":"2019-01-23","purchased_purges":3,"victory":false,"max_hp_per_floor":[80,80,80,80,80,80,80,80,80,80,80,80,94,94,94,94,94,94,94,94,94,94,94,94,94,94,94,94,94,94,94,94,94],"card_choices":[{"not_picked":["Heavy Blade","Havoc"],"picked":"Iron Wave","floor":1},{"not_picked":["Clash","Perfected Strike"],"picked":"Thunderclap","floor":2},{"not_picked":["Pommel Strike+1","Pummel+1"],"picked":"Heavy Blade+1","floor":5},{"not_picked":["Sword Boomerang+1","True Grit"],"picked":"Reaper+1","floor":6},{"not_picked":["Ghostly Armor","Heavy Blade+1","Havoc"],"picked":"SKIP","floor":7},{"not_picked":["Fire Breathing","Heavy Blade+1"],"picked":"True Grit","floor":10},{"not_picked":["Evolve","Headbutt+1"],"picked":"Uppercut+1","floor":11},{"not_picked":["Perfected Strike+1","Thunderclap+1","True Grit"],"picked":"SKIP","floor":12},{"not_picked":["Heavy Blade+1","True Grit"],"picked":"Pommel Strike+1","floor":13},{"not_picked":["Juggernaut","Fiend Fire+1"],"picked":"Demon Form","floor":16},{"not_picked":["Dropkick+1","Fire Breathing"],"picked":"Ghostly Armor","floor":18},{"not_picked":["Body Slam+1","True Grit"],"picked":"Cleave+1","floor":20},{"not_picked":["Clothesline+1","Dual Wield"],"picked":"Entrench+1","floor":21},{"not_picked":["Feel No Pain","Uppercut+1"],"picked":"Armaments+1","floor":23},{"not_picked":["Warcry","Fire Breathing","Perfected Strike+1"],"picked":"SKIP","floor":25},{"not_picked":["Searing Blow+1","Sword Boomerang+1"],"picked":"Shrug It Off","floor":30},{"not_picked":["Shrug It Off","Hemokinesis+1"],"picked":"Battle Trance","floor":31}],"player_experience":586902,"relics_obtained":[{"floor":6,"key":"Art of War"},{"floor":9,"key":"Bag of Marbles"},{"floor":11,"key":"Centennial Puzzle"},{"floor":13,"key":"Mango"},{"floor":23,"key":"Red Skull"},{"floor":26,"key":"Ginger"}],"event_choices":[{"damage_healed":0,"gold_gain":275,"player_choice":"Desecrate","damage_taken":0,"max_hp_gain":0,"max_hp_loss":0,"event_name":"Golden Shrine","floor":3,"gold_loss":0,"cards_obtained":["Regret"]},{"damage_healed":0,"gold_gain":175,"player_choice":"AGREE","damage_taken":0,"max_hp_gain":0,"max_hp_loss":0,"event_name":"Liars Game","floor":8,"gold_loss":0,"cards_obtained":["Doubt"]},{"cards_removed":["Doubt"],"damage_healed":0,"gold_gain":0,"player_choice":"Card Removal","damage_taken":7,"max_hp_gain":0,"max_hp_loss":0,"event_name":"Golden Wing","floor":14,"gold_loss":0},{"damage_healed":0,"gold_gain":0,"player_choice":"Inject Mutagens","damage_taken":0,"relics_obtained":["MutagenicStrength"],"max_hp_gain":0,"max_hp_loss":0,"event_name":"Drug Dealer","floor":22,"gold_loss":0},{"damage_healed":0,"gold_gain":0,"player_choice":"Upgraded","damage_taken":0,"max_hp_gain":0,"max_hp_loss":0,"event_name":"Upgrade Shrine","floor":28,"gold_loss":0,"cards_upgraded":["True Grit"]}],"is_beta":false,"boss_relics":[{"not_picked":["Lizard Tail","Sozu"],"picked":"Empty Cage"}],"items_purged_floors":[4,19,27],"is_endless":false,"potions_floor_spawned":[1,7,11,13,16,21,25,30],"killed_by":"Collector","ascension_level":8}