{"gold_per_floor":[118,135,155,80,100,100,132,132,158,172,185,185,185,199,199,296,296,313,59,73,86,103,103,117,117,140,65,65,84,84,84,84,84],"floor_reached":33,"playtime":888,"items_purged":["Strike_R","Strike_R"],"score":251,"play_id":"c5e1934b-04fc-4cd7-ba7e-dbef3362095f","local_time":"20190415141847","is_ascension_mode":false,"campfire_choices":[{"data":"Anger","floor":6.0,"key":"SMITH"},{"data":"Bash","floor":8.0,"key":"SMITH"},{"data":"Body Slam","floor":12.0,"key":"SMITH"},{"data":"Strike_R","floor":15.0,"key":"SMITH"},{"data":"Shrug It Off","floor":23.0,"key":"SMITH"},{"data":"Defend_R","floor":25.0,"key":"SMITH"},{"data":"Cleave","floor":32.0,"key":"SMITH"}],"neow_cost":"NONE","seed_source_timestamp":331466606757700,"circlet_count":0,"master_deck":["Strike_R+1","Strike_R+1","Defend_R+1","Defend_R+1","Defend_R+1","Defend_R+1","Bash+1","Anger+1","Iron Wave+1","Thunderclap","Body Slam+1","Shrug It Off+1","Pommel Strike+1","Clothesline+1","Cleave+1"],"special_seed":0,"relics":["Burning Blood","Whetstone","Lantern","Juzu Bracelet","Philosopher\u0027s Stone","War Paint","Dream Catcher","MutagenicStrength"],"potions_floor_usage":[33],"damage_taken":[{"damage":6.0,"enemies":"Cultist","floor":1.0,"turns":3.0},{"damage":2.0,"enemies":"Small Slimes","floor":2.0,"turns":3.0},{"damage":1.0,"enemies":"Jaw Worm","floor":3.0,"turns":3.0},{"damage":9.0,"enemies":"3 Louse","floor":5.0,"turns":3.0},{"damage":13.0,"enemies":"3 Sentries","floor":7.0,"turns":10.0},{"damage":6.0,"enemies":"Large Slime","floor":10.0,"turns":4.0},{"damage":2.0,"enemies":"Blue Slaver","floor":11.0,"turns":2.0},{"damage":0.0,"enemies":"Gremlin Gang","floor":14.0,"turns":4.0},{"damage":25.0,"enemies":"Slime Boss","floor":16.0,"turns":9.0},{"damage":18.0,"enemies":"Shell Parasite","floor":18.0,"turns":4.0},{"damage":9.0,"enemies":"2 Thieves","floor":20.0,"turns":4.0},{"damage":2.0,"enemies":"Centurion and Healer","floor":21.0,"turns":5.0},{"damage":3.0,"enemies":"Snake Plant","floor":22.0,"turns":2.0},{"damage":0.0,"enemies":"Cultist and Chosen","floor":24.0,"turns":3.0},{"damage":15.0,"enemies":"Sentry and Sphere","floor":29.0,"turns":5.0},{"damage":72,"enemies":"Collector","floor":33,"turns":11}],"seed_played":"4219402322251136757","potions_obtained":[{"floor":2.0,"key":"EssenceOfSteel"},{"floor":7.0,"key":"AttackPotion"},{"floor":10.0,"key":"LiquidBronze"},{"floor":11.0,"key":"Weak Potion"},{"floor":18.0,"key":"Ancient Potion"},{"floor":29.0,"key":"Fire Potion"}],"is_trial":false,"path_per_floor":["M","M","M","$","M","R","E","R","T","M","M","R","?","M","R","B",null,"M","$","M","M","M","R","M","R","T","?","?","M","?","?","R","B"],"character_chosen":"IRONCLAD","items_purchased":["War Paint"],"campfire_rested":0,"item_purchase_floors":[19],"current_hp_per_floor":[80,80,80,80,77,77,70,70,70,70,74,74,58,64,64,45,80,68,68,65,69,72,72,78,78,78,78,78,69,69,69,69,0],"gold":84,"neow_bonus":"RANDOM_COMMON_RELIC","is_prod":false,"is_daily":false,"chose_seed":false,"campfire_upgraded":7,"win_rate":0,"timestamp":1555330727,"path_taken":["M","M","M","?","M","R","E","R","T","M","M","R","?","M","R","BOSS","M","$","M","M","M","R","M","R","T","?","?","M","?","?","R","BOSS"],"build_version":"2019-01-23","purchased_purges":2,"victory":false,"max_hp_per_floor":[80,80,80,80,80,80,80,80,80,80,80,80,80,80,80,80,80,80,80,80,80,80,80,80,80,80,80,80,80,80,80,80,80],"card_choices":[{"not_picked":["Twin Strike","Havoc","Burning Pact"],"picked":"SKIP","floor":1.0},{"not_picked":["Heavy Blade","Rampage"],"picked":"Anger","floor":2.0},{"not_picked":["Sword Boomerang","Wild Strike"],"picked":"Iron Wave","floor":3.0},{"not_picked":["Sword Boomerang","Wild Strike"],"picked":"Thunderclap","floor":5.0},{"not_picked":["Rupture","Reckless Charge","Sword Boomerang"],"picked":"SKIP","floor":7.0},{"not_picked":["Power Through","Pummel","Sentinel"],"picked":"SKIP","floor":10.0},{"not_picked":["Anger","Wild Strike"],"picked":"Body Slam","floor":11.0},{"not_picked":["Inflame","Evolve","Perfected Strike"],"picked":"SKIP","floor":14.0},{"not_picked":["Burning Pact+1","Power Through"],"picked":"Shrug It Off","floor":18.0},{"not_picked":["Reckless Charge+1","Fire Breathing"],"picked":"Pommel Strike+1","floor":20.0},{"not_picked":["Wild Strike","Shockwave"],"picked":"Clothesline+1","floor":21.0},{"not_picked":["Anger","Thunderclap+1","Dual Wield"],"picked":"SKIP","floor":22.0},{"not_picked":["Spot Weakness","Clothesline","Flex"],"picked":"SKIP","floor":24.0},{"not_picked":["Armaments+1","Clash"],"picked":"Cleave","floor":29.0}],"player_experience":585333,"relics_obtained":[{"floor":7.0,"key":"Lantern"},{"floor":9.0,"key":"Juzu Bracelet"},{"floor":26.0,"key":"Dream Catcher"}],"event_choices":[{"damage_healed":0.0,"max_hp_gain":0.0,"max_hp_loss":0.0,"gold_gain":0.0,"event_name":"Shining Light","player_choice":"Entered Light","floor":13.0,"gold_loss":0.0,"damage_taken":16.0,"cards_upgraded":["Iron Wave","Defend_R"]},{"cards_removed":["Strike_R"],"damage_healed":0.0,"max_hp_gain":0.0,"max_hp_loss":0.0,"gold_gain":0.0,"event_name":"Beggar","player_choice":"Gave Gold","floor":27.0,"gold_loss":75.0,"damage_taken":0.0},{"damage_healed":0.0,"max_hp_gain":0.0,"max_hp_loss":0.0,"gold_gain":0.0,"event_name":"Vampires","player_choice":"Ignored","floor":28.0,"gold_loss":0.0,"damage_taken":0.0},{"damage_healed":0.0,"max_hp_gain":0.0,"max_hp_loss":0.0,"gold_gain":0.0,"event_name":"Drug Dealer","player_choice":"Inject Mutagens","floor":30.0,"gold_loss":0.0,"damage_taken":0.0,"relics_obtained":["MutagenicStrength"]},{"damage_healed":0.0,"max_hp_gain":0.0,"max_hp_loss":0.0,"gold_gain":0.0,"event_name":"Cursed Tome","player_choice":"Ignored","floor":31.0,"gold_loss":0.0,"damage_taken":0.0}],"is_beta":false,"boss_relics":[{"not_picked":["Snecko Eye","Black Star"],"picked":"Philosopher\u0027s Stone"}],"items_purged_floors":[4,19],"is_endless":false,"potions_floor_spawned":[2,7,10,11,18,22,29],"killed_by":"Collector","ascension_level":0}