{"gold_per_floor":[113,188,198,198,198,198,198,198,198,226,236,236,248,274,274,369,369,385,405,320,320],"floor_reached":21,"playtime":724,"items_purged":[],"score":271,"play_id":"40a2507b-b33a-4ea2-99d8-edec763c3236","local_time":"20190130192843","is_ascension_mode":true,"campfire_choices":[{"data":"Inflame","floor":6,"key":"SMITH"},{"data":"Bash","floor":8,"key":"SMITH"},{"data":"Strike_R","floor":12,"key":"SMITH"},{"floor":15,"key":"REST"}],"neow_cost":"CURSE","seed_source_timestamp":531699145258600,"circlet_count":0,"master_deck":["Strike_R","Strike_R","Strike_R","Strike_R","Strike_R+1","Defend_R","Defend_R","Defend_R","Defend_R","Bash+1","Clumsy","Pommel Strike+1","Inflame+1","Shockwave+1","Evolve","Demon Form","Twin Strike","Pummel"],"relics":["Burning Blood","StoneCalendar","Toxic Egg 2","Smiling Mask","Magic Flower","Velvet Choker","Vajra"],"potions_floor_usage":[13,14,16],"damage_taken":[{"damage":5,"enemies":"2 Louse","floor":1,"turns":4},{"damage":6,"enemies":"Jaw Worm","floor":3,"turns":4},{"damage":30,"enemies":"3 Sentries","floor":10,"turns":7},{"damage":7,"enemies":"Small Slimes","floor":11,"turns":3},{"damage":20,"enemies":"Gremlin Gang","floor":13,"turns":4},{"damage":30,"enemies":"Lagavulin","floor":14,"turns":6},{"damage":8,"enemies":"Slime Boss","floor":16,"turns":7},{"damage":31,"enemies":"2 Thieves","floor":18,"turns":4},{"damage":31,"enemies":"Spheric Guardian","floor":19,"turns":5},{"damage":38,"enemies":"Masked Bandits","floor":21,"turns":2}],"seed_played":"-1909481752006698948","potions_obtained":[{"floor":1,"key":"Strength Potion"},{"floor":10,"key":"FairyPotion"},{"floor":11,"key":"AttackPotion"},{"floor":14,"key":"SkillPotion"}],"is_trial":false,"path_per_floor":["M","?","M","?","?","R","?","R","T","E","M","R","M","E","R","B",null,"M","M","?","?"],"character_chosen":"IRONCLAD","items_purchased":[],"campfire_rested":1,"item_purchase_floors":[],"current_hp_per_floor":[73,62,62,62,67,67,67,67,67,43,42,42,28,14,39,40,74,52,30,30,0],"gold":320,"neow_bonus":"ONE_RARE_RELIC","is_prod":false,"is_daily":false,"chose_seed":false,"campfire_upgraded":3,"win_rate":0,"timestamp":1548872923,"path_taken":["M","?","M","?","?","R","?","R","T","E","?","R","M","E","R","BOSS","M","M","?","?"],"build_version":"2019-01-23","purchased_purges":0,"victory":false,"max_hp_per_floor":[80,80,80,80,85,85,85,85,85,85,85,85,85,85,85,85,85,85,85,85,85],"card_choices":[{"not_picked":["Clash","Heavy Blade"],"picked":"Pommel Strike","floor":1},{"not_picked":["Clothesline","Blood for Blood"],"picked":"Inflame","floor":3},{"not_picked":["Entrench+1","Sever Soul","Blood for Blood"],"picked":"SKIP","floor":10},{"not_picked":["Twin Strike","Iron Wave"],"picked":"Shockwave+1","floor":11},{"not_picked":["Feel No Pain","Warcry+1","Juggernaut"],"picked":"SKIP","floor":13},{"not_picked":["Shockwave+1","Anger"],"picked":"Evolve","floor":14},{"not_picked":["Double Tap+1","Fiend Fire"],"picked":"Demon Form","floor":16},{"not_picked":["Iron Wave","Shockwave+1"],"picked":"Twin Strike","floor":18},{"not_picked":["Iron Wave","Shockwave+1"],"picked":"Pummel","floor":19}],"player_experience":417697,"relics_obtained":[{"floor":9,"key":"Toxic Egg 2"},{"floor":10,"key":"Smiling Mask"},{"floor":14,"key":"Magic Flower"}],"event_choices":[{"damage_healed":0,"gold_gain":75,"player_choice":"Gather Gold","damage_taken":11,"max_hp_gain":0,"max_hp_loss":0,"event_name":"World of Goop","floor":2,"gold_loss":0},{"damage_healed":0,"gold_gain":0,"player_choice":"Ignored","damage_taken":0,"max_hp_gain":0,"max_hp_loss":0,"event_name":"Liars Game","floor":4,"gold_loss":0},{"damage_healed":0,"gold_gain":0,"player_choice":"Donut","damage_taken":0,"max_hp_gain":5,"max_hp_loss":0,"event_name":"Big Fish","floor":5,"gold_loss":0},{"damage_healed":0,"gold_gain":0,"player_choice":"Forge","damage_taken":0,"max_hp_gain":0,"max_hp_loss":0,"event_name":"Accursed Blacksmith","floor":7,"gold_loss":0,"cards_upgraded":["Pommel Strike"]},{"damage_healed":0,"gold_gain":0,"player_choice":"Obtained Relic","damage_taken":0,"relics_obtained":["Vajra"],"max_hp_gain":0,"max_hp_loss":0,"event_name":"Addict","floor":20,"gold_loss":85},{"damage_healed":0,"gold_gain":0,"player_choice":"Fought Bandits","damage_taken":0,"max_hp_gain":0,"max_hp_loss":0,"event_name":"Masked Bandits","floor":21,"gold_loss":0}],"is_beta":false,"boss_relics":[{"not_picked":["Black Star","Lizard Tail"],"picked":"Velvet Choker"}],"items_purged_floors":[],"is_endless":false,"potions_floor_spawned":[1,10,11,14],"killed_by":"Masked Bandits","ascension_level":9}