{"path_per_floor":["M","?","$","M","M","R","M","R","T","M","?","R","M","E","R","B",null,"M","M","?","M","?"],"character_chosen":"IRONCLAD","items_purchased":["Shrug It Off"],"gold_per_floor":[113,113,67,86,100,100,123,123,172,195,195,195,209,245,245,365,365,386,411,411,425,425],"floor_reached":23,"campfire_rested":1,"playtime":984,"current_hp_per_floor":[88,66,66,64,68,68,67,67,67,73,78,78,78,57,84,52,93,74,55,55,44,44],"items_purged":[],"gold":425,"score":193,"play_id":"9ba07848-7a74-477b-a782-959692341eaa","local_time":"20180317222903","is_prod":false,"is_daily":false,"is_ascension_mode":false,"campfire_upgraded":3,"timestamp":1521296943,"path_taken":["M","?","$","?","M","R","M","R","T","M","?","R","M","E","R","BOSS","M","M","?","M","?","E"],"build_version":"2018-03-15v2","purchased_purges":0,"victory":false,"master_deck":["Strike_R","Strike_R","Strike_R","Strike_R","Strike_R","Defend_R","Defend_R","Defend_R","Defend_R","Bash+1","Sword Boomerang","Shrug It Off","Iron Wave+1","Armaments+1","Iron Wave","Flex","Limit Break","Demon Form","Whirlwind","Rupture"],"max_hp_per_floor":[88,88,88,88,88,88,88,88,88,88,93,93,93,93,93,93,93,93,93,93,93,93],"relics":["Burning Blood","Golden Idol","Happy Flower","Ancient Tea Set","Black Star"],"card_choices":[{"not_picked":["Wild Strike","Fire Breathing"],"picked":"Sword Boomerang"},{"not_picked":["Heavy Blade","Sword Boomerang"],"picked":"Iron Wave"},{"not_picked":["Havoc","Shrug It Off"],"picked":"Armaments"},{"not_picked":["Wild Strike","Body Slam"],"picked":"Iron Wave"},{"not_picked":["Perfected Strike","Evolve"],"picked":"Flex"},{"not_picked":["Anger","Reaper"],"picked":"Limit Break"},{"not_picked":["Dark Embrace","Immolate"],"picked":"Demon Form"},{"not_picked":["Wild Strike","Cleave"],"picked":"Whirlwind"},{"not_picked":["Warcry","Sever Soul"],"picked":"Rupture"}],"player_experience":331725,"potions_floor_usage":[13,21,23,23],"damage_taken":[{"damage":0,"enemies":"Small Slimes","floor":1,"turns":4},{"damage":8,"enemies":"Jaw Worm","floor":4,"turns":4},{"damage":2,"enemies":"Cultist","floor":5,"turns":4},{"damage":7,"enemies":"3 Louse","floor":7,"turns":6},{"damage":0,"enemies":"Large Slime","floor":10,"turns":6},{"damage":6,"enemies":"Exordium Wildlife","floor":13,"turns":4},{"damage":27,"enemies":"Gremlin Nob","floor":14,"turns":4},{"damage":38,"enemies":"The Guardian","floor":16,"turns":13},{"damage":25,"enemies":"Spheric Guardian","floor":18,"turns":7},{"damage":25,"enemies":"Chosen","floor":19,"turns":4},{"damage":17,"enemies":"3 Cultists","floor":21,"turns":6},{"damage":64,"enemies":"Book of Stabbing","floor":23,"turns":6}],"event_choices":[{"event_name":"Golden Idol","player_choice":"Take Damage","floor":2,"damage_taken":0},{"event_name":"Big Fish","player_choice":"Donut","floor":11,"damage_taken":0},{"event_name":"Vampires","player_choice":"Ignored","floor":20,"damage_taken":0},{"event_name":"The Lab","player_choice":"Got Potions","floor":22,"damage_taken":0}],"boss_relics":[{"not_picked":["Question Card","Ectoplasm"],"picked":"Black Star"}],"potions_floor_spawned":[4,5,10,16,19,21],"seed_played":"7998405946114347179","killed_by":"Book of Stabbing","ascension_level":0,"is_trial":false}