{"gold_per_floor":[117,292,367,8,8,8,38,38,117,135,148,166,166,197,197,300,300,310,326,346,256,29,29,47,47,71,101,115,115,115,192,192,296,296,313,313,313,313,313,313,338,352,378,378,1,17,17,35,35,35],"floor_reached":51,"playtime":3597,"items_purged":["Doubt"],"score":1017,"play_id":"7ed04a5d-21da-41b0-9de1-8e3e2b1c94a0","local_time":"20190303015354","is_ascension_mode":true,"campfire_choices":[{"data":"Dualcast","floor":6.0,"key":"SMITH"},{"data":"Streamline","floor":8.0,"key":"SMITH"},{"floor":15.0,"key":"REST"},{"data":"White Noise","floor":23.0,"key":"SMITH"},{"floor":25.0,"key":"REST"},{"data":"Force Field","floor":32.0,"key":"SMITH"},{"data":"Panacea","floor":40,"key":"SMITH"},{"data":"BootSequence","floor":44,"key":"SMITH"},{"floor":49,"key":"REST"}],"neow_cost":"NONE","seed_source_timestamp":74358570541763,"circlet_count":0,"master_deck":["Zap+1","Dualcast+1","White Noise+1","Panacea+1","Streamline+1","Auto Shields","Leap","Meteor Strike","White Noise+1","Electrodynamics+1","Storm+1","Static Discharge+1","Blizzard","Seek+1","Core Surge","Aggregate","Barrage","Recycle","Tempest","Leap+1","Force Field","Force Field+1","White Noise","Heatsinks+1","Ghostly","Ghostly","Ghostly","Ghostly","Ghostly","BootSequence+1","Biased Cognition+1","Panache+1","Cold Snap","Hologram","Madness","Madness","Loop+1","Defragment+1"],"special_seed":0,"relics":["Cracked Core","Frozen Egg 2","Ice Cream","Meat on the Bone","WarpedTongs","Dream Catcher","Pandora\u0027s Box","Orichalcum","DataDisk","Matryoshka","Mercury Hourglass","Strawberry","Nuclear Battery","Sundial","Letter Opener","Potion Belt","PreservedInsect","Runic Capacitor"],"potions_floor_usage":[50,50],"damage_taken":[{"damage":0.0,"enemies":"Small Slimes","floor":1.0,"turns":3.0},{"damage":15.0,"enemies":"3 Sentries","floor":7.0,"turns":4.0},{"damage":0.0,"enemies":"Cultist","floor":10.0,"turns":2.0},{"damage":7.0,"enemies":"Jaw Worm","floor":11.0,"turns":2.0},{"damage":12.0,"enemies":"Lots of Slimes","floor":12.0,"turns":4.0},{"damage":18.0,"enemies":"Lagavulin","floor":14.0,"turns":6.0},{"damage":43.0,"enemies":"The Guardian","floor":16.0,"turns":10.0},{"damage":22.0,"enemies":"2 Thieves","floor":18.0,"turns":2.0},{"damage":1.0,"enemies":"Chosen","floor":19.0,"turns":3.0},{"damage":13.0,"enemies":"Sentry and Sphere","floor":20.0,"turns":3.0},{"damage":0.0,"enemies":"3 Cultists","floor":24.0,"turns":2.0},{"damage":23.0,"enemies":"Slavers","floor":27.0,"turns":2.0},{"damage":8.0,"enemies":"Shelled Parasite and Fungi","floor":28.0,"turns":4.0},{"damage":0.0,"enemies":"Collector","floor":33.0,"turns":6.0},{"damage":0.0,"enemies":"3 Shapes","floor":35.0,"turns":3.0},{"damage":0,"enemies":"Reptomancer","floor":41,"turns":4},{"damage":0,"enemies":"Orb Walker","floor":42,"turns":2},{"damage":0,"enemies":"4 Shapes","floor":46,"turns":3},{"damage":0,"enemies":"Sphere and 2 Shapes","floor":48,"turns":3},{"damage":0,"enemies":"Awakened One","floor":50,"turns":6}],"seed_played":"-3261478977154392813","potions_obtained":[{"floor":1.0,"key":"Poison Potion"},{"floor":11.0,"key":"GamblersBrew"},{"floor":12.0,"key":"FearPotion"},{"floor":18.0,"key":"Swift Potion"},{"floor":24.0,"key":"Strength Potion"},{"floor":27.0,"key":"Weak Potion"},{"floor":35.0,"key":"Ancient Potion"},{"floor":41,"key":"Energy Potion"},{"floor":42,"key":"Explosive Potion"}],"is_trial":false,"path_per_floor":["M","?","?","$","?","R","E","R","T","M","M","M","?","E","R","B",null,"M","M","M","?","$","R","M","R","T","E","M","?","?","T","R","B",null,"M","?","?","?","?","R","E","M","T","R","$","M","?","M","R","B",null],"character_chosen":"DEFECT","items_purchased":["Frozen Egg 2","Panacea","Streamline","Orichalcum","Force Field","Runic Capacitor","Cold Snap","PowerPotion"],"campfire_rested":3,"item_purchase_floors":[4,4,4,22,22,45,45,45],"current_hp_per_floor":[75,75,64,64,64,64,49,49,49,49,42,42,42,36,58,27,75,53,52,39,39,39,39,39,61,61,38,42,37,37,44,44,44,44,44,44,44,44,44,44,44,44,44,44,44,44,38,38,44,44],"gold":35,"neow_bonus":"UPGRADE_CARD","is_prod":false,"is_daily":false,"chose_seed":false,"campfire_upgraded":6,"win_rate":0,"timestamp":1551599634,"path_taken":["M","?","?","$","?","R","E","R","T","?","M","M","?","E","R","BOSS","M","?","M","?","$","R","M","R","T","E","?","?","?","?","R","BOSS","M","?","?","?","?","R","E","?","T","R","$","M","?","M","R","BOSS"],"build_version":"2019-01-23","purchased_purges":1,"victory":true,"max_hp_per_floor":[75,75,75,75,75,75,75,75,75,75,75,75,75,75,75,75,75,75,75,75,75,75,75,75,75,75,75,75,37,37,44,44,44,44,44,44,44,44,44,44,44,44,44,44,44,44,44,44,44,44],"card_choices":[{"not_picked":["Blizzard","Go for the Eyes"],"picked":"White Noise","floor":1.0},{"not_picked":["Tempest","Rip and Tear","Skim"],"picked":"SKIP","floor":7.0},{"not_picked":["Double Energy","Beam Cell"],"picked":"Auto Shields","floor":10.0},{"not_picked":["Sweeping Beam","Cold Snap"],"picked":"Leap","floor":11.0},{"not_picked":["Turbo","Streamline","Reinforced Body"],"picked":"SKIP","floor":12.0},{"not_picked":["Capacitor+1","Stack"],"picked":"Meteor Strike","floor":14.0},{"not_picked":["Compile Driver","Leap"],"picked":"White Noise","floor":15.0},{"not_picked":["Creative AI+1","Seek"],"picked":"Electrodynamics+1","floor":16.0},{"not_picked":["Auto Shields","Stack"],"picked":"Recycle","floor":18.0},{"not_picked":["Hologram+1","Beam Cell"],"picked":"Tempest","floor":19.0},{"not_picked":["Redo","Skim"],"picked":"Leap+1","floor":20.0},{"not_picked":["Barrage","Sweeping Beam"],"picked":"Force Field","floor":24.0},{"not_picked":["Go for the Eyes","Seek"],"picked":"White Noise","floor":25.0},{"not_picked":["Steam","Ball Lightning","Barrage+1"],"picked":"SKIP","floor":27.0},{"not_picked":["Rip and Tear","Go for the Eyes+1"],"picked":"Heatsinks+1","floor":28.0},{"not_picked":["Buffer+1","Reboot"],"picked":"Biased Cognition+1","floor":33.0},{"not_picked":["Barrage","Streamline+1","Steam"],"picked":"SKIP","floor":35.0},{"not_picked":["Purity","Mind Blast"],"picked":"Panache+1","floor":38},{"not_picked":["Sweeping Beam+1","Reinforced Body","Fusion"],"picked":"SKIP","floor":41},{"not_picked":["Steam","Compile Driver","Leap"],"picked":"SKIP","floor":42},{"not_picked":["Sunder","Fusion"],"picked":"Hologram","floor":46},{"not_picked":["Ball Lightning+1","Creative AI+1"],"picked":"Loop+1","floor":48},{"not_picked":["Sweeping Beam","BootSequence+1"],"picked":"Defragment+1","floor":49}],"player_experience":230863,"relics_obtained":[{"floor":7.0,"key":"Ice Cream"},{"floor":9.0,"key":"Meat on the Bone"},{"floor":14.0,"key":"Dream Catcher"},{"floor":26.0,"key":"DataDisk"},{"floor":27.0,"key":"Matryoshka"},{"floor":31.0,"key":"Mercury Hourglass"},{"floor":31.0,"key":"Strawberry"},{"floor":41,"key":"Letter Opener"},{"floor":43,"key":"Potion Belt"},{"floor":43,"key":"PreservedInsect"}],"event_choices":[{"damage_healed":0.0,"max_hp_gain":0.0,"max_hp_loss":0.0,"gold_gain":175.0,"event_name":"Liars Game","player_choice":"AGREE","floor":2.0,"gold_loss":0.0,"damage_taken":0.0,"cards_obtained":["Doubt"]},{"damage_healed":0.0,"max_hp_gain":0.0,"max_hp_loss":0.0,"gold_gain":75.0,"event_name":"World of Goop","player_choice":"Gather Gold","floor":3.0,"gold_loss":0.0,"damage_taken":11.0},{"damage_healed":0.0,"max_hp_gain":0.0,"max_hp_loss":0.0,"gold_gain":0.0,"event_name":"Upgrade Shrine","player_choice":"Upgraded","floor":5.0,"gold_loss":0.0,"damage_taken":0.0,"cards_upgraded":["White Noise"]},{"damage_healed":0.0,"max_hp_gain":0.0,"max_hp_loss":0.0,"gold_gain":0.0,"event_name":"Accursed Blacksmith","player_choice":"Rummage","floor":13.0,"gold_loss":0.0,"damage_taken":0.0,"relics_obtained":["WarpedTongs"],"cards_obtained":["Pain"]},{"cards_removed":["Pain"],"damage_healed":0.0,"max_hp_gain":0.0,"max_hp_loss":0.0,"gold_gain":0.0,"event_name":"Designer","player_choice":"Upgrade and Remove","floor":21.0,"gold_loss":90.0,"damage_taken":0.0,"cards_upgraded":["Seek"]},{"damage_healed":0.0,"max_hp_gain":0.0,"max_hp_loss":38.0,"gold_gain":0.0,"event_name":"Ghosts","player_choice":"Became a Ghost","floor":29.0,"gold_loss":0.0,"damage_taken":0.0,"cards_obtained":["Ghostly","Ghostly","Ghostly","Ghostly","Ghostly"]},{"damage_healed":0.0,"max_hp_gain":0.0,"max_hp_loss":0.0,"gold_gain":0.0,"event_name":"The Library","player_choice":"Read","floor":30.0,"gold_loss":0.0,"damage_taken":0.0,"cards_obtained":["BootSequence"]},{"cards_removed":["Doom and Gloom"],"damage_healed":0.0,"max_hp_gain":0.0,"max_hp_loss":0.0,"gold_gain":0.0,"event_name":"Falling","player_choice":"Removed Attack","floor":36.0,"gold_loss":0.0,"damage_taken":0.0},{"damage_healed":0,"gold_gain":0,"player_choice":"Ignored","damage_taken":0,"max_hp_gain":0,"max_hp_loss":0,"event_name":"Tomb of Lord Red Mask","floor":37,"gold_loss":0},{"damage_healed":0,"gold_gain":0,"player_choice":"Memory 1","damage_taken":0,"max_hp_gain":0,"max_hp_loss":0,"event_name":"SensoryStone","floor":38,"gold_loss":0},{"damage_healed":0,"gold_gain":0,"player_choice":"Gave Potion","damage_taken":0,"relics_obtained":["Sundial"],"max_hp_gain":0,"max_hp_loss":0,"event_name":"WeMeetAgain","floor":39,"gold_loss":0},{"damage_healed":0,"gold_gain":0,"player_choice":"Embrace Madness","damage_taken":6,"max_hp_gain":0,"max_hp_loss":0,"event_name":"Winding Halls","floor":47,"gold_loss":0,"cards_obtained":["Madness","Madness"]}],"is_beta":false,"boss_relics":[{"not_picked":["Orrery","Inserter"],"picked":"Pandora\u0027s Box"},{"not_picked":["Lizard Tail","Astrolabe"],"picked":"Nuclear Battery"}],"items_purged_floors":[45],"is_endless":false,"potions_floor_spawned":[1,11,12,18,24,27,35,41,42],"ascension_level":3}