{"gold_per_floor":[209,223,239,95,95,126,126,141,193,193,193,205,205,217,217,320,320,335,185,199,31,31,31,63,63,63,81,93,104,124,141,141,236,236,256,276,55,55,55,55,69,69,95,107,127,143,154,164,164,164,164,164,129,154,154],"floor_reached":55,"playtime":3445,"items_purged":["Strike_B","Strike_B"],"score":752,"play_id":"b5668b27-4e8a-49ee-b532-dc50c54daa9f","local_time":"20181214214047","is_ascension_mode":false,"campfire_choices":[{"data":"Defragment","floor":7,"key":"SMITH"},{"data":"Barrage","floor":10,"key":"SMITH"},{"data":"Cold Snap","floor":13,"key":"SMITH"},{"data":"Dualcast","floor":15,"key":"SMITH"},{"data":"Defragment","floor":23,"key":"SMITH"},{"data":"Redo","floor":25,"key":"SMITH"},{"data":"Chill","floor":32,"key":"SMITH"},{"data":"Recycle","floor":40,"key":"SMITH"},{"floor":42,"key":"RECALL"},{"data":"Echo Form","floor":49,"key":"SMITH"},{"data":"Static Discharge","floor":52,"key":"SMITH"}],"neow_cost":"NONE","seed_source_timestamp":129930701437700,"circlet_count":0,"master_deck":["Strike_B","Strike_B+1","Defend_B","Defend_B","Defend_B","Defend_B","Zap+1","Dualcast+1","Cold Snap+1","Barrage+1","Defragment+1","Barrage+1","Buffer","Defragment+1","Coolheaded+1","Self Repair","Redo+1","Coolheaded","Chill+1","Static Discharge+1","Core Surge","Compile Driver+1","Go for the Eyes+1","Recycle+1","Madness","Madness","Parasite","Barrage+1","Echo Form+1","Coolheaded+1","Defragment","Leap+1"],"relics":["Cracked Core","Singing Bowl","Oddly Smooth Stone","Runic Pyramid","Orichalcum","Sundial","Matryoshka","Velvet Choker","DataDisk","PreservedInsect","Shuriken"],"potions_floor_usage":[18,24,24,33,55,55,55],"damage_taken":[{"damage":7,"enemies":"Small Slimes","floor":1,"turns":4},{"damage":0,"enemies":"Cultist","floor":2,"turns":3},{"damage":0,"enemies":"2 Louse","floor":3,"turns":2},{"damage":20,"enemies":"Gremlin Nob","floor":6,"turns":4},{"damage":7,"enemies":"Red Slaver","floor":8,"turns":3},{"damage":3,"enemies":"2 Fungi Beasts","floor":12,"turns":3},{"damage":2,"enemies":"Looter","floor":14,"turns":2},{"damage":2,"enemies":"Hexaghost","floor":16,"turns":9},{"damage":0,"enemies":"Spheric Guardian","floor":18,"turns":4},{"damage":0,"enemies":"3 Byrds","floor":20,"turns":4},{"damage":2,"enemies":"Gremlin Leader","floor":24,"turns":5},{"damage":0,"enemies":"3 Cultists","floor":27,"turns":5},{"damage":6,"enemies":"Shelled Parasite and Fungi","floor":28,"turns":4},{"damage":0,"enemies":"Snake Plant","floor":29,"turns":4},{"damage":4,"enemies":"Cultist and Chosen","floor":30,"turns":7},{"damage":5,"enemies":"Sentry and Sphere","floor":31,"turns":5},{"damage":0,"enemies":"Automaton","floor":33,"turns":12},{"damage":4,"enemies":"Orb Walker","floor":35,"turns":4},{"damage":10,"enemies":"3 Darklings","floor":36,"turns":5},{"damage":0,"enemies":"Transient","floor":41,"turns":5},{"damage":0,"enemies":"Writhing Mass","floor":44,"turns":9},{"damage":0,"enemies":"4 Shapes","floor":45,"turns":8},{"damage":23,"enemies":"Sphere and 2 Shapes","floor":46,"turns":5},{"damage":15,"enemies":"Maw","floor":47,"turns":9},{"damage":0,"enemies":"Transient","floor":48,"turns":5},{"damage":58,"enemies":"Donu and Deca","floor":50,"turns":12},{"damage":40,"enemies":"Shield and Spear","floor":54,"turns":10},{"damage":69,"enemies":"The Heart","floor":55,"turns":15}],"seed_played":"-3930399462510834859","potions_obtained":[{"floor":3,"key":"LiquidBronze"},{"floor":6,"key":"Dexterity Potion"},{"floor":16,"key":"SpeedPotion"},{"floor":18,"key":"SkillPotion"},{"floor":24,"key":"Ancient Potion"},{"floor":29,"key":"FocusPotion"},{"floor":33,"key":"SneckoOil"},{"floor":36,"key":"FocusPotion"},{"floor":41,"key":"Energy Potion"},{"floor":44,"key":"Dexterity Potion"}],"is_trial":false,"path_per_floor":["M","M","M","$","?","E","R","M","T","R","?","M","R","M","R","B",null,"M","$","M","$","?","R","E","R","T","M","M","M","M","M","R","B",null,"M","M","$","?","?","R","M","R","T","M","M","M","M","M","R","B",null,"R","$","E","B"],"character_chosen":"DEFECT","items_purchased":["Defragment","Defragment","FTL","Self Repair","Recycle","DataDisk","Defragment"],"campfire_rested":0,"item_purchase_floors":[4,19,19,21,37,37,53],"current_hp_per_floor":[68,68,68,68,53,33,33,28,28,28,28,27,27,27,27,25,81,83,83,83,83,83,83,83,83,83,85,85,85,87,87,87,87,87,87,84,84,73,73,73,82,82,82,89,89,75,76,83,83,32,93,93,93,67,0],"gold":154,"neow_bonus":"HUNDRED_GOLD","is_prod":false,"is_daily":false,"chose_seed":false,"campfire_upgraded":10,"win_rate":0,"timestamp":1544820047,"path_taken":["M","M","M","$","?","E","R","M","T","R","?","M","R","M","R","BOSS","M","$","?","$","?","R","E","R","T","M","M","M","?","M","R","BOSS","M","M","$","?","?","R","M","R","T","M","M","M","M","M","R","BOSS","R","$","E","BOSS"],"build_version":"2018-12-13","purchased_purges":2,"victory":false,"max_hp_per_floor":[75,75,75,75,75,75,75,77,77,77,77,79,79,81,81,81,81,83,83,83,83,83,83,83,83,83,85,85,85,87,87,87,87,87,87,87,87,87,87,87,89,89,89,89,89,91,93,93,93,93,93,93,93,93,93],"card_choices":[{"not_picked":["Streamline","Force Field"],"picked":"Cold Snap","floor":1},{"not_picked":["Turbo","Beam Cell","Streamline"],"picked":"SKIP","floor":2},{"not_picked":["Lockon","Reprogram"],"picked":"Barrage","floor":3},{"not_picked":["Steam Power","Static Discharge"],"picked":"Barrage","floor":6},{"not_picked":["Scrape","Consume","Ball Lightning"],"picked":"Singing Bowl","floor":8},{"not_picked":["Skim","Leap","Darkness"],"picked":"Singing Bowl","floor":12},{"not_picked":["Chaos","Storm","Stack"],"picked":"Singing Bowl","floor":14},{"not_picked":["Amplify","Meteor Strike"],"picked":"Buffer","floor":16},{"not_picked":["Skim+1","Reprogram","Ball Lightning"],"picked":"Singing Bowl","floor":18},{"not_picked":["Gash+1","Hologram"],"picked":"Coolheaded+1","floor":20},{"not_picked":["Conserve Battery","FTL"],"picked":"Redo","floor":24},{"not_picked":["Force Field+1","Barrage","Reinforced Body"],"picked":"Singing Bowl","floor":27},{"not_picked":["Reinforced Body","Barrage"],"picked":"Coolheaded","floor":28},{"not_picked":["Machine Learning","Hologram"],"picked":"Chill","floor":29},{"not_picked":["Skim","Streamline+1","Sweeping Beam"],"picked":"Singing Bowl","floor":30},{"not_picked":["Gash","Streamline"],"picked":"Static Discharge","floor":31},{"not_picked":["Seek","Amplify"],"picked":"Core Surge","floor":33},{"not_picked":["Gash","Streamline"],"picked":"Compile Driver+1","floor":35},{"not_picked":["Doom and Gloom","Barrage"],"picked":"Go for the Eyes+1","floor":36},{"not_picked":["Reprogram","Cold Snap","Redo"],"picked":"Singing Bowl","floor":41},{"not_picked":["Beam Cell","Leap+1"],"picked":"Barrage+1","floor":44},{"not_picked":["FTL","Turbo"],"picked":"Echo Form","floor":45},{"not_picked":["Compile Driver","Stack","Consume"],"picked":"Singing Bowl","floor":46},{"not_picked":["Stack","Chaos","Hello World+1"],"picked":"Singing Bowl","floor":47},{"not_picked":["Chill","Reprogram"],"picked":"Coolheaded+1","floor":48},{"not_picked":["Auto Shields","Gash"],"picked":"Leap+1","floor":54}],"player_experience":259287,"relics_obtained":[{"floor":6,"key":"Singing Bowl"},{"floor":9,"key":"Oddly Smooth Stone"},{"floor":24,"key":"Sundial"},{"floor":26,"key":"Matryoshka"},{"floor":43,"key":"PreservedInsect"},{"floor":54,"key":"Shuriken"}],"event_choices":[{"damage_healed":0,"gold_gain":0,"player_choice":"Entered Light","damage_taken":15,"max_hp_gain":0,"max_hp_loss":0,"event_name":"Shining Light","floor":5,"gold_loss":0,"cards_upgraded":["Strike_B","Zap"]},{"damage_healed":0,"gold_gain":0,"player_choice":"Upgraded","damage_taken":0,"max_hp_gain":0,"max_hp_loss":0,"event_name":"Upgrade Shrine","floor":11,"gold_loss":0,"cards_upgraded":["Barrage"]},{"damage_healed":0,"gold_gain":0,"player_choice":"Gave Potion","damage_taken":0,"relics_obtained":["Orichalcum"],"max_hp_gain":0,"max_hp_loss":0,"event_name":"WeMeetAgain","floor":22,"gold_loss":0},{"damage_healed":0,"gold_gain":0,"player_choice":"Embrace Madness","damage_taken":11,"max_hp_gain":0,"max_hp_loss":0,"event_name":"Winding Halls","floor":38,"gold_loss":0,"cards_obtained":["Madness","Madness"]},{"cards_removed":["FTL"],"damage_healed":0,"gold_gain":0,"player_choice":"Removed Attack","damage_taken":0,"max_hp_gain":0,"max_hp_loss":0,"event_name":"Falling","floor":39,"gold_loss":0}],"is_beta":false,"boss_relics":[{"not_picked":["Cursed Key","Black Star"],"picked":"Runic Pyramid"},{"not_picked":["Lizard Tail","Astrolabe"],"picked":"Velvet Choker"}],"items_purged_floors":[4,21],"is_endless":false,"potions_floor_spawned":[3,6,16,18,24,29,33,36,41,44,54],"killed_by":"The Heart","ascension_level":0}