{"path_per_floor":["M","M","M","M","M","E","R","M","T","$","?","M","R","M","R","B",null,"M","?","?","$","M","?","M","R","T","R","?","E","R","M","R","B",null,"M","?","?","M","M","R","$","R","T","M","$","M","M","M","R"],"character_chosen":"IRONCLAD","items_purchased":["Spot Weakness","Dream Catcher","Regal Pillow","Anger","Headbutt","Flex","Rupture","Whetstone","Bottled Flame"],"gold_per_floor":[118,134,147,159,176,201,201,212,512,63,138,154,154,168,168,265,265,285,285,285,118,133,133,149,149,199,199,199,227,227,241,241,345,345,365,365,365,383,402,402,7,7,31,46,46,59,76,95,95],"floor_reached":50,"campfire_rested":4,"playtime":4538,"current_hp_per_floor":[80,80,80,78,80,71,71,71,71,71,60,56,56,51,86,62,86,80,63,63,63,60,60,56,56,56,94,65,47,47,38,65,14,65,40,40,40,43,46,46,46,46,46,39,39,33,29,17,52],"items_purged":["Defend_R"],"gold":95,"score":495,"play_id":"0e843b7b-2e4b-4f35-9cb6-b533e9c639f0","is_prod":false,"is_daily":false,"is_ascension_mode":false,"campfire_upgraded":6,"path_taken":["M","M","M","M","M","E","R","M","T","$","?","M","R","M","R","BOSS","M","?","?","$","M","?","M","R","T","R","?","E","R","M","R","BOSS","M","?","?","M","?","R","$","R","T","?","$","M","M","M","R","BOSS"],"build_version":"2018-02-15-PROD1","purchased_purges":1,"victory":false,"master_deck":["Defend_R+1","Bash","Power Through","Rampage","Heavy Blade","Thunderclap","Pommel Strike+1","Warcry+1","Feed","Battle Trance","Spot Weakness","Anger+1","Headbutt","Intimidate+1","Heavy Blade","Headbutt+1","Impervious+1","Infernal Blade+1","Havoc+1","Dark Embrace+1","Cleave","Flex","Pommel Strike+1","Thunderclap+1","Armaments+1","Bite","Bite","Bite","Bite","Bite","Thunderclap+1","Inflame","Inflame","Impervious","Heavy Blade+1","Heavy Blade+1","Twin Strike+1","Headbutt+1","Immolate","Bloodletting","Heavy Blade+1","Rupture+1","Sever Soul+1"],"max_hp_per_floor":[80,80,80,80,80,80,80,83,83,83,83,86,86,86,86,86,86,86,91,91,91,91,91,94,94,94,94,65,65,65,65,65,65,65,65,65,65,65,65,65,65,65,65,68,68,68,68,68,68],"relics":["Burning Blood","Pen Nib","Old Coin","Dream Catcher","Regal Pillow","Astrolabe","Self Forming Clay","Prayer Wheel","Thread and Needle","Mark of Pain","Whetstone","Bottled Flame","War Paint"],"card_choices":[{"not_picked":["Cleave","Shrug It Off"],"picked":"Rampage"},{"not_picked":["Sword Boomerang","Second Wind"],"picked":"Heavy Blade"},{"not_picked":["True Grit","Clothesline"],"picked":"Thunderclap"},{"not_picked":["Sword Boomerang","Evolve"],"picked":"Pommel Strike"},{"not_picked":["Corruption","Flame Barrier"],"picked":"Warcry"},{"not_picked":["Bloodletting","Armaments"],"picked":"Feed"},{"not_picked":["Rupture","Iron Wave"],"picked":"Battle Trance"},{"not_picked":["Wild Strike","Armaments"],"picked":"Intimidate"},{"not_picked":["Twin Strike","Hemokinesis"],"picked":"Heavy Blade"},{"not_picked":["Wild Strike","Rage"],"picked":"Headbutt"},{"not_picked":["Juggernaut","Bludgeon"],"picked":"Impervious"},{"not_picked":["Rampage","Feel No Pain"],"picked":"Cleave"},{"not_picked":["Clash","Perfected Strike"],"picked":"Pommel Strike"},{"not_picked":["Shrug It Off","True Grit"],"picked":"Thunderclap"},{"not_picked":["Reckless Charge","Flex"],"picked":"Armaments"},{"not_picked":["Flame Barrier","Dropkick"],"picked":"Thunderclap"},{"not_picked":["Heavy Blade","Uppercut"],"picked":"Inflame"},{"not_picked":["Iron Wave","Anger"],"picked":"Inflame"},{"not_picked":["Brutality","Dark Embrace"],"picked":"Impervious"},{"not_picked":["Iron Wave","Searing Blow"],"picked":"Heavy Blade"},{"not_picked":["Warcry","Headbutt"],"picked":"Heavy Blade"},{"not_picked":["Perfected Strike","Thunderclap"],"picked":"Twin Strike"},{"not_picked":["Shrug It Off","Cleave"],"picked":"Headbutt"},{"not_picked":["Sword Boomerang","Flex"],"picked":"Immolate"},{"not_picked":["Feel No Pain","Spot Weakness"],"picked":"Bloodletting"},{"not_picked":["Whirlwind","Hemokinesis"],"picked":"Heavy Blade"},{"not_picked":["Warcry","Headbutt"],"picked":"Rupture"},{"not_picked":["Dual Wield","Thunderclap"],"picked":"Sever Soul"}],"player_experience":53493,"potions_floor_usage":[6,16,24,29,33,33,44,48,50,50,50],"damage_taken":[{"damage":4,"enemies":"Small Slimes","floor":1,"turns":5},{"damage":0,"enemies":"2 Louse","floor":2,"turns":2},{"damage":1,"enemies":"Cultist","floor":3,"turns":3},{"damage":8,"enemies":"3 Louse","floor":4,"turns":4},{"damage":0,"enemies":"Large Slime","floor":5,"turns":4},{"damage":15,"enemies":"Gremlin Nob","floor":6,"turns":5},{"damage":9,"enemies":"Blue Slaver","floor":8,"turns":5},{"damage":13,"enemies":"Lots of Slimes","floor":12,"turns":3},{"damage":11,"enemies":"Exordium Wildlife","floor":14,"turns":3},{"damage":30,"enemies":"Slime Boss","floor":16,"turns":6},{"damage":12,"enemies":"Shell Parasite","floor":18,"turns":3},{"damage":9,"enemies":"Spheric Guardian","floor":22,"turns":4},{"damage":13,"enemies":"Chosen and Byrds","floor":24,"turns":5},{"damage":26,"enemies":"Book of Stabbing","floor":29,"turns":6},{"damage":21,"enemies":"Slaver and Parasite","floor":31,"turns":6},{"damage":72,"enemies":"Champ","floor":33,"turns":10},{"damage":35,"enemies":"3 Darklings","floor":35,"turns":4},{"damage":7,"enemies":"Orb Walker","floor":38,"turns":3},{"damage":7,"enemies":"3 Darklings","floor":39,"turns":4},{"damage":20,"enemies":"Sphere and 2 Shapes","floor":44,"turns":4},{"damage":18,"enemies":"4 Shapes","floor":46,"turns":4},{"damage":12,"enemies":"3 Darklings","floor":47,"turns":5},{"damage":22,"enemies":"Sphere and 2 Shapes","floor":48,"turns":5},{"damage":101,"enemies":"Time Eater","floor":50,"turns":9}],"event_choices":[{"event_name":"World of Goop","player_choice":"Gather Gold","floor":11,"damage_taken":0},{"event_name":"Forgotten Altar","player_choice":"Shed Blood","floor":19,"damage_taken":0},{"event_name":"Purifier","player_choice":"One Purge","floor":20,"damage_taken":0},{"event_name":"The Mausoleum","player_choice":"Yes","floor":23,"damage_taken":0},{"event_name":"Vampires","player_choice":"Became a vampire","floor":28,"damage_taken":0},{"event_name":"Mysterious Sphere","player_choice":"Ignore","floor":37,"damage_taken":0}],"boss_relics":[{"not_picked":["Velvet Choker","Runic Dome"],"picked":"Astrolabe"},{"not_picked":["White Beast Statue","Calling Bell"],"picked":"Mark of Pain"}],"potions_floor_spawned":[3,4,12,14,16,24,29,38,44,46,48],"seed_played":"-1205035685254751380","killed_by":"Time Eater","ascension_level":0,"is_trial":false}