{"gold_per_floor":[361,123,123,134,134,134,166,176,249,263,263,276,19,34,34,138,138,156,156,105,119,131,131,145,345,416,18,18,18,18,38,38,38],"floor_reached":33,"playtime":2093,"items_purged":[],"score":247,"play_id":"77f8ee1a-07a6-43c8-8090-0a9450175d34","local_time":"20190209201635","is_ascension_mode":false,"campfire_choices":[{"data":"Perfected Strike","floor":6,"key":"SMITH"},{"floor":11,"key":"REST"},{"floor":15,"key":"REST"},{"floor":23,"key":"REST"},{"floor":29,"key":"REST"},{"floor":32,"key":"REST"}],"neow_cost":"PERCENT_DAMAGE","seed_source_timestamp":509926856907658,"circlet_count":0,"master_deck":["Strike_R","Strike_R","Strike_R","Strike_R","Strike_R","Defend_R+1","Defend_R","Defend_R+1","Perfected Strike+1","Headbutt","Combust","Rupture","Hemokinesis","Perfected Strike","Wild Strike","Brutality+1","Twin Strike","Demon Form+1","Pommel Strike","Twin Strike","Cleave+1","Second Wind+1","Pommel Strike+1","Rupture+1","Ghostly Armor","Pommel Strike+1"],"relics":["Burning Blood","Shuriken","Ancient Tea Set","Frozen Egg 2","Runic Dome","CultistMask","Molten Egg 2","Juzu Bracelet","War Paint","MutagenicStrength"],"potions_floor_usage":[10,16,16,21,22,33,33],"damage_taken":[{"damage":8,"enemies":"Jaw Worm","floor":1,"turns":5},{"damage":5,"enemies":"Small Slimes","floor":4,"turns":3},{"damage":41,"enemies":"Lagavulin","floor":7,"turns":6},{"damage":0,"enemies":"Cultist","floor":8,"turns":2},{"damage":15,"enemies":"Gremlin Gang","floor":10,"turns":5},{"damage":14,"enemies":"Large Slime","floor":12,"turns":3},{"damage":11,"enemies":"Red Slaver","floor":14,"turns":3},{"damage":37,"enemies":"Hexaghost","floor":16,"turns":6},{"damage":40,"enemies":"3 Byrds","floor":18,"turns":5},{"damage":25,"enemies":"2 Thieves","floor":21,"turns":3},{"damage":9,"enemies":"3 Cultists","floor":22,"turns":4},{"damage":34,"enemies":"Snake Plant","floor":24,"turns":3},{"damage":19,"enemies":"Snecko","floor":31,"turns":3},{"damage":75,"enemies":"Collector","floor":33,"turns":5}],"seed_played":"-398863898848794585","potions_obtained":[{"floor":7,"key":"AttackPotion"},{"floor":8,"key":"Weak Potion"},{"floor":10,"key":"Swift Potion"},{"floor":16,"key":"FearPotion"},{"floor":18,"key":"BloodPotion"},{"floor":31,"key":"SpeedPotion"}],"is_trial":false,"path_per_floor":["M","$","?","M","?","R","E","M","T","M","R","M","$","M","R","B",null,"M","?","$","M","M","R","M","?","T","$","?","R","?","M","R","B"],"character_chosen":"IRONCLAD","items_purchased":["Shuriken","Wild Strike","Brutality+1","Regen Potion","Twin Strike","Pommel Strike+1","Juzu Bracelet","Rupture+1","War Paint"],"campfire_rested":5,"item_purchase_floors":[2,13,13,13,20,27,27,27,27],"current_hp_per_floor":[54,54,47,48,48,48,13,19,19,10,34,26,26,21,45,28,80,46,46,46,35,32,56,28,28,28,28,28,52,52,39,63,0],"gold":38,"neow_bonus":"TWO_FIFTY_GOLD","is_prod":false,"is_daily":false,"chose_seed":false,"campfire_upgraded":1,"win_rate":0,"timestamp":1549764995,"path_taken":["M","$","?","M","?","R","E","M","T","M","R","M","$","M","R","BOSS","M","?","$","M","?","R","M","?","T","$","?","R","?","M","R","BOSS"],"build_version":"2019-01-23","purchased_purges":0,"victory":false,"max_hp_per_floor":[80,80,80,80,80,80,80,80,80,80,80,80,80,80,80,80,80,80,80,80,80,80,80,80,80,80,80,80,80,80,80,80,80],"card_choices":[{"not_picked":["Flex","Havoc"],"picked":"Perfected Strike","floor":1},{"not_picked":["Thunderclap","Sword Boomerang"],"picked":"Headbutt","floor":4},{"not_picked":["Second Wind","Bloodletting","Burning Pact"],"picked":"SKIP","floor":7},{"not_picked":["Thunderclap","Armaments"],"picked":"Rupture","floor":8},{"not_picked":["Dropkick","Demon Form+1"],"picked":"Hemokinesis","floor":10},{"not_picked":["True Grit","Iron Wave"],"picked":"Perfected Strike","floor":12},{"not_picked":["Infernal Blade","Heavy Blade"],"picked":"Twin Strike","floor":14},{"not_picked":["Reaper","Bludgeon"],"picked":"Demon Form+1","floor":16},{"not_picked":["Shrug It Off","Reckless Charge+1"],"picked":"Pommel Strike","floor":18},{"not_picked":["Combust+1","Whirlwind","Corruption+1"],"picked":"SKIP","floor":21},{"not_picked":["Burning Pact+1","Uppercut"],"picked":"Cleave+1","floor":22},{"not_picked":["Sword Boomerang+1","Dropkick"],"picked":"Second Wind+1","floor":24},{"not_picked":["Thunderclap+1","Shrug It Off"],"picked":"Pommel Strike+1","floor":31}],"player_experience":141638,"relics_obtained":[{"floor":7,"key":"Ancient Tea Set"},{"floor":9,"key":"Frozen Egg 2"},{"floor":26,"key":"Molten Egg 2"}],"event_choices":[{"cards_removed":["Defend_R"],"damage_healed":0,"gold_gain":0,"player_choice":"Card Removal","damage_taken":7,"max_hp_gain":0,"max_hp_loss":0,"event_name":"Golden Wing","floor":3,"gold_loss":0},{"damage_healed":0,"gold_gain":0,"cards_transformed":["Bash"],"player_choice":"Transformed","damage_taken":0,"max_hp_gain":0,"max_hp_loss":0,"event_name":"Transmorgrifier","floor":5,"gold_loss":0,"cards_obtained":["Combust"]},{"damage_healed":0,"gold_gain":0,"player_choice":"Trade","damage_taken":0,"relics_obtained":["CultistMask"],"max_hp_gain":0,"max_hp_loss":0,"event_name":"FaceTrader","floor":19,"gold_loss":0},{"damage_healed":0,"gold_gain":250,"player_choice":"Bet on Owner","damage_taken":0,"max_hp_gain":0,"max_hp_loss":0,"event_name":"The Joust","floor":25,"gold_loss":50},{"damage_healed":0,"gold_gain":0,"player_choice":"Read","damage_taken":0,"max_hp_gain":0,"max_hp_loss":0,"event_name":"The Library","floor":28,"gold_loss":0,"cards_obtained":["Ghostly Armor"]},{"damage_healed":0,"gold_gain":0,"player_choice":"Inject Mutagens","damage_taken":0,"relics_obtained":["MutagenicStrength"],"max_hp_gain":0,"max_hp_loss":0,"event_name":"Drug Dealer","floor":30,"gold_loss":0}],"is_beta":false,"boss_relics":[{"not_picked":["Philosopher\u0027s Stone","Ectoplasm"],"picked":"Runic Dome"}],"items_purged_floors":[],"is_endless":false,"potions_floor_spawned":[7,8,10,16,18,31],"killed_by":"Collector","ascension_level":0}