{"gold_per_floor":[119,37,112,32,43,75,88,88,88,88,102,102,131,148,148,246,246,260,271,370,13,13,47,47,47,72,72,72,172,172,186,186,289,289,309,309,225,237,162,162,162,162,162,162,112,125,150,176,176,176],"floor_reached":50,"playtime":3724,"items_purged":["Double Energy","Ball Lightning","Dagger Spray","Injury"],"score":599,"play_id":"02d73bf4-638c-45c5-95b5-f3c69f209ad4","local_time":"20190222012303","daily_mods":["SealedDeck","Red Cards","Green Cards","Blue Cards","Colorless Cards","Heirloom","Flight"],"is_ascension_mode":true,"campfire_choices":[{"data":"Forethought","floor":8,"key":"SMITH"},{"data":"Self Repair","floor":12,"key":"SMITH"},{"data":"Wraith Form v2","floor":15,"key":"SMITH"},{"data":"Go for the Eyes","floor":24,"key":"SMITH"},{"data":"Demon Form","floor":25,"key":"SMITH"},{"data":"Rampage","floor":27,"key":"SMITH"},{"data":"J.A.X.","floor":32,"key":"SMITH"},{"data":"Deadly Poison","floor":40,"key":"SMITH"},{"data":"Footwork","floor":41,"key":"SMITH"},{"data":"Blur","floor":42,"key":"SMITH"},{"data":"Inflame","floor":44,"key":"SMITH"},{"data":"Shrug It Off","floor":49,"key":"SMITH"}],"neow_cost":"","seed_source_timestamp":348930718366200,"circlet_count":0,"master_deck":["Demon Form+1","Wraith Form v2+1","Echo Form","Bandage Up","Good Instincts","Rampage+1","Go for the Eyes+1","Inflame+1","Shrug It Off+1","Forethought+1","Tempest","Footwork+1","Blur+1","Self Repair+1","Leap","Self Repair+1","Reaper+1","Feed+1","Dagger Spray+1","Outmaneuver","Heavy Blade+1","Rebound+1","Deadly Poison+1","J.A.X.+1","Blur","Limit Break+1","Backflip","Feel No Pain+1","Streamline+1","Conserve Battery+1","Aggregate+1"],"relics":["Burning Blood","Pocketwatch","Shuriken","Molten Egg 2","Frozen Egg 2","Sozu","Kunai","Bird Faced Urn","Smiling Mask","Nilry\u0027s Codex","Calipers","Ornamental Fan","Cursed Key","Meat on the Bone","Singing Bowl","Bottled Lightning"],"potions_floor_usage":[6],"damage_taken":[{"damage":4,"enemies":"Cultist","floor":1,"turns":3},{"damage":8,"enemies":"Jaw Worm","floor":5,"turns":4},{"damage":23,"enemies":"Lagavulin","floor":6,"turns":5},{"damage":11,"enemies":"Small Slimes","floor":7,"turns":3},{"damage":3,"enemies":"2 Fungi Beasts","floor":11,"turns":4},{"damage":23,"enemies":"Gremlin Nob","floor":13,"turns":6},{"damage":23,"enemies":"3 Louse","floor":14,"turns":3},{"damage":38,"enemies":"Slime Boss","floor":16,"turns":10},{"damage":49,"enemies":"2 Thieves","floor":18,"turns":5},{"damage":2,"enemies":"Chosen","floor":19,"turns":6},{"damage":39,"enemies":"Book of Stabbing","floor":23,"turns":5},{"damage":40,"enemies":"Colosseum Slavers","floor":29,"turns":6},{"damage":48,"enemies":"Colosseum Nobs","floor":29,"turns":5},{"damage":33,"enemies":"Snake Plant","floor":31,"turns":4},{"damage":43,"enemies":"Champ","floor":33,"turns":9},{"damage":10,"enemies":"Orb Walker","floor":35,"turns":6},{"damage":46,"enemies":"3 Shapes","floor":38,"turns":8},{"damage":25,"enemies":"3 Darklings","floor":46,"turns":5},{"damage":11,"enemies":"Giant Head","floor":47,"turns":8},{"damage":50,"enemies":"Nemesis","floor":48,"turns":5},{"damage":158,"enemies":"Donu and Deca","floor":50,"turns":8}],"seed_played":"-4439522690978932494","potions_obtained":[{"floor":1,"key":"Ancient Potion"},{"floor":5,"key":"GamblersBrew"},{"floor":14,"key":"SteroidPotion"},{"floor":16,"key":"Fire Potion"}],"is_trial":true,"path_per_floor":["M","$","?","$","M","E","M","R","T","?","M","R","E","M","R","B",null,"M","M","?","$","?","E","R","R","T","R","?","?","?","M","R","B",null,"M","?","$","M","$","R","R","R","T","R","$","M","E","E","R","B"],"character_chosen":"IRONCLAD","items_purchased":["Footwork","Blur","Heavy Blade+1","Kunai","Feel No Pain+1","Streamline+1"],"campfire_rested":0,"item_purchase_floors":[2,4,21,21,37,39],"current_hp_per_floor":[80,80,69,69,71,58,64,64,64,57,71,71,68,75,75,76,80,75,84,84,84,68,72,72,72,72,72,56,78,78,93,93,101,101,101,101,101,105,105,105,105,105,105,105,105,105,107,107,107,0],"gold":176,"neow_bonus":"","is_prod":false,"is_daily":false,"chose_seed":false,"campfire_upgraded":12,"win_rate":0,"timestamp":1550794983,"path_taken":["M","$","?","$","M","E","M","R","T","?","M","R","E","M","R","BOSS","M","M","?","$","?","E","R","R","T","R","?","?","?","M","R","BOSS","M","?","$","?","?","R","R","R","T","R","$","M","E","E","R","BOSS"],"build_version":"2019-01-23","purchased_purges":4,"victory":false,"max_hp_per_floor":[80,80,80,80,80,80,80,80,80,80,80,80,80,80,80,80,80,84,84,84,84,89,89,89,89,89,89,89,97,97,101,101,101,101,101,101,101,105,105,105,105,105,105,105,105,105,107,107,107,107],"card_choices":[{"not_picked":["Redo","Cleave"],"picked":"Tempest","floor":1},{"not_picked":["Headbutt","Rupture","Rage"],"picked":"SKIP","floor":5},{"not_picked":["Glacier","True Grit"],"picked":"Self Repair","floor":6},{"not_picked":["Reprogram","Compile Driver"],"picked":"Leap","floor":7},{"not_picked":["Redo","Shrug It Off"],"picked":"Double Energy","floor":11},{"not_picked":["Flex","Metallicize"],"picked":"Self Repair","floor":13},{"not_picked":["Compile Driver+1","Go for the Eyes+1"],"picked":"Reaper+1","floor":14},{"not_picked":["Core Surge+1","Sadistic Nature+1"],"picked":"Feed+1","floor":16},{"not_picked":["Wild Strike+1","Burning Pact+1"],"picked":"Dagger Spray+1","floor":18},{"not_picked":["Turbo","Anger+1"],"picked":"Outmaneuver","floor":19},{"not_picked":["Defragment+1","Iron Wave+1"],"picked":"Rebound+1","floor":23},{"not_picked":["Conserve Battery","Corruption+1"],"picked":"Deadly Poison","floor":29},{"not_picked":["Conserve Battery","Dodge and Roll"],"picked":"Blur","floor":31},{"not_picked":["Fiend Fire+1","Doppelganger"],"picked":"Limit Break","floor":33},{"not_picked":["True Grit+1","Cleave+1"],"picked":"Backflip","floor":35},{"not_picked":["Anger+1","Barrage+1","Shrug It Off+1"],"picked":"SKIP","floor":38},{"not_picked":["Thunderclap+1","Defragment+1"],"picked":"Conserve Battery+1","floor":46},{"not_picked":["Ghostly Armor+1","Bludgeon+1","PanicButton"],"picked":"Singing Bowl","floor":47},{"not_picked":["Gash+1","Backflip"],"picked":"Aggregate+1","floor":48}],"player_experience":203262,"relics_obtained":[{"floor":6,"key":"Shuriken"},{"floor":9,"key":"Molten Egg 2"},{"floor":13,"key":"Frozen Egg 2"},{"floor":23,"key":"Bird Faced Urn"},{"floor":26,"key":"Smiling Mask"},{"floor":28,"key":"Nilry\u0027s Codex"},{"floor":29,"key":"Calipers"},{"floor":29,"key":"Ornamental Fan"},{"floor":43,"key":"Meat on the Bone"},{"floor":47,"key":"Singing Bowl"},{"floor":48,"key":"Bottled Lightning"}],"event_choices":[{"damage_healed":0,"gold_gain":75,"player_choice":"Gather Gold","damage_taken":11,"max_hp_gain":0,"max_hp_loss":0,"event_name":"World of Goop","floor":3,"gold_loss":0},{"cards_removed":["Ball Lightning"],"damage_healed":0,"gold_gain":0,"player_choice":"Card Removal","damage_taken":7,"max_hp_gain":0,"max_hp_loss":0,"event_name":"Golden Wing","floor":10,"gold_loss":0},{"damage_healed":0,"gold_gain":99,"player_choice":"Stole From Cult","damage_taken":0,"max_hp_gain":0,"max_hp_loss":0,"event_name":"Nest","floor":20,"gold_loss":0},{"damage_healed":0,"gold_gain":0,"player_choice":"Shed Blood","damage_taken":21,"max_hp_gain":5,"max_hp_loss":0,"event_name":"Forgotten Altar","floor":22,"gold_loss":0},{"damage_healed":0,"gold_gain":0,"player_choice":"Obtained Book","damage_taken":16,"max_hp_gain":0,"max_hp_loss":0,"event_name":"Cursed Tome","floor":28,"gold_loss":0},{"damage_healed":0,"gold_gain":0,"player_choice":"Fight","damage_taken":0,"max_hp_gain":0,"max_hp_loss":0,"event_name":"Colosseum","floor":29,"gold_loss":0},{"damage_healed":0,"gold_gain":0,"player_choice":"Fought Nobs","damage_taken":0,"max_hp_gain":0,"max_hp_loss":0,"event_name":"Colosseum","floor":29,"gold_loss":0},{"damage_healed":0,"gold_gain":0,"player_choice":"Obtain J.A.X.","damage_taken":0,"max_hp_gain":0,"max_hp_loss":0,"event_name":"Drug Dealer","floor":30,"gold_loss":0,"cards_obtained":["J.A.X."]},{"damage_healed":0,"gold_gain":0,"player_choice":"Upgraded","damage_taken":0,"max_hp_gain":0,"max_hp_loss":0,"event_name":"Upgrade Shrine","floor":36,"gold_loss":0,"cards_upgraded":["Limit Break"]}],"is_beta":false,"boss_relics":[{"not_picked":["Runic Dome","Ectoplasm"],"picked":"Sozu"},{"not_picked":["Black Star","Velvet Choker"],"picked":"Cursed Key"}],"items_purged_floors":[21,37,39,45],"is_endless":false,"potions_floor_spawned":[1,5,14,16,19,29,31,47,48],"killed_by":"Donu and Deca","ascension_level":1}