{"gold_per_floor":[114,128,128,203,216,216,216,232,285,295,16,16,26,59,59,157,157,176,190,208,224,237,237,147,147,173,186,186,220,230,230,230,331,331,342,0,13,31,46,79,98,98,152,152,152,152,152,167,167,167],"floor_reached":51,"playtime":9253,"items_purged":["Phantasmal Killer"],"score":728,"play_id":"3776b068-d1a5-4224-9be1-e9eae49da2b6","local_time":"20180923200513","is_ascension_mode":false,"campfire_choices":[{"data":"Neutralize","floor":6,"key":"SMITH"},{"data":"Backflip","floor":12,"key":"SMITH"},{"floor":15,"key":"REST"},{"data":"Caltrops","floor":23,"key":"SMITH"},{"floor":25,"key":"REST"},{"floor":32,"key":"REST"},{"floor":44,"key":"REST"},{"floor":47,"key":"REST"},{"data":"Accuracy","floor":49,"key":"SMITH"}],"neow_cost":"NONE","seed_source_timestamp":18709108196883,"circlet_count":0,"master_deck":["Defend_G+1","Defend_G+1","Defend_G+1","Defend_G+1","Strike_G+1","Strike_G+1","Strike_G+1","Strike_G+1","Strike_G+1","Survivor","Neutralize+1","Deflect","Footwork+1","Backflip+1","Deflect","Escape Plan+1","Outmaneuver+1","Cloak And Dagger+1","Tools of the Trade","Calculated Gamble+1","Blade Dance+1","Prepared+1","Caltrops+1","Backflip+1","Cloak And Dagger+1","Underhanded Strike","Deadly Poison+1","PiercingWail+1","Blur+1","Cloak And Dagger+1","Dodge and Roll+1","Blur+1","Adrenaline+1","Backstab","Accuracy+1","Storm of Steel+1","Bouncing Flask+1","Deflect+1","Leg Sweep+1","Prepared+1","Infinite Blades","Injury","Cloak And Dagger+1","Impatience+1","After Image"],"relics":["Ring of the Snake","Centennial Puzzle","Toxic Egg 2","Vajra","Orrery","Bag of Marbles","Blood Vial","Cursed Key","Pen Nib","Mummified Hand","Boot","Tingsha"],"potions_floor_usage":[8,14,29,33,38,39,40,50,50],"damage_taken":[{"damage":0,"enemies":"2 Louse","floor":1,"turns":3},{"damage":0,"enemies":"Small Slimes","floor":2,"turns":5},{"damage":0,"enemies":"Jaw Worm","floor":5,"turns":5},{"damage":0,"enemies":"Large Slime","floor":8,"turns":9},{"damage":0,"enemies":"3 Louse","floor":10,"turns":5},{"damage":0,"enemies":"Red Slaver","floor":13,"turns":6},{"damage":8,"enemies":"Lagavulin","floor":14,"turns":13},{"damage":48,"enemies":"Slime Boss","floor":16,"turns":25},{"damage":0,"enemies":"Shell Parasite","floor":18,"turns":7},{"damage":2,"enemies":"Chosen","floor":19,"turns":6},{"damage":5,"enemies":"Centurion and Healer","floor":20,"turns":11},{"damage":7,"enemies":"Snake Plant","floor":21,"turns":7},{"damage":27,"enemies":"Cultist and Chosen","floor":22,"turns":10},{"damage":2,"enemies":"Shelled Parasite and Fungi","floor":27,"turns":6},{"damage":5,"enemies":"Slavers","floor":29,"turns":8},{"damage":21,"enemies":"Sentry and Sphere","floor":30,"turns":6},{"damage":22,"enemies":"Collector","floor":33,"turns":13},{"damage":3,"enemies":"3 Shapes","floor":35,"turns":5},{"damage":11,"enemies":"3 Darklings","floor":37,"turns":5},{"damage":22,"enemies":"Transient","floor":38,"turns":5},{"damage":0,"enemies":"4 Shapes","floor":39,"turns":6},{"damage":0,"enemies":"Nemesis","floor":40,"turns":8},{"damage":26,"enemies":"Spire Growth","floor":41,"turns":5},{"damage":0,"enemies":"Mind Bloom Boss Battle","floor":45,"turns":7},{"damage":0,"enemies":"3 Darklings","floor":48,"turns":6},{"damage":7,"enemies":"Donu and Deca","floor":50,"turns":11}],"seed_played":"-8218948905895121814","potions_obtained":[{"floor":1,"key":"SteroidPotion"},{"floor":5,"key":"FearPotion"},{"floor":16,"key":"Weak Potion"},{"floor":18,"key":"SkillPotion"},{"floor":20,"key":"SmokeBomb"},{"floor":29,"key":"LiquidBronze"},{"floor":37,"key":"GhostInAJar"},{"floor":41,"key":"GamblersBrew"},{"floor":45,"key":"Strength Potion"},{"floor":48,"key":"GamblersBrew"}],"is_trial":false,"path_per_floor":["M","M","?","?","M","R","?","M","T","M","$","R","M","E","R","B",null,"M","M","M","M","M","R","?","R","T","M","?","E","M","?","R","B",null,"M","$","M","M","M","E","M","?","T","R","?","?","R","M","R","B"],"character_chosen":"THE_SILENT","items_purchased":["Toxic Egg 2","Escape Plan+1","Accuracy","Storm of Steel+1","GhostInAJar"],"campfire_rested":5,"item_purchase_floors":[11,11,36,36,36],"current_hp_per_floor":[70,70,56,45,45,45,45,45,45,45,45,45,45,37,58,10,70,70,68,63,56,29,29,29,50,50,48,48,43,24,24,45,25,70,67,67,58,38,40,42,18,18,18,39,41,41,62,64,64,59],"gold":167,"neow_bonus":"ONE_RANDOM_RARE_CARD","is_prod":false,"is_daily":false,"chose_seed":false,"campfire_upgraded":4,"win_rate":0.0,"timestamp":1537725913,"path_taken":["M","M","?","?","M","R","?","?","T","M","$","R","M","E","R","BOSS","M","M","M","?","M","R","?","R","T","M","?","E","M","?","R","BOSS","M","$","M","M","M","E","M","?","T","R","?","?","R","M","R","BOSS"],"build_version":"2018-09-20","purchased_purges":1,"victory":true,"max_hp_per_floor":[70,70,70,70,70,70,70,70,70,70,70,70,70,70,70,70,70,70,70,70,70,70,70,70,70,70,70,70,70,70,70,70,70,70,70,70,70,70,70,70,70,70,70,70,70,70,70,70,70,70],"card_choices":[{"not_picked":["Flechettes","Choke"],"picked":"Deflect","floor":1},{"not_picked":["Blade Dance","Outmaneuver"],"picked":"Footwork","floor":2},{"not_picked":["Quick Slash","Flying Knee","Poisoned Stab"],"picked":"SKIP","floor":5},{"not_picked":["Dodge and Roll","Cloak And Dagger"],"picked":"Backflip","floor":8},{"not_picked":["Outmaneuver","Dagger Spray"],"picked":"Deflect","floor":10},{"not_picked":["Dagger Throw","Underhanded Strike"],"picked":"Outmaneuver+1","floor":13},{"not_picked":["Blade Dance+1","Terror+1"],"picked":"Cloak And Dagger+1","floor":14},{"not_picked":["Malaise+1","Glass Knife"],"picked":"Tools of the Trade","floor":16},{"not_picked":["Backstab","Distraction+1"],"picked":"Calculated Gamble+1","floor":17},{"not_picked":["PiercingWail+1","Riddle With Holes"],"picked":"Acrobatics+1","floor":17},{"not_picked":["Slice","Finisher"],"picked":"Blade Dance+1","floor":17},{"not_picked":["Dagger Spray","Heel Hook"],"picked":"Prepared+1","floor":17},{"not_picked":["Eviscerate","PiercingWail+1"],"picked":"Caltrops","floor":17},{"not_picked":["Bane+1","Terror+1"],"picked":"Backflip+1","floor":18},{"not_picked":["Bane","Deflect+1"],"picked":"Cloak And Dagger+1","floor":19},{"not_picked":["Dagger Spray","Storm of Steel+1"],"picked":"Underhanded Strike","floor":20},{"not_picked":["Poisoned Stab","Quick Slash"],"picked":"Deadly Poison+1","floor":21},{"not_picked":["Slice","Choke+1"],"picked":"PiercingWail+1","floor":22},{"not_picked":["Backflip+1","Sucker Punch"],"picked":"Blur+1","floor":27},{"not_picked":["Dash","Phantasmal Killer+1"],"picked":"Cloak And Dagger+1","floor":29},{"not_picked":["Expertise+1","Distraction+1"],"picked":"Dodge and Roll+1","floor":30},{"not_picked":["Tools of the Trade","Phantasmal Killer+1"],"picked":"Adrenaline+1","floor":33},{"not_picked":["Crippling Poison+1","Poisoned Stab"],"picked":"Backstab","floor":35},{"not_picked":["Poisoned Stab+1","Crippling Poison+1"],"picked":"Bouncing Flask+1","floor":37},{"not_picked":["Bane","Choke+1"],"picked":"Deflect+1","floor":38},{"not_picked":["Deflect+1","Backstab+1"],"picked":"Leg Sweep+1","floor":39},{"not_picked":["Dodge and Roll+1","Acrobatics+1"],"picked":"Prepared+1","floor":40},{"not_picked":["Sucker Punch","Prepared+1"],"picked":"Infinite Blades","floor":41},{"not_picked":["Prepared+1","Poisoned Stab"],"picked":"Cloak And Dagger+1","floor":45},{"not_picked":["Dark Shackles+1","Discovery+1"],"picked":"Impatience+1","floor":46},{"not_picked":["Prepared+1","Bane+1"],"picked":"After Image","floor":48}],"player_experience":36112,"relics_obtained":[{"floor":9,"key":"Centennial Puzzle"},{"floor":14,"key":"Vajra"},{"floor":26,"key":"Bag of Marbles"},{"floor":29,"key":"Blood Vial"},{"floor":40,"key":"Pen Nib"},{"floor":43,"key":"Boot"},{"floor":45,"key":"Tingsha"}],"event_choices":[{"event_name":"Shining Light","player_choice":"Entered Light","floor":3,"damage_taken":0},{"event_name":"World of Goop","player_choice":"Gather Gold","floor":4,"damage_taken":0},{"event_name":"Upgrade Shrine","player_choice":"Upgraded","floor":7,"damage_taken":0},{"event_name":"Designer","player_choice":"Full Service","floor":24,"damage_taken":0},{"event_name":"Back to Basics","player_choice":"Simplicity","floor":28,"damage_taken":0},{"event_name":"The Library","player_choice":"Read","floor":31,"damage_taken":0},{"event_name":"WeMeetAgain","player_choice":"Card","floor":42,"damage_taken":0},{"event_name":"MindBloom","player_choice":"Fight","floor":45,"damage_taken":0},{"event_name":"SensoryStone","player_choice":"Memory 1","floor":46,"damage_taken":0}],"is_beta":false,"boss_relics":[{"not_picked":["Ring of the Serpent","Astrolabe"],"picked":"Orrery"},{"not_picked":["HoveringKite","Velvet Choker"],"picked":"Cursed Key"}],"items_purged_floors":[36],"is_endless":false,"potions_floor_spawned":[1,5,16,18,20,21,29,37,41,45,48],"ascension_level":0}