{"path_per_floor":["M","$","?","M","M","R","E","M","T","R","M","M","R","M","R","B",null,"M","M","$","M","M","R","$","R","T","R","?","?","M","M","R","B",null,"M","?","M","M","$","R","M","R","T","R","M","R","E","M","R","B"],"character_chosen":"IRONCLAD","items_purchased":["Headbutt","Limit Break","Demon Form"],"gold_per_floor":[213,86,36,50,67,67,100,117,117,117,129,140,140,154,154,249,249,260,274,25,41,54,54,54,54,80,80,80,80,99,115,115,218,218,236,236,253,268,4,4,18,18,100,100,113,113,140,158,158,158],"floor_reached":51,"campfire_rested":6,"playtime":4695,"current_hp_per_floor":[76,76,76,75,76,76,57,52,52,52,32,33,57,55,79,83,83,65,44,44,33,23,48,48,73,73,73,57,57,45,25,51,49,89,89,78,69,64,64,64,89,89,89,89,89,89,74,62,89,41],"items_purged":["Strike_R","Defend_R","Strike_R"],"gold":158,"score":683,"play_id":"30ad35c6-d4ac-402c-a72d-2a8cdc363068","local_time":"20180314214806","is_prod":false,"is_daily":false,"is_ascension_mode":false,"campfire_upgraded":7,"timestamp":1521035286,"path_taken":["M","$","?","M","?","R","E","?","T","R","M","M","R","M","R","BOSS","M","M","$","M","M","R","$","R","T","R","?","?","M","M","R","BOSS","M","?","?","M","$","R","M","R","T","R","M","R","E","M","R","BOSS"],"build_version":"2018-03-09","purchased_purges":3,"victory":true,"master_deck":["Strike_R","Strike_R","Defend_R","Defend_R","Defend_R","Bash+1","Inflame","Headbutt","Pommel Strike+1","Rampage","Seeing Red+1","Flex","Feed","Iron Wave","Spot Weakness","Clash","Limit Break+1","Shrug It Off","Shrug It Off","Sword Boomerang","Shrug It Off+1","Infernal Blade+1","Limit Break+1","Dropkick","Pommel Strike","Warcry+1","Hemokinesis+1","Necronomicurse","True Grit+1","Warcry+1","Reaper","Flex+1","Madness+1","Madness","Intimidate+1","Pummel+1","Demon Form+1","Headbutt+1","Heavy Blade+1","True Grit+1","True Grit+1"],"max_hp_per_floor":[80,80,80,80,80,80,80,80,80,80,80,83,83,83,83,83,83,83,83,83,86,86,86,86,86,86,86,86,86,89,89,89,89,89,89,89,89,89,89,89,89,89,89,89,89,89,89,92,92,92],"relics":["Burning Blood","Dream Catcher","Bird Faced Urn","Orrery","Bag of Marbles","Necronomicon","Sozu","Letter Opener","Bronze Scales"],"card_choices":[{"not_picked":["Rampage","Twin Strike"],"picked":"Inflame"},{"not_picked":["Wild Strike","Uppercut"],"picked":"Pommel Strike"},{"not_picked":["Fire Breathing","Perfected Strike"],"picked":"Rampage"},{"not_picked":["Blood for Blood","Burning Pact"],"picked":"Seeing Red"},{"not_picked":["Heavy Blade","Sword Boomerang"],"picked":"Flex"},{"not_picked":["Heavy Blade","Feel No Pain"],"picked":"Feed"},{"not_picked":["True Grit","Infernal Blade"],"picked":"Iron Wave"},{"not_picked":["Twin Strike","Clash"],"picked":"Spot Weakness"},{"not_picked":["Uppercut","Dual Wield"],"picked":"Clash"},{"not_picked":["Demon Form","Offering"],"picked":"Limit Break"},{"not_picked":["Flame Barrier","Sword Boomerang"],"picked":"Shrug It Off"},{"not_picked":["Sentinel","Cleave"],"picked":"Shrug It Off"},{"not_picked":["Anger","Feel No Pain"],"picked":"Sword Boomerang"},{"not_picked":["Evolve","Disarm"],"picked":"Shrug It Off"},{"not_picked":["Cleave","Fire Breathing"],"picked":"Infernal Blade"},{"not_picked":["Entrench","Clothesline"],"picked":"Dropkick"},{"not_picked":["Feed","Armaments"],"picked":"Pommel Strike"},{"not_picked":["Headbutt","Wild Strike"],"picked":"Warcry"},{"not_picked":["Sever Soul","Infernal Blade"],"picked":"Hemokinesis"},{"not_picked":["Shrug It Off","Heavy Blade"],"picked":"True Grit"},{"not_picked":["Sword Boomerang","Metallicize"],"picked":"Warcry"},{"not_picked":["Juggernaut","Fiend Fire"],"picked":"Reaper"},{"not_picked":["Metallicize","Shrug It Off"],"picked":"Flex"},{"not_picked":["Pommel Strike","Cleave"],"picked":"Intimidate"},{"not_picked":["Clash","Twin Strike"],"picked":"Pummel"},{"not_picked":["Carnage","Heavy Blade"],"picked":"Headbutt"},{"not_picked":["Perfected Strike","Cleave"],"picked":"Heavy Blade"},{"not_picked":["Evolve","Flex"],"picked":"True Grit"},{"not_picked":["Wild Strike","Perfected Strike"],"picked":"True Grit"}],"player_experience":280961,"potions_floor_usage":[16,33,50,50,50],"damage_taken":[{"damage":10,"enemies":"Jaw Worm","floor":1,"turns":4},{"damage":7,"enemies":"Small Slimes","floor":4,"turns":3},{"damage":5,"enemies":"Cultist","floor":5,"turns":4},{"damage":25,"enemies":"3 Sentries","floor":7,"turns":8},{"damage":11,"enemies":"Lots of Slimes","floor":8,"turns":4},{"damage":28,"enemies":"Exordium Thugs","floor":11,"turns":5},{"damage":10,"enemies":"Looter","floor":12,"turns":3},{"damage":10,"enemies":"Exordium Wildlife","floor":14,"turns":5},{"damage":4,"enemies":"Slime Boss","floor":16,"turns":5},{"damage":26,"enemies":"Shell Parasite","floor":18,"turns":6},{"damage":29,"enemies":"Spheric Guardian","floor":19,"turns":6},{"damage":22,"enemies":"Centurion and Healer","floor":21,"turns":7},{"damage":18,"enemies":"Snecko","floor":22,"turns":5},{"damage":23,"enemies":"Cultist and Chosen","floor":30,"turns":5},{"damage":28,"enemies":"Centurion and Healer","floor":31,"turns":6},{"damage":10,"enemies":"Champ","floor":33,"turns":8},{"damage":4,"enemies":"Orb Walker","floor":35,"turns":3},{"damage":40,"enemies":"3 Shapes","floor":37,"turns":5},{"damage":36,"enemies":"Sphere and 2 Shapes","floor":38,"turns":4},{"damage":32,"enemies":"4 Shapes","floor":41,"turns":9},{"damage":47,"enemies":"Maw","floor":45,"turns":7},{"damage":21,"enemies":"Giant Head","floor":47,"turns":5},{"damage":57,"enemies":"Sphere and 2 Shapes","floor":48,"turns":4},{"damage":102,"enemies":"Awakened One","floor":50,"turns":9}],"event_choices":[{"event_name":"The Cleric","player_choice":"Card Removal","floor":3,"damage_taken":0},{"event_name":"Cursed Tome","player_choice":"Obtained Book","floor":28,"damage_taken":0},{"event_name":"Addict","player_choice":"Ignored","floor":29,"damage_taken":0},{"event_name":"Winding Halls","player_choice":"Embrace Madness","floor":36,"damage_taken":0}],"boss_relics":[{"not_picked":["White Beast Statue","Cursed Key"],"picked":"Orrery"},{"not_picked":["Runic Pyramid","Runic Dome"],"picked":"Sozu"}],"potions_floor_spawned":[1,5,11,14,22,30,31,33,35,41,48],"seed_played":"4242741786785669317","ascension_level":0,"is_trial":false}