{"gold_per_floor":[111,34,44,59,75,75,110,110,137,150,225,225,237,257,257,362,362,376,466,55,67,86,86,86,86,86,102,102,128,157,72,72,173,223,243,243,143,243,260,260,260],"floor_reached":41,"playtime":2096,"items_purged":["Strike_R","Strike_R"],"score":411,"play_id":"01aea35b-8f23-4a8f-baee-9ec2e8a4c687","local_time":"20190309153153","is_ascension_mode":false,"campfire_choices":[{"data":"Bash","floor":6,"key":"SMITH"},{"data":"Flex","floor":8,"key":"SMITH"},{"floor":15,"key":"REST"},{"data":"Rupture","floor":23,"key":"SMITH"},{"floor":25,"key":"REST"},{"data":"Rage","floor":28,"key":"SMITH"},{"floor":32,"key":"REST"},{"data":"Deep Breath","floor":40,"key":"SMITH"}],"neow_cost":"NONE","seed_source_timestamp":1211159926876821,"circlet_count":0,"master_deck":["Strike_R","Strike_R","Strike_R","Defend_R+1","Defend_R","Defend_R+1","Defend_R","Bash+1","Headbutt","Whirlwind","Rampage","Brutality","Flex+1","Headbutt","Decay","Reaper","Deep Breath+1","Rupture+1","Hemokinesis+1","Shockwave+1","Rage+1","Twin Strike","Inflame","Immolate+1","Burning Pact+1","Combust"],"relics":["Burning Blood","Regal Pillow","War Paint","Sozu","Self Forming Clay","Blue Candle","Red Mask","Juzu Bracelet","Nunchaku","Tiny House","Bird Faced Urn"],"potions_floor_usage":[5,16,29],"damage_taken":[{"damage":4,"enemies":"2 Louse","floor":1,"turns":3},{"damage":0,"enemies":"Small Slimes","floor":3,"turns":2},{"damage":1,"enemies":"Cultist","floor":4,"turns":3},{"damage":28,"enemies":"Exordium Thugs","floor":5,"turns":6},{"damage":29,"enemies":"Lagavulin","floor":7,"turns":6},{"damage":6,"enemies":"Exordium Wildlife","floor":10,"turns":3},{"damage":2,"enemies":"2 Fungi Beasts","floor":13,"turns":3},{"damage":8,"enemies":"3 Louse","floor":14,"turns":4},{"damage":56,"enemies":"Hexaghost","floor":16,"turns":8},{"damage":27,"enemies":"Spheric Guardian","floor":18,"turns":5},{"damage":7,"enemies":"Chosen","floor":21,"turns":3},{"damage":34,"enemies":"Centurion and Healer","floor":22,"turns":5},{"damage":23,"enemies":"Shelled Parasite and Fungi","floor":27,"turns":5},{"damage":17,"enemies":"Masked Bandits","floor":29,"turns":4},{"damage":44,"enemies":"Gremlin Leader","floor":30,"turns":6},{"damage":64,"enemies":"Automaton","floor":33,"turns":7},{"damage":11,"enemies":"Orb Walker","floor":35,"turns":2},{"damage":4,"enemies":"Mind Bloom Boss Battle","floor":38,"turns":5},{"damage":29,"enemies":"3 Darklings","floor":39,"turns":3},{"damage":75,"enemies":"Writhing Mass","floor":41,"turns":3}],"seed_played":"1621020223188019348","potions_obtained":[{"floor":0,"key":"Ancient Potion"},{"floor":0,"key":"LiquidBronze"},{"floor":0,"key":"Energy Potion"},{"floor":3,"key":"Strength Potion"},{"floor":13,"key":"GamblersBrew"}],"is_trial":false,"path_per_floor":["M","$","M","M","M","R","E","R","T","M","?","?","M","M","R","B",null,"M","?","$","M","M","R","$","R","T","M","R","?","E","?","R","B",null,"M","?","$","?","M","R","M"],"character_chosen":"IRONCLAD","items_purchased":["Whirlwind","Self Forming Clay","Rupture"],"campfire_rested":3,"item_purchase_floors":[2,20,20],"current_hp_per_floor":[80,80,80,80,58,58,35,35,35,35,24,24,28,26,65,15,80,67,43,43,42,20,20,20,59,59,42,42,41,17,17,56,12,85,80,80,80,85,64,64,0],"gold":260,"neow_bonus":"THREE_SMALL_POTIONS","is_prod":false,"is_daily":false,"chose_seed":false,"campfire_upgraded":5,"win_rate":0,"timestamp":1552116713,"path_taken":["M","$","M","M","M","R","E","R","T","M","?","?","M","M","R","BOSS","M","?","$","?","M","R","$","R","T","M","R","?","E","?","R","BOSS","M","?","$","?","M","R","M"],"build_version":"2019-01-23","purchased_purges":2,"victory":false,"max_hp_per_floor":[80,80,80,80,80,80,80,80,80,80,80,80,80,80,80,80,80,80,80,80,80,80,80,80,80,80,80,80,80,80,80,80,80,85,85,85,85,85,85,85,85],"card_choices":[{"not_picked":["Clash","Fiend Fire"],"picked":"Headbutt","floor":1},{"not_picked":["Anger","Body Slam","Infernal Blade"],"picked":"SKIP","floor":3},{"not_picked":["Armaments","Cleave"],"picked":"Rampage","floor":4},{"not_picked":["Intimidate","Searing Blow"],"picked":"Brutality","floor":5},{"not_picked":["Twin Strike","Burning Pact"],"picked":"Flex","floor":7},{"not_picked":["Havoc","Body Slam"],"picked":"Headbutt","floor":10},{"not_picked":["Havoc","Iron Wave"],"picked":"Sword Boomerang","floor":13},{"not_picked":["Warcry","Perfected Strike","Whirlwind"],"picked":"SKIP","floor":14},{"not_picked":["Juggernaut","Feed"],"picked":"Reaper","floor":16},{"not_picked":["Pummel","Havoc","Anger"],"picked":"SKIP","floor":18},{"not_picked":["Sentinel","Pommel Strike"],"picked":"Hemokinesis+1","floor":21},{"not_picked":["Evolve","Second Wind"],"picked":"Shockwave+1","floor":22},{"not_picked":["Anger","Iron Wave"],"picked":"Rage","floor":27},{"not_picked":["Headbutt","Sword Boomerang"],"picked":"Twin Strike","floor":29},{"not_picked":["Searing Blow+1","Sword Boomerang"],"picked":"Inflame","floor":30},{"not_picked":["Barricade","Feed"],"picked":"Immolate","floor":33},{"not_picked":["Wild Strike","Havoc+1","Searing Blow+1"],"picked":"SKIP","floor":35},{"not_picked":["Anger+1","Warcry"],"picked":"Burning Pact+1","floor":38},{"not_picked":["Whirlwind","Shockwave+1"],"picked":"Combust","floor":39}],"player_experience":768388,"relics_obtained":[{"floor":7,"key":"Regal Pillow"},{"floor":9,"key":"War Paint"},{"floor":26,"key":"Blue Candle"},{"floor":29,"key":"Red Mask"},{"floor":30,"key":"Juzu Bracelet"},{"floor":38,"key":"Bird Faced Urn"}],"event_choices":[{"damage_healed":0,"gold_gain":75,"player_choice":"Gather Gold","damage_taken":11,"max_hp_gain":0,"max_hp_loss":0,"event_name":"World of Goop","floor":11,"gold_loss":0},{"damage_healed":0,"gold_gain":0,"player_choice":"Cursed","damage_taken":0,"max_hp_gain":0,"max_hp_loss":0,"event_name":"Wheel of Change","floor":12,"gold_loss":0,"cards_obtained":["Decay"]},{"damage_healed":0,"gold_gain":90,"player_choice":"GOLD CARD ","damage_taken":24,"max_hp_gain":0,"max_hp_loss":0,"event_name":"Knowing Skull","floor":19,"potions_obtained":[],"gold_loss":0,"cards_obtained":["Deep Breath"]},{"damage_healed":0,"gold_gain":0,"player_choice":"Fought Bandits","damage_taken":0,"max_hp_gain":0,"max_hp_loss":0,"event_name":"Masked Bandits","floor":29,"gold_loss":0},{"damage_healed":0,"gold_gain":0,"player_choice":"Obtained Relic","damage_taken":0,"relics_obtained":["Nunchaku"],"max_hp_gain":0,"max_hp_loss":0,"event_name":"Addict","floor":31,"gold_loss":85},{"cards_removed":["Sword Boomerang"],"damage_healed":0,"gold_gain":0,"player_choice":"Removed Attack","damage_taken":0,"max_hp_gain":0,"max_hp_loss":0,"event_name":"Falling","floor":36,"gold_loss":0},{"damage_healed":0,"gold_gain":0,"player_choice":"Fight","damage_taken":0,"max_hp_gain":0,"max_hp_loss":0,"event_name":"MindBloom","floor":38,"gold_loss":0}],"is_beta":false,"boss_relics":[{"not_picked":["Astrolabe","Runic Pyramid"],"picked":"Sozu"},{"not_picked":["Black Star","Coffee Dripper"],"picked":"Tiny House"}],"items_purged_floors":[20,37],"is_endless":false,"potions_floor_spawned":[1,3,4,13,18,29,30,35,38],"killed_by":"Writhing Mass","ascension_level":0}