{"gold_per_floor":[361,361,377,391,24,53,53,70,119,44,58,58,85,260,260,362,362,376,376,395,405,56,56,90,90,116,134,165,185,185,215,215,314,314,332,207,207,57,77,77,96,96,165,185,195,9,9,0,0,0],"floor_reached":51,"playtime":886,"items_purged":["Strike_R","Doubt","Defend_R","Defend_R+1"],"score":815,"play_id":"d09930a5-bb77-414a-b5a3-26ec17023bcb","local_time":"20190416231500","is_ascension_mode":false,"campfire_choices":[{"data":"Uppercut","floor":7.0,"key":"SMITH"},{"data":"Immolate","floor":12.0,"key":"SMITH"},{"data":"Uppercut","floor":15.0,"key":"SMITH"},{"data":"Master of Strategy","floor":23.0,"key":"SMITH"},{"floor":30.0,"key":"REST"},{"data":"Immolate","floor":32.0,"key":"SMITH"},{"data":"Bash","floor":40.0,"key":"SMITH"},{"data":"Offering","floor":42.0,"key":"SMITH"},{"floor":49,"key":"REST"}],"neow_cost":"TEN_PERCENT_HP_LOSS","seed_source_timestamp":35389374418772,"circlet_count":0,"master_deck":["Strike_R","Strike_R","Strike_R","Defend_R+1","Defend_R+1","Bash+1","Uppercut+1","Immolate+1","Uppercut+1","Offering+1","Immolate+1","Master of Strategy+1","Disarm+1","Flame Barrier+1","Clothesline+1","Double Tap+1","Shockwave+1","Injury","Armaments+1","Whirlwind"],"special_seed":0,"relics":["Burning Blood","Brimstone","Mummified Hand","Regal Pillow","War Paint","Sozu","Blue Candle","Toxic Egg 2","Dream Catcher","Bottled Flame","Red Skull","Cursed Key","Pantograph","Happy Flower","Red Mask"],"potions_floor_usage":[50,50],"damage_taken":[{"damage":0.0,"enemies":"Small Slimes","floor":1.0,"turns":3.0},{"damage":3.0,"enemies":"Jaw Worm","floor":3.0,"turns":3.0},{"damage":0.0,"enemies":"Cultist","floor":4.0,"turns":4.0},{"damage":0.0,"enemies":"Lagavulin","floor":6.0,"turns":3.0},{"damage":3.0,"enemies":"Exordium Thugs","floor":8.0,"turns":2.0},{"damage":5.0,"enemies":"Lots of Slimes","floor":11.0,"turns":2.0},{"damage":11.0,"enemies":"3 Sentries","floor":13.0,"turns":4.0},{"damage":0.0,"enemies":"Slime Boss","floor":16.0,"turns":5.0},{"damage":6.0,"enemies":"Spheric Guardian","floor":18.0,"turns":2.0},{"damage":21.0,"enemies":"3 Byrds","floor":20.0,"turns":4.0},{"damage":6.0,"enemies":"3 Cultists","floor":21.0,"turns":3.0},{"damage":10.0,"enemies":"Book of Stabbing","floor":24.0,"turns":3.0},{"damage":19.0,"enemies":"Snake Plant","floor":27.0,"turns":2.0},{"damage":15.0,"enemies":"Gremlin Leader","floor":28.0,"turns":3.0},{"damage":15.0,"enemies":"Shelled Parasite and Fungi","floor":29.0,"turns":3.0},{"damage":24.0,"enemies":"Slavers","floor":31.0,"turns":3.0},{"damage":42.0,"enemies":"Collector","floor":33.0,"turns":6.0},{"damage":13.0,"enemies":"Orb Walker","floor":35.0,"turns":2.0},{"damage":0.0,"enemies":"3 Darklings","floor":39.0,"turns":1.0},{"damage":12.0,"enemies":"Spire Growth","floor":41.0,"turns":3.0},{"damage":0.0,"enemies":"Jaw Worm Horde","floor":44.0,"turns":2.0},{"damage":30.0,"enemies":"Maw","floor":45.0,"turns":4.0},{"damage":52,"enemies":"Donu and Deca","floor":50,"turns":4}],"seed_played":"-6830436648442888366","potions_obtained":[{"floor":1.0,"key":"Explosive Potion"},{"floor":3.0,"key":"AttackPotion"},{"floor":4.0,"key":"Strength Potion"},{"floor":13.0,"key":"Dexterity Potion"},{"floor":16.0,"key":"BloodPotion"}],"is_trial":false,"path_per_floor":["M","?","M","M","$","E","R","M","T","$","M","R","E","?","R","B",null,"M","?","M","M","$","R","E","T","T","M","E","M","R","E","R","B",null,"M","$","?","$","M","R","M","R","T","M","M","$","?","?","R","B",null],"character_chosen":"IRONCLAD","items_purchased":["Brimstone","Immolate","Immolate","Master of Strategy","Whirlwind","Happy Flower"],"campfire_rested":2,"item_purchase_floors":[5,5,22,22,46,46],"current_hp_per_floor":[72,58,61,67,67,72,72,72,72,72,72,72,67,67,67,72,72,72,72,57,57,57,57,53,53,53,47,38,29,65,47,47,11,72,65,65,65,65,71,71,65,65,65,71,47,47,47,47,72,26],"gold":0,"neow_bonus":"TWO_FIFTY_GOLD","is_prod":false,"is_daily":false,"chose_seed":false,"campfire_upgraded":7,"win_rate":0,"timestamp":1555478100,"path_taken":["M","?","M","M","$","E","R","M","T","$","M","R","E","?","R","BOSS","M","?","?","M","$","R","E","?","T","?","E","M","R","E","R","BOSS","M","$","?","$","M","R","M","R","T","M","M","$","?","?","R","BOSS"],"build_version":"2019-01-23","purchased_purges":4,"victory":true,"max_hp_per_floor":[72,72,72,72,72,72,72,72,72,72,72,72,72,72,72,72,72,72,72,72,72,72,72,72,72,72,72,72,72,72,72,72,72,72,72,72,72,72,72,72,72,72,72,72,72,72,72,72,72,72],"card_choices":[{"not_picked":["Rage","Perfected Strike"],"picked":"Uppercut","floor":1.0},{"not_picked":["Rage","Perfected Strike","Clash"],"picked":"SKIP","floor":3.0},{"not_picked":["Second Wind","Shrug It Off","Fire Breathing"],"picked":"SKIP","floor":4.0},{"not_picked":["Warcry","Bloodletting","Power Through"],"picked":"SKIP","floor":6.0},{"not_picked":["Warcry","True Grit","Perfected Strike"],"picked":"SKIP","floor":8.0},{"not_picked":["Feel No Pain","Anger","Dual Wield"],"picked":"SKIP","floor":11.0},{"not_picked":["Cleave","Inflame"],"picked":"Uppercut","floor":13.0},{"not_picked":["Barricade","Bludgeon"],"picked":"Offering","floor":16.0},{"not_picked":["Clothesline","Body Slam","Intimidate"],"picked":"SKIP","floor":18.0},{"not_picked":["Corruption","Reckless Charge","Thunderclap"],"picked":"SKIP","floor":20.0},{"not_picked":["Clothesline","Rupture","Combust"],"picked":"SKIP","floor":21.0},{"not_picked":["Twin Strike+1","Shockwave","Sword Boomerang"],"picked":"SKIP","floor":24.0},{"not_picked":["Seeing Red+1","Warcry+1"],"picked":"Disarm+1","floor":27.0},{"not_picked":["Thunderclap","Carnage+1","Exhume+1"],"picked":"SKIP","floor":28.0},{"not_picked":["Clash","Warcry+1"],"picked":"Flame Barrier+1","floor":29.0},{"not_picked":["Anger","Wild Strike+1"],"picked":"Clothesline+1","floor":30.0},{"not_picked":["Fire Breathing+1","Evolve","Shrug It Off+1"],"picked":"SKIP","floor":31.0},{"not_picked":["Dark Embrace","Impervious+1"],"picked":"Double Tap+1","floor":33.0},{"not_picked":["Body Slam+1","Warcry+1","Wild Strike"],"picked":"SKIP","floor":35.0},{"not_picked":["True Grit+1","Armaments+1"],"picked":"Shockwave+1","floor":39.0},{"not_picked":["Metallicize","Seeing Red+1","Clash"],"picked":"SKIP","floor":41.0},{"not_picked":["True Grit+1","Perfected Strike+1","Spot Weakness+1"],"picked":"SKIP","floor":44.0},{"not_picked":["Flex+1","Perfected Strike+1"],"picked":"Armaments+1","floor":45.0}],"player_experience":1236610,"relics_obtained":[{"floor":6.0,"key":"Mummified Hand"},{"floor":9.0,"key":"Regal Pillow"},{"floor":13.0,"key":"War Paint"},{"floor":24.0,"key":"Blue Candle"},{"floor":25.0,"key":"Toxic Egg 2"},{"floor":26.0,"key":"Dream Catcher"},{"floor":28.0,"key":"Bottled Flame"},{"floor":31.0,"key":"Red Skull"},{"floor":43.0,"key":"Pantograph"}],"event_choices":[{"damage_healed":0.0,"max_hp_gain":0.0,"max_hp_loss":0.0,"gold_gain":0.0,"event_name":"Shining Light","player_choice":"Entered Light","floor":2.0,"gold_loss":0.0,"damage_taken":14.0,"cards_upgraded":["Strike_R","Defend_R"]},{"damage_healed":0.0,"max_hp_gain":0.0,"max_hp_loss":0.0,"gold_gain":175.0,"event_name":"Liars Game","player_choice":"AGREE","floor":14.0,"gold_loss":0.0,"damage_taken":0.0,"cards_obtained":["Doubt"]},{"damage_healed":0.0,"max_hp_gain":0.0,"max_hp_loss":0.0,"gold_gain":0.0,"event_name":"N\u0027loth","player_choice":"Ignored","floor":19.0,"gold_loss":0.0,"damage_taken":0.0},{"cards_removed":["Strike_R"],"damage_healed":0.0,"max_hp_gain":0.0,"max_hp_loss":0.0,"gold_gain":0.0,"event_name":"Falling","player_choice":"Removed Attack","floor":37.0,"gold_loss":0.0,"damage_taken":0.0},{"damage_healed":0,"gold_gain":0,"player_choice":"Ignored","damage_taken":0,"max_hp_gain":0,"max_hp_loss":0,"event_name":"Mysterious Sphere","floor":47,"gold_loss":0},{"damage_healed":0,"gold_gain":0,"player_choice":"Paid","damage_taken":0,"relics_obtained":["Red Mask"],"max_hp_gain":0,"max_hp_loss":0,"event_name":"Tomb of Lord Red Mask","floor":48,"gold_loss":9}],"is_beta":false,"boss_relics":[{"not_picked":["Eternal Feather","Runic Cube"],"picked":"Sozu"},{"not_picked":["Black Blood","Runic Pyramid"],"picked":"Cursed Key"}],"items_purged_floors":[10,22,36,38],"is_endless":false,"potions_floor_spawned":[1,3,4,13,16,18,20,27,31,44,45],"ascension_level":0}