{"gold_per_floor":[118,128,141,161,172,201,215,215,215,243,260,260,285,13,13,112,112,123,123,134,134],"floor_reached":21,"playtime":1306,"items_purged":["Strike_B"],"score":223,"play_id":"95cd9d51-2c7b-423b-9339-f6de099d1dbc","local_time":"20181011193318","is_ascension_mode":true,"campfire_choices":[{"floor":8,"key":"REST"},{"floor":12,"key":"REST"},{"floor":15,"key":"REST"}],"neow_cost":"","seed_source_timestamp":39676341445900,"circlet_count":0,"master_deck":["Strike_B","Strike_B","Defend_B","Defend_B","Defend_B","Zap","Dualcast","Cold Snap","White Noise","Force Field","Reinforced Body","Auto Shields","Blizzard+1","Redo","Biased Cognition","Electrodynamics","Sunder+1","Echo Form","Ball Lightning+1"],"relics":["Cracked Core","Ornamental Fan","Molten Egg 2","Letter Opener","Pear","Empty Cage"],"potions_floor_usage":[10,13,16],"damage_taken":[{"damage":2,"enemies":"Jaw Worm","floor":1,"turns":3},{"damage":0,"enemies":"2 Louse","floor":2,"turns":3},{"damage":0,"enemies":"Small Slimes","floor":3,"turns":3},{"damage":7,"enemies":"Blue Slaver","floor":4,"turns":4},{"damage":4,"enemies":"2 Fungi Beasts","floor":5,"turns":4},{"damage":23,"enemies":"Gremlin Nob","floor":6,"turns":5},{"damage":3,"enemies":"Looter","floor":7,"turns":3},{"damage":25,"enemies":"3 Sentries","floor":10,"turns":11},{"damage":20,"enemies":"Exordium Thugs","floor":11,"turns":4},{"damage":28,"enemies":"Gremlin Nob","floor":13,"turns":5},{"damage":29,"enemies":"Hexaghost","floor":16,"turns":13},{"damage":6,"enemies":"Spheric Guardian","floor":18,"turns":5},{"damage":32,"enemies":"Colosseum Slavers","floor":19,"turns":4},{"damage":26,"enemies":"Chosen","floor":20,"turns":4},{"damage":27,"enemies":"Centurion and Healer","floor":21,"turns":2}],"seed_played":"8508751442508218341","potions_obtained":[{"floor":3,"key":"SpeedPotion"},{"floor":6,"key":"SteroidPotion"},{"floor":11,"key":"Poison Potion"},{"floor":13,"key":"Dexterity Potion"}],"is_trial":false,"path_per_floor":["M","M","M","M","M","E","M","R","T","E","M","R","E","$","R","B",null,"M","?","M"],"character_chosen":"DEFECT","items_purchased":["Electrodynamics","Sunder+1"],"campfire_rested":3,"item_purchase_floors":[14,14],"current_hp_per_floor":[73,73,73,66,62,39,36,58,58,33,13,35,17,17,42,13,85,79,47,21,0],"gold":134,"neow_bonus":"","is_prod":false,"is_daily":false,"chose_seed":false,"campfire_upgraded":0,"win_rate":0,"timestamp":1539279198,"path_taken":["M","M","M","M","M","E","M","R","T","E","M","R","E","$","R","BOSS","M","?","M","M"],"build_version":"2018-10-04v2","purchased_purges":1,"victory":false,"max_hp_per_floor":[75,75,75,75,75,75,75,75,75,75,75,75,85,85,85,85,85,85,85,85,85],"card_choices":[{"not_picked":["Hologram","Compile Driver"],"picked":"Cold Snap","floor":1},{"not_picked":["Barrage","Consume","Turbo"],"picked":"SKIP","floor":2},{"not_picked":["Steam Power","Melter"],"picked":"White Noise","floor":3},{"not_picked":["Consume","Skim"],"picked":"Force Field","floor":4},{"not_picked":["Sweeping Beam","Streamline","Gash"],"picked":"SKIP","floor":5},{"not_picked":["Rainbow","Darkness"],"picked":"Reinforced Body","floor":6},{"not_picked":["Redo","Streamline"],"picked":"Auto Shields","floor":7},{"not_picked":["Rebound+1","Scrape+1"],"picked":"Blizzard+1","floor":10},{"not_picked":["Sweeping Beam+1","Stack"],"picked":"Redo","floor":11},{"not_picked":["Hologram","Redo"],"picked":"Biased Cognition","floor":13},{"not_picked":["Core Surge+1","Hyperbeam+1"],"picked":"Echo Form","floor":16},{"not_picked":["Stack","Rebound+1"],"picked":"Ball Lightning+1","floor":18},{"not_picked":["Beam Cell+1","Gash+1","Stack"],"picked":"SKIP","floor":20}],"player_experience":124117,"relics_obtained":[{"floor":6,"key":"Ornamental Fan"},{"floor":9,"key":"Molten Egg 2"},{"floor":10,"key":"Letter Opener"},{"floor":13,"key":"Pear"}],"event_choices":[{"event_name":"Colosseum","player_choice":"Fight","floor":19,"damage_taken":0},{"event_name":"Colosseum","player_choice":"Fled From Nobs","floor":19,"damage_taken":0}],"is_beta":false,"boss_relics":[{"not_picked":["Philosopher\u0027s Stone","Eternal Feather"],"picked":"Empty Cage"}],"items_purged_floors":[14],"is_endless":false,"potions_floor_spawned":[3,6,11,13,19],"killed_by":"Centurion and Healer","ascension_level":2}