{"gold_per_floor":[116,127,17,29,104,137,137,153,153,153,85,120,139,139,139,243,243,255,23,37,37,48,48,81,104,186,186,186,204,204,144,144,243,243,253,253,271,113,125,125,139,139],"floor_reached":42,"playtime":3189,"items_purged":["Decay"],"score":490,"play_id":"66d76d5d-55f3-41ec-b67b-5b4fb2116002","local_time":"20190309223214","is_ascension_mode":true,"campfire_choices":[{"floor":7,"key":"REST"},{"floor":10,"key":"REST"},{"floor":15,"key":"REST"},{"data":"Apotheosis","floor":23,"key":"SMITH"},{"floor":28,"key":"REST"},{"floor":30,"key":"REST"},{"floor":32,"key":"DIG"},{"floor":40,"key":"REST"}],"neow_cost":"CURSE","seed_source_timestamp":602552835603500,"circlet_count":0,"master_deck":["Survivor","Neutralize","Backstab","Envenom","Backflip","Poisoned Stab","Footwork","Flechettes","PiercingWail","Cloak And Dagger","Leg Sweep","Footwork","Dodge and Roll","Malaise","Catalyst","Terror","Riddle With Holes","Burst","Grand Finale","Escape Plan","Noxious Fumes","Apotheosis+1","Blur","PiercingWail+1","Deflect+1","After Image","Backstab","Deflect+1","Calculated Gamble+1","Footwork","Acrobatics+1","Parasite","PiercingWail+1"],"relics":["Ring of the Snake","Dead Branch","The Specimen","Ginger","Pandora\u0027s Box","MutagenicStrength","Shovel","Ancient Tea Set","Toxic Egg 2","PreservedInsect","Black Star"],"potions_floor_usage":[2,18,20,22,22,24],"damage_taken":[{"damage":7,"enemies":"Cultist","floor":1,"turns":6},{"damage":1,"enemies":"Jaw Worm","floor":2,"turns":6},{"damage":2,"enemies":"2 Louse","floor":4,"turns":3},{"damage":28,"enemies":"3 Sentries","floor":6,"turns":12},{"damage":15,"enemies":"Large Slime","floor":8,"turns":7},{"damage":13,"enemies":"Lagavulin","floor":12,"turns":8},{"damage":8,"enemies":"Exordium Wildlife","floor":13,"turns":8},{"damage":10,"enemies":"Hexaghost","floor":16,"turns":14},{"damage":8,"enemies":"Chosen","floor":18,"turns":6},{"damage":12,"enemies":"2 Thieves","floor":20,"turns":4},{"damage":7,"enemies":"Centurion and Healer","floor":22,"turns":5},{"damage":33,"enemies":"Slavers","floor":24,"turns":7},{"damage":3,"enemies":"Snake Plant","floor":29,"turns":3},{"damage":10,"enemies":"Automaton","floor":33,"turns":8},{"damage":35,"enemies":"3 Darklings","floor":35,"turns":7},{"damage":14,"enemies":"Orb Walker","floor":37,"turns":6},{"damage":28,"enemies":"Spire Growth","floor":39,"turns":7},{"damage":15,"enemies":"Writhing Mass","floor":41,"turns":7},{"damage":13,"enemies":"3 Darklings","floor":42,"turns":3}],"seed_played":"-3869102458726934755","potions_obtained":[{"floor":1,"key":"Explosive Potion"},{"floor":2,"key":"FairyPotion"},{"floor":6,"key":"EntropicBrew"},{"floor":13,"key":"Swift Potion"},{"floor":22,"key":"Poison Potion"},{"floor":33,"key":"Strength Potion"},{"floor":39,"key":"SpeedPotion"}],"is_trial":false,"path_per_floor":["M","M","$","M","?","E","R","M","T","R","$","E","M","?","R","B",null,"M","$","M","?","M","R","E","T","T","?","R","M","R","?","R","B",null,"M","?","M","$","M","R","M","M"],"character_chosen":"THE_SILENT","items_purchased":["Footwork","Leg Sweep","Noxious Fumes","Apotheosis","Calculated Gamble+1","Footwork"],"campfire_rested":6,"item_purchase_floors":[3,11,19,19,38,38],"current_hp_per_floor":[63,62,62,60,49,21,42,27,27,48,48,35,27,27,48,38,70,62,62,50,50,43,43,10,10,10,10,31,28,49,49,49,39,70,35,35,21,21,1,22,7,0],"gold":139,"neow_bonus":"TRANSFORM_TWO_CARDS","is_prod":false,"is_daily":false,"chose_seed":false,"campfire_upgraded":1,"win_rate":0,"timestamp":1552167134,"path_taken":["M","M","$","?","?","E","R","M","T","R","$","E","M","?","R","BOSS","M","$","M","?","M","R","E","?","T","?","R","M","R","?","R","BOSS","M","?","M","$","M","R","M","M"],"build_version":"2019-01-23","purchased_purges":1,"victory":false,"max_hp_per_floor":[70,70,70,70,70,70,70,70,70,70,70,70,70,70,70,70,70,70,70,70,70,70,70,70,70,70,70,70,70,70,70,70,70,70,70,70,70,70,70,70,70,70],"card_choices":[{"not_picked":["Outmaneuver","Caltrops"],"picked":"Backflip","floor":1},{"not_picked":["Deflect","Outmaneuver"],"picked":"Poisoned Stab","floor":2},{"not_picked":["Choke","Sucker Punch"],"picked":"Flechettes","floor":4},{"not_picked":["Deadly Poison","Outmaneuver"],"picked":"PiercingWail","floor":6},{"not_picked":["Endless Agony","Prepared"],"picked":"Cloak And Dagger","floor":8},{"not_picked":["Blade Dance","Well Laid Plans"],"picked":"Footwork","floor":12},{"not_picked":["Poisoned Stab","Glass Knife"],"picked":"Dodge and Roll","floor":13},{"not_picked":["Unload","Tools of the Trade"],"picked":"Malaise","floor":16},{"not_picked":["Blade Dance","Poisoned Stab+1","Deflect"],"picked":"SKIP","floor":18},{"not_picked":["PiercingWail","Acrobatics+1"],"picked":"Blur","floor":20},{"not_picked":["Dodge and Roll+1","Masterful Stab"],"picked":"PiercingWail+1","floor":22},{"not_picked":["Wraith Form v2","Blur","Deadly Poison"],"picked":"SKIP","floor":24},{"not_picked":["Dodge and Roll+1","Heel Hook"],"picked":"Deflect+1","floor":29},{"not_picked":["Storm of Steel+1","Corpse Explosion+1"],"picked":"After Image","floor":33},{"not_picked":["Cloak And Dagger+1","Prepared+1"],"picked":"Backstab","floor":35},{"not_picked":["Masterful Stab","Riddle With Holes+1"],"picked":"Deflect+1","floor":37},{"not_picked":["Dagger Spray","Prepared+1"],"picked":"Acrobatics+1","floor":39},{"not_picked":["Blade Dance+1","Reflex+1"],"picked":"PiercingWail+1","floor":41}],"player_experience":358066,"relics_obtained":[{"floor":6,"key":"Dead Branch"},{"floor":9,"key":"The Specimen"},{"floor":12,"key":"Ginger"},{"floor":24,"key":"Shovel"},{"floor":25,"key":"Ancient Tea Set"},{"floor":26,"key":"Toxic Egg 2"},{"floor":32,"key":"PreservedInsect"}],"event_choices":[{"damage_healed":0,"gold_gain":75,"player_choice":"Gather Gold","damage_taken":11,"max_hp_gain":0,"max_hp_loss":0,"event_name":"World of Goop","floor":5,"gold_loss":0},{"damage_healed":0,"gold_gain":0,"player_choice":"Ignored","damage_taken":0,"max_hp_gain":0,"max_hp_loss":0,"event_name":"Shining Light","floor":14,"gold_loss":0},{"damage_healed":0,"gold_gain":0,"player_choice":"Inject Mutagens","damage_taken":0,"relics_obtained":["MutagenicStrength"],"max_hp_gain":0,"max_hp_loss":0,"event_name":"Drug Dealer","floor":21,"gold_loss":0},{"cards_removed":["Tactician"],"damage_healed":0,"gold_gain":0,"player_choice":"Elegance","damage_taken":0,"max_hp_gain":0,"max_hp_loss":0,"event_name":"Back to Basics","floor":27,"gold_loss":0},{"cards_removed":["Endless Agony"],"damage_healed":0,"gold_gain":0,"player_choice":"Single Remove","damage_taken":0,"max_hp_gain":0,"max_hp_loss":0,"event_name":"Designer","floor":31,"gold_loss":60},{"damage_healed":0,"gold_gain":0,"player_choice":"Ignored","damage_taken":0,"max_hp_gain":0,"max_hp_loss":0,"event_name":"SecretPortal","floor":36,"gold_loss":0}],"is_beta":false,"boss_relics":[{"not_picked":["Runic Pyramid","Fusion Hammer"],"picked":"Pandora\u0027s Box"},{"not_picked":["HoveringKite","Runic Dome"],"picked":"Black Star"}],"items_purged_floors":[3],"is_endless":false,"potions_floor_spawned":[1,2,6,13,22,33,39],"killed_by":"3 Darklings","ascension_level":3}