{"path_per_floor":["M","M","M","?","?","R","E","R","T","E","M","M","M","M","R","B",null,"M","?","M","$","M","M","T","R","T","M","M","?","R","$","R"],"character_chosen":"IRONCLAD","items_purchased":["Whirlwind","Blood for Blood","Battle Trance","Dream Catcher"],"gold_per_floor":[109,129,143,222,172,172,199,199,199,230,244,259,271,285,285,390,390,405,320,336,30,40,51,51,51,128,143,162,162,162,13,13],"floor_reached":33,"campfire_rested":2,"playtime":2692,"current_hp_per_floor":[80,80,80,80,80,80,57,57,57,49,50,64,75,75,75,12,80,83,83,81,81,53,38,38,78,78,46,28,28,28,28,60],"items_purged":["Strike_R"],"gold":13,"score":287,"play_id":"9db9345c-fd84-4a3b-88fd-bfb678a00d9c","is_prod":false,"is_daily":false,"is_ascension_mode":false,"campfire_upgraded":4,"path_taken":["M","M","M","?","?","R","E","R","T","E","M","M","M","M","R","BOSS","M","?","M","$","M","M","?","R","T","M","?","?","R","$","R","BOSS"],"build_version":"2018-02-15-PROD1","purchased_purges":1,"victory":false,"master_deck":["Defend_R","Defend_R","Defend_R","Bash+1","Seeing Red+1","Heavy Blade","Warcry","Pommel Strike+1","Reaper","Headbutt","Iron Wave","Pommel Strike+1","Dropkick","Feed","Battle Trance","Intimidate+1","Whirlwind","Blood for Blood","Battle Trance","Wild Strike+1","Sword Boomerang+1","Anger","Bite","Bite","Bite","Bite","Bite","Bloodletting+1"],"max_hp_per_floor":[80,80,80,80,80,80,80,80,80,80,80,80,80,80,80,80,80,83,83,86,86,86,86,86,86,86,86,86,60,60,60,60],"relics":["Black Blood","NeowsBlessing","Regal Pillow","Pen Nib","Mummified Hand","Bag of Marbles","Orichalcum","Frozen Egg 2","Dream Catcher"],"card_choices":[{"not_picked":["Shockwave","Heavy Blade"],"picked":"Seeing Red"},{"not_picked":["Clash","True Grit"],"picked":"Heavy Blade"},{"not_picked":["Sword Boomerang","Wild Strike"],"picked":"Warcry"},{"not_picked":["Spot Weakness","Sever Soul"],"picked":"Pommel Strike"},{"not_picked":["Iron Wave","Wild Strike"],"picked":"Reaper"},{"not_picked":["Shockwave","Twin Strike"],"picked":"Headbutt"},{"not_picked":["Armaments","Shrug It Off"],"picked":"Iron Wave"},{"not_picked":["Fire Breathing","Havoc"],"picked":"Pommel Strike"},{"not_picked":["Pommel Strike","Cleave"],"picked":"Dropkick"},{"not_picked":["Brutality","Exhume"],"picked":"Feed"},{"not_picked":["Pommel Strike","Flex"],"picked":"Battle Trance"},{"not_picked":["Searing Blow","Cleave"],"picked":"Intimidate"},{"not_picked":["Clash","Thunderclap"],"picked":"Wild Strike"},{"not_picked":["Clash","Blood for Blood"],"picked":"Sword Boomerang"},{"not_picked":["Warcry","Havoc"],"picked":"Anger"},{"not_picked":["Headbutt","Warcry"],"picked":"Bloodletting"}],"player_experience":63167,"potions_floor_usage":[7,10,16,16,16,33,33,33],"damage_taken":[{"damage":0,"enemies":"2 Louse","floor":1,"turns":1},{"damage":0,"enemies":"Cultist","floor":2,"turns":1},{"damage":0,"enemies":"Small Slimes","floor":3,"turns":1},{"damage":29,"enemies":"Gremlin Nob","floor":7,"turns":4},{"damage":14,"enemies":"3 Sentries","floor":10,"turns":6},{"damage":5,"enemies":"Looter","floor":11,"turns":2},{"damage":0,"enemies":"Large Slime","floor":12,"turns":3},{"damage":3,"enemies":"Exordium Wildlife","floor":13,"turns":3},{"damage":6,"enemies":"Red Slaver","floor":14,"turns":4},{"damage":69,"enemies":"The Guardian","floor":16,"turns":11},{"damage":18,"enemies":"3 Byrds","floor":18,"turns":6},{"damage":15,"enemies":"Shell Parasite","floor":20,"turns":3},{"damage":43,"enemies":"Centurion and Healer","floor":22,"turns":8},{"damage":25,"enemies":"Snake Plant","floor":23,"turns":3},{"damage":42,"enemies":"Cultist and Chosen","floor":27,"turns":7},{"damage":28,"enemies":"Centurion and Healer","floor":28,"turns":5},{"damage":84,"enemies":"Collector","floor":33,"turns":8}],"event_choices":[{"event_name":"Golden Wing","player_choice":"Gained Gold","floor":4,"damage_taken":0},{"event_name":"The Cleric","player_choice":"Card Removal","floor":5,"damage_taken":0},{"event_name":"Addict","player_choice":"Obtained Relic","floor":19,"damage_taken":0},{"event_name":"Vampires","player_choice":"Became a vampire","floor":29,"damage_taken":0}],"boss_relics":[{"not_picked":["Velvet Choker","Runic Dome"],"picked":"Black Blood"}],"potions_floor_spawned":[1,2,7,10,14,20,22,23],"seed_played":"-4156206332762355458","killed_by":"Collector","ascension_level":0,"is_trial":false}