{"gold_per_floor":[115,40,56,74,149,149,160,160,160,18,28,28,62,72,72,176,176,192,202,202,218,69,0,0,0,0,31,31,31,4,51,51,152,152,168,168,181,26,126,126,146,146,197,197,197,215,228,228,228,228],"floor_reached":50,"playtime":1891,"items_purged":["Strike_B"],"score":483,"play_id":"a036296f-b11f-4ea8-9d53-c65d8c85c938","local_time":"20190318011149","is_ascension_mode":false,"campfire_choices":[{"data":"Genetic Algorithm","floor":6,"key":"SMITH"},{"floor":12,"key":"REST"},{"data":"Defragment","floor":15,"key":"SMITH"},{"data":"Redo","floor":24,"key":"SMITH"},{"data":"Loop","floor":29,"key":"SMITH"},{"data":"Zap","floor":32,"key":"SMITH"},{"floor":40,"key":"RECALL"},{"data":"Seek","floor":42,"key":"SMITH"},{"floor":49,"key":"REST"}],"neow_cost":"NONE","seed_source_timestamp":1937314852783801,"circlet_count":0,"master_deck":["Strike_B","Strike_B","Strike_B","Defend_B","Defend_B","Defend_B","Defend_B","Zap+1","Dualcast","White Noise","Defragment+1","Genetic Algorithm+1","Rebound","Redo+1","Core Surge+1","Rip and Tear+1","Capacitor","Loop+1","Seek+1","Tempest+1","Leap+1","Glacier+1","Leap","Core Surge+1","Go for the Eyes+1","Recycle","Sunder+1","Steam","Reinforced Body+1","Madness","Madness","Panacea","Coolheaded+1","Beam Cell+1"],"relics":["Cracked Core","Boot","Molten Egg 2","Bag of Marbles","Bottled Tornado","Sozu","Blood Vial","Bronze Scales","Meat on the Bone","Potion Belt","Inserter","FossilizedHelix","Smiling Mask"],"potions_floor_usage":[13,13,14],"damage_taken":[{"damage":2,"enemies":"Jaw Worm","floor":1,"turns":5},{"damage":1,"enemies":"2 Louse","floor":3,"turns":3},{"damage":0,"enemies":"Small Slimes","floor":4,"turns":2},{"damage":2,"enemies":"3 Louse","floor":7,"turns":4},{"damage":6,"enemies":"2 Fungi Beasts","floor":11,"turns":2},{"damage":0,"enemies":"Gremlin Nob","floor":13,"turns":2},{"damage":23,"enemies":"Gremlin Gang","floor":14,"turns":5},{"damage":22,"enemies":"Slime Boss","floor":16,"turns":6},{"damage":10,"enemies":"Spheric Guardian","floor":18,"turns":4},{"damage":10,"enemies":"Chosen","floor":19,"turns":4},{"damage":20,"enemies":"Centurion and Healer","floor":21,"turns":4},{"damage":25,"enemies":"Slavers","floor":27,"turns":5},{"damage":5,"enemies":"Automaton","floor":33,"turns":11},{"damage":2,"enemies":"3 Shapes","floor":35,"turns":3},{"damage":0,"enemies":"Orb Walker","floor":37,"turns":4},{"damage":30,"enemies":"Mind Bloom Boss Battle","floor":39,"turns":4},{"damage":0,"enemies":"Jaw Worm Horde","floor":41,"turns":5},{"damage":0,"enemies":"Sphere and 2 Shapes","floor":46,"turns":4},{"damage":14,"enemies":"Writhing Mass","floor":47,"turns":6},{"damage":65,"enemies":"Donu and Deca","floor":50,"turns":6}],"seed_played":"5772975060686979562","potions_obtained":[{"floor":1,"key":"AttackPotion"},{"floor":3,"key":"Energy Potion"},{"floor":7,"key":"Poison Potion"}],"is_trial":false,"path_per_floor":["M","$","M","M","?","R","M","?","T","$","M","R","E","M","R","B",null,"M","M","?","M","$","?","R","$","T","E","?","R","$","T","R","B",null,"M","?","M","$","?","R","M","R","T","?","?","M","M","?","R","B"],"character_chosen":"DEFECT","items_purchased":["Defragment","Core Surge+1","Bronze Scales","Leap","Sunder+1"],"campfire_rested":2,"item_purchase_floors":[2,10,22,30,38],"current_hp_per_floor":[73,73,72,72,61,61,59,41,41,41,35,57,57,34,34,12,75,65,55,55,37,37,37,37,37,37,14,39,39,39,39,39,48,75,73,73,75,75,45,45,47,47,47,38,38,40,40,40,62,0],"gold":228,"neow_bonus":"RANDOM_COMMON_RELIC","is_prod":false,"is_daily":false,"chose_seed":false,"campfire_upgraded":6,"win_rate":0,"timestamp":1552842709,"path_taken":["M","$","M","M","?","R","M","?","T","$","?","R","E","M","R","BOSS","M","M","?","M","$","?","R","$","T","E","?","R","?","?","R","BOSS","M","?","M","$","?","R","M","R","T","?","?","M","M","?","R","BOSS"],"build_version":"2019-01-23","purchased_purges":1,"victory":false,"max_hp_per_floor":[75,75,75,75,75,75,75,75,75,75,75,75,75,75,75,75,75,75,75,75,75,75,75,75,75,75,75,75,75,75,75,75,75,75,75,75,75,75,75,75,75,75,75,75,75,75,75,75,75,75],"card_choices":[{"not_picked":["Beam Cell","Ball Lightning"],"picked":"White Noise","floor":1},{"not_picked":["Turbo","Fusion"],"picked":"Genetic Algorithm","floor":3},{"not_picked":["Genetic Algorithm","Gash"],"picked":"Rebound","floor":4},{"not_picked":["Go for the Eyes","Streamline"],"picked":"Redo","floor":7},{"not_picked":["Barrage+1","Redo"],"picked":"Rip and Tear+1","floor":11},{"not_picked":["Reinforced Body","Double Energy"],"picked":"Capacitor","floor":13},{"not_picked":["Sweeping Beam+1","Leap"],"picked":"Loop","floor":14},{"not_picked":["Buffer","Reboot"],"picked":"Seek","floor":16},{"not_picked":["Stack+1","Reprogram"],"picked":"Go for the Eyes+1","floor":18},{"not_picked":["Rebound+1","Leap"],"picked":"Tempest+1","floor":19},{"not_picked":["Hologram","Steam"],"picked":"Leap+1","floor":21},{"not_picked":["Ball Lightning+1","Buffer"],"picked":"Glacier+1","floor":27},{"not_picked":["Seek","Reboot"],"picked":"Core Surge+1","floor":33},{"not_picked":["Beam Cell+1","Loop"],"picked":"Go for the Eyes+1","floor":35},{"not_picked":["Turbo","Steam"],"picked":"Recycle","floor":37},{"not_picked":["Glacier","Leap"],"picked":"Steam","floor":39},{"not_picked":["Auto Shields","Go for the Eyes+1"],"picked":"Reinforced Body+1","floor":41},{"not_picked":["Deep Breath","Blind"],"picked":"Panacea","floor":45},{"not_picked":["Fusion","Streamline+1"],"picked":"Coolheaded+1","floor":46},{"not_picked":["Stack+1","Rip and Tear+1"],"picked":"Beam Cell+1","floor":47}],"player_experience":872671,"relics_obtained":[{"floor":9,"key":"Bag of Marbles"},{"floor":13,"key":"Bottled Tornado"},{"floor":27,"key":"Meat on the Bone"},{"floor":31,"key":"Potion Belt"},{"floor":39,"key":"FossilizedHelix"},{"floor":43,"key":"Smiling Mask"}],"event_choices":[{"damage_healed":0,"gold_gain":75,"player_choice":"Gather Gold","damage_taken":11,"max_hp_gain":0,"max_hp_loss":0,"event_name":"World of Goop","floor":5,"gold_loss":0},{"damage_healed":0,"gold_gain":0,"player_choice":"Success","damage_taken":18,"relics_obtained":["Molten Egg 2"],"max_hp_gain":0,"max_hp_loss":0,"event_name":"Scrap Ooze","floor":8,"gold_loss":0},{"damage_healed":0,"gold_gain":0,"player_choice":"Opened","damage_taken":0,"relics_obtained":["Blood Vial"],"max_hp_gain":0,"max_hp_loss":0,"event_name":"The Mausoleum","floor":20,"gold_loss":0},{"damage_healed":0,"gold_gain":0,"player_choice":"Paid Fearfully","damage_taken":0,"max_hp_gain":0,"max_hp_loss":0,"event_name":"Masked Bandits","floor":23,"gold_loss":69},{"damage_healed":25,"gold_gain":0,"player_choice":"Heal","damage_taken":0,"max_hp_gain":0,"max_hp_loss":0,"event_name":"The Library","floor":28,"gold_loss":0},{"damage_healed":0,"gold_gain":0,"player_choice":"Ignored","damage_taken":0,"max_hp_gain":0,"max_hp_loss":0,"event_name":"Tomb of Lord Red Mask","floor":36,"gold_loss":0},{"damage_healed":0,"gold_gain":0,"player_choice":"Fight","damage_taken":0,"max_hp_gain":0,"max_hp_loss":0,"event_name":"MindBloom","floor":39,"gold_loss":0},{"damage_healed":0,"gold_gain":0,"player_choice":"Embrace Madness","damage_taken":9,"max_hp_gain":0,"max_hp_loss":0,"event_name":"Winding Halls","floor":44,"gold_loss":0,"cards_obtained":["Madness","Madness"]},{"damage_healed":0,"gold_gain":0,"player_choice":"Memory 1","damage_taken":0,"max_hp_gain":0,"max_hp_loss":0,"event_name":"SensoryStone","floor":45,"gold_loss":0},{"cards_removed":["Go for the Eyes"],"damage_healed":0,"gold_gain":0,"player_choice":"Removed Attack","damage_taken":0,"max_hp_gain":0,"max_hp_loss":0,"event_name":"Falling","floor":48,"gold_loss":0}],"is_beta":false,"boss_relics":[{"not_picked":["Philosopher\u0027s Stone","Cursed Key"],"picked":"Sozu"},{"not_picked":["Coffee Dripper","Pandora\u0027s Box"],"picked":"Inserter"}],"items_purged_floors":[38],"is_endless":false,"potions_floor_spawned":[1,3,7,11,18,19,21,39,46],"killed_by":"Donu and Deca","ascension_level":0}