{"gold_per_floor":[115,115,129,129,129,129,142,142,193,216,236,236,236,186,186,317,317,342,230,248,448,461,461,481,497,523,523,523,523,537,558,558,684,684,709,723,723,369,369],"floor_reached":39,"playtime":3175,"items_purged":["Strike_R","Strike_R"],"score":398,"play_id":"686ad992-42c3-413b-929b-785b12287e6b","local_time":"20190214005249","is_ascension_mode":false,"campfire_choices":[{"data":"Demon Form","floor":6,"key":"SMITH"},{"data":"Heavy Blade","floor":8,"key":"SMITH"},{"data":"Clothesline","floor":13,"key":"SMITH"},{"floor":15,"key":"REST"},{"data":"True Grit","floor":23,"key":"SMITH"},{"data":"Uppercut","floor":27,"key":"SMITH"},{"floor":29,"key":"REST"},{"data":"Fiend Fire","floor":32,"key":"SMITH"}],"neow_cost":"NONE","seed_source_timestamp":78643702308200,"circlet_count":0,"master_deck":["Strike_R","Defend_R","Defend_R","Defend_R","Bash+1","Spot Weakness","Heavy Blade+1","Sever Soul","Demon Form+1","Spot Weakness","Clothesline+1","Clash","Fiend Fire+1","True Grit+1","Uppercut+1","Headbutt","Thunderclap","Metallicize","Pummel+1","Shrug It Off","Flame Barrier","Sword Boomerang+1","Dark Embrace","Shrug It Off","Second Wind","Apotheosis","Discovery"],"relics":["Burning Blood","Golden Idol","Boot","Blood Vial","Mark of Pain","Dream Catcher","Coffee Dripper"],"potions_floor_usage":[10,20,22,22,24,33],"damage_taken":[{"damage":0,"enemies":"2 Louse","floor":1,"turns":3},{"damage":6,"enemies":"Jaw Worm","floor":3,"turns":4},{"damage":0,"enemies":"Cultist","floor":7,"turns":3},{"damage":9,"enemies":"Blue Slaver","floor":10,"turns":3},{"damage":10,"enemies":"Looter","floor":11,"turns":3},{"damage":32,"enemies":"Hexaghost","floor":16,"turns":6},{"damage":5,"enemies":"Chosen","floor":18,"turns":3},{"damage":3,"enemies":"Spheric Guardian","floor":20,"turns":3},{"damage":14,"enemies":"Chosen and Byrds","floor":22,"turns":6},{"damage":12,"enemies":"Snecko","floor":24,"turns":5},{"damage":24,"enemies":"3 Cultists","floor":25,"turns":6},{"damage":19,"enemies":"Centurion and Healer","floor":30,"turns":4},{"damage":15,"enemies":"Snake Plant","floor":31,"turns":3},{"damage":64,"enemies":"Collector","floor":33,"turns":8},{"damage":55,"enemies":"3 Shapes","floor":35,"turns":4},{"damage":9,"enemies":"Orb Walker","floor":36,"turns":3},{"damage":73,"enemies":"4 Shapes","floor":39,"turns":5}],"seed_played":"-8929187936214462579","potions_obtained":[{"floor":1,"key":"Energy Potion"},{"floor":7,"key":"Swift Potion"},{"floor":16,"key":"Block Potion"},{"floor":18,"key":"PowerPotion"},{"floor":20,"key":"SkillPotion"},{"floor":24,"key":"BloodPotion"},{"floor":33,"key":"Ancient Potion"},{"floor":35,"key":"Weak Potion"}],"is_trial":false,"path_per_floor":["M","?","M","?","?","R","M","R","T","M","M","?","R","?","R","B",null,"M","$","M","?","M","R","M","M","T","R","?","R","M","M","R","B",null,"M","M","?","$","M"],"character_chosen":"IRONCLAD","items_purchased":["Uppercut","Apotheosis","Discovery"],"campfire_rested":2,"item_purchase_floors":[19,38,38],"current_hp_per_floor":[80,60,60,60,60,60,66,66,66,63,59,52,52,52,76,52,80,80,80,80,80,72,72,68,52,52,52,52,76,65,58,58,10,80,31,30,70,70,0],"gold":369,"neow_bonus":"UPGRADE_CARD","is_prod":false,"is_daily":false,"chose_seed":false,"campfire_upgraded":6,"win_rate":0,"timestamp":1550101969,"path_taken":["M","?","M","?","?","R","M","R","T","?","M","?","R","?","R","BOSS","M","$","M","?","M","R","?","M","T","R","?","R","M","M","R","BOSS","M","M","?","$","M"],"build_version":"2019-01-23","purchased_purges":2,"victory":false,"max_hp_per_floor":[80,80,80,80,80,80,80,80,80,80,80,80,80,80,80,80,80,80,80,80,80,80,80,80,80,80,80,80,80,80,80,80,80,80,80,80,70,70,70],"card_choices":[{"not_picked":["Ghostly Armor","Thunderclap"],"picked":"Spot Weakness","floor":1},{"not_picked":["Sword Boomerang","Seeing Red"],"picked":"Heavy Blade","floor":3},{"not_picked":["Shrug It Off","Flex"],"picked":"Spot Weakness","floor":7},{"not_picked":["Cleave","Shrug It Off"],"picked":"Clothesline","floor":10},{"not_picked":["Body Slam","Combust"],"picked":"Clash","floor":11},{"not_picked":["Offering","Double Tap"],"picked":"Fiend Fire","floor":16},{"not_picked":["Rampage+1","Anger+1"],"picked":"True Grit","floor":18},{"not_picked":["Entrench","Clothesline"],"picked":"Headbutt","floor":20},{"not_picked":["Sword Boomerang","Headbutt"],"picked":"Thunderclap","floor":22},{"not_picked":["Whirlwind","Iron Wave"],"picked":"Metallicize","floor":24},{"not_picked":["Anger","Corruption"],"picked":"Pummel+1","floor":25},{"not_picked":["Cleave","Dual Wield"],"picked":"Shrug It Off","floor":29},{"not_picked":["Twin Strike","Hemokinesis"],"picked":"Flame Barrier","floor":30},{"not_picked":["Entrench+1","Iron Wave"],"picked":"Sword Boomerang+1","floor":31},{"not_picked":["Bludgeon","Offering"],"picked":"Dark Embrace","floor":33},{"not_picked":["Clothesline","Fire Breathing+1"],"picked":"Shrug It Off","floor":35},{"not_picked":["Perfected Strike","Sword Boomerang"],"picked":"Second Wind","floor":36}],"player_experience":88468,"relics_obtained":[{"floor":9,"key":"Boot"},{"floor":26,"key":"Dream Catcher"}],"event_choices":[{"damage_healed":0,"gold_gain":0,"player_choice":"Take Damage","damage_taken":20,"relics_obtained":["Golden Idol"],"max_hp_gain":0,"max_hp_loss":0,"event_name":"Golden Idol","floor":2,"gold_loss":0},{"damage_healed":0,"gold_gain":0,"cards_transformed":["Strike_R"],"player_choice":"Change","damage_taken":0,"max_hp_gain":0,"max_hp_loss":0,"event_name":"Living Wall","floor":4,"gold_loss":0,"cards_obtained":["Sever Soul"]},{"damage_healed":0,"gold_gain":0,"cards_transformed":["Defend_R"],"player_choice":"Transformed","damage_taken":0,"max_hp_gain":0,"max_hp_loss":0,"event_name":"Transmorgrifier","floor":5,"gold_loss":0,"cards_obtained":["Demon Form"]},{"damage_healed":0,"gold_gain":0,"player_choice":"Success","damage_taken":7,"relics_obtained":["Blood Vial"],"max_hp_gain":0,"max_hp_loss":0,"event_name":"Scrap Ooze","floor":12,"gold_loss":0},{"cards_removed":["Strike_R"],"damage_healed":0,"gold_gain":0,"player_choice":"Card Removal","damage_taken":0,"max_hp_gain":0,"max_hp_loss":0,"event_name":"The Cleric","floor":14,"gold_loss":50},{"damage_healed":0,"gold_gain":250,"player_choice":"Bet on Owner","damage_taken":0,"max_hp_gain":0,"max_hp_loss":0,"event_name":"The Joust","floor":21,"gold_loss":50},{"damage_healed":0,"gold_gain":0,"player_choice":"Ignored","damage_taken":0,"max_hp_gain":0,"max_hp_loss":0,"event_name":"Vampires","floor":28,"gold_loss":0},{"damage_healed":70,"gold_gain":0,"player_choice":"Heal","damage_taken":0,"max_hp_gain":0,"max_hp_loss":10,"event_name":"The Moai Head","floor":37,"gold_loss":0}],"is_beta":false,"boss_relics":[{"not_picked":["Orrery","Empty Cage"],"picked":"Mark of Pain"},{"not_picked":["Lizard Tail","Black Star"],"picked":"Coffee Dripper"}],"items_purged_floors":[19,38],"is_endless":false,"potions_floor_spawned":[1,7,16,18,20,24,33,35],"killed_by":"4 Shapes","ascension_level":0}