{"gold_per_floor":[112,126,140,215,229,229,240,240,240,257,257,207,207,9,9,110,110,95,95,105,116,126,126,106,106,106,106],"floor_reached":27,"playtime":1009,"items_purged":[],"score":255,"play_id":"139edef7-23d3-40d6-9436-70d6d1b5a616","local_time":"20190405234156","is_ascension_mode":false,"campfire_choices":[{"data":"Zap","floor":6,"key":"SMITH"},{"data":"Defragment","floor":8,"key":"SMITH"},{"data":"Hologram","floor":11,"key":"SMITH"},{"data":"Dualcast","floor":15,"key":"SMITH"},{"data":"Go for the Eyes","floor":23,"key":"SMITH"},{"data":"Self Repair","floor":25,"key":"SMITH"}],"neow_cost":"NONE","seed_source_timestamp":262020944651306,"circlet_count":0,"master_deck":["Strike_B","Strike_B","Strike_B","Defend_B","Defend_B","Defend_B","Defend_B","Zap+1","Dualcast+1","Machine Learning","Hologram+1","Defragment+1","Cold Snap","Tempest","Self Repair+1","Multi-Cast","Go for the Eyes+1","Doom and Gloom","Redo+1","Fusion+1"],"relics":["Cracked Core","Thread and Needle","Sling","Inserter"],"potions_floor_usage":[16],"damage_taken":[{"damage":1,"enemies":"Cultist","floor":1,"turns":4},{"damage":1,"enemies":"2 Louse","floor":2,"turns":2},{"damage":7,"enemies":"Jaw Worm","floor":3,"turns":4},{"damage":14,"enemies":"Looter","floor":5,"turns":4},{"damage":11,"enemies":"Large Slime","floor":7,"turns":3},{"damage":0,"enemies":"Exordium Thugs","floor":10,"turns":4},{"damage":0,"enemies":"Hexaghost","floor":16,"turns":12},{"damage":18,"enemies":"2 Thieves","floor":18,"turns":4},{"damage":10,"enemies":"Spheric Guardian","floor":20,"turns":5},{"damage":16,"enemies":"Centurion and Healer","floor":21,"turns":6},{"damage":7,"enemies":"Snecko","floor":22,"turns":5},{"damage":33,"enemies":"Snake Plant","floor":27,"turns":6}],"seed_played":"2154624542193131556","potions_obtained":[{"floor":3,"key":"Dexterity Potion"},{"floor":10,"key":"SkillPotion"},{"floor":16,"key":"SkillPotion"},{"floor":20,"key":"FearPotion"},{"floor":24,"key":"Block Potion"}],"is_trial":false,"path_per_floor":["M","M","M","?","M","R","M","R","T","M","R","?","?","$","R","B",null,"M","?","M","M","M","R","?","R","T","M"],"character_chosen":"DEFECT","items_purchased":["Sling"],"campfire_rested":0,"item_purchase_floors":[14],"current_hp_per_floor":[74,73,66,59,45,45,34,34,34,34,34,34,39,39,39,46,80,69,69,66,57,50,50,50,50,50,17],"gold":106,"neow_bonus":"ONE_RANDOM_RARE_CARD","is_prod":false,"is_daily":false,"chose_seed":false,"campfire_upgraded":6,"win_rate":0,"timestamp":1554478916,"path_taken":["M","?","M","?","M","R","?","R","T","M","R","?","?","$","R","BOSS","M","?","M","M","M","R","?","R","T","M"],"build_version":"2019-01-23","purchased_purges":0,"victory":false,"max_hp_per_floor":[75,75,75,75,75,75,75,75,75,75,75,75,80,80,80,80,80,80,80,80,80,80,80,80,80,80,80],"card_choices":[{"not_picked":["Gash","Sweeping Beam"],"picked":"Hologram","floor":1},{"not_picked":["Cold Snap","Leap"],"picked":"Defragment","floor":2},{"not_picked":["Beam Cell","Streamline"],"picked":"Cold Snap","floor":3},{"not_picked":["Lockon","Hello World","Heatsinks"],"picked":"SKIP","floor":5},{"not_picked":["Turbo","Rebound"],"picked":"Tempest","floor":7},{"not_picked":["Hyperbeam","Doom and Gloom"],"picked":"Self Repair","floor":10},{"not_picked":["Core Surge","Meteor Strike"],"picked":"Multi-Cast","floor":16},{"not_picked":["Coolheaded+1","Rebound"],"picked":"Go for the Eyes","floor":18},{"not_picked":["Cold Snap","Go for the Eyes"],"picked":"Redo+1","floor":20},{"not_picked":["FTL","Hello World"],"picked":"Fusion+1","floor":21},{"not_picked":["Sweeping Beam","Stack","Force Field"],"picked":"SKIP","floor":22}],"player_experience":918603,"relics_obtained":[{"floor":9,"key":"Thread and Needle"}],"event_choices":[{"damage_healed":0,"gold_gain":75,"player_choice":"Touch","damage_taken":7,"max_hp_gain":0,"max_hp_loss":0,"event_name":"FaceTrader","floor":4,"gold_loss":0},{"cards_removed":["Strike_B"],"damage_healed":0,"gold_gain":0,"player_choice":"Card Removal","damage_taken":0,"max_hp_gain":0,"max_hp_loss":0,"event_name":"The Cleric","floor":12,"gold_loss":50},{"damage_healed":0,"gold_gain":0,"player_choice":"Donut","damage_taken":0,"max_hp_gain":5,"max_hp_loss":0,"event_name":"Big Fish","floor":13,"gold_loss":0},{"damage_healed":0,"gold_gain":0,"player_choice":"Read","damage_taken":0,"max_hp_gain":0,"max_hp_loss":0,"event_name":"The Library","floor":19,"gold_loss":0,"cards_obtained":["Doom and Gloom"]},{"damage_healed":0,"gold_gain":0,"player_choice":"Bought 1 Potion","damage_taken":0,"max_hp_gain":0,"max_hp_loss":0,"event_name":"The Woman in Blue","floor":24,"gold_loss":0}],"is_beta":false,"boss_relics":[{"not_picked":["Fusion Hammer","Eternal Feather"],"picked":"Inserter"}],"items_purged_floors":[],"is_endless":false,"potions_floor_spawned":[3,10,16,20],"killed_by":"Snake Plant","ascension_level":0}