{"gold_per_floor":[111,127,147,164,14,43,56,56,56,125,125,16,44,104,104,199,199,219,169,183,196,209,240,240,250,250,265,84,84,84,84,84,180,180,190,1189,550,550,176,193,208,237,237,272,17,17,17],"floor_reached":47,"playtime":6990,"items_purged":["Strike_G","Strike_G","Normality","Normality","Doubt"],"score":722,"play_id":"365d1dad-6971-42d4-95a7-bdaf72a09f71","local_time":"20190310015407","is_ascension_mode":true,"campfire_choices":[{"floor":11,"key":"REST"},{"floor":15,"key":"REST"},{"floor":24,"key":"REST"},{"floor":29,"key":"REST"},{"data":"Noxious Fumes","floor":32,"key":"SMITH"}],"neow_cost":"NONE","seed_source_timestamp":610848100828000,"circlet_count":0,"master_deck":["Defend_G+1","Defend_G","Defend_G","Defend_G","Defend_G","Strike_G","Strike_G","Strike_G","Survivor","Neutralize","Deadly Poison+1","Crippling Poison","Noxious Fumes+1","Poisoned Stab","Footwork","Dash","Sucker Punch","Infinite Blades","Well Laid Plans","Backstab","Cloak And Dagger","Burst","Outmaneuver+1","Crippling Poison","Footwork","Footwork","Concentrate","Injury","Catalyst","Bandage Up","A Thousand Cuts","Blade Dance+1","Footwork","Madness","Madness","Noxious Fumes","Acrobatics+1","Blur+1","Phantasmal Killer","Infinite Blades"],"relics":["Ring of the Snake","NeowsBlessing","Centennial Puzzle","Pocketwatch","Paper Crane","Unceasing Top","Cursed Key","Ancient Tea Set","Question Card","Art of War","WristBlade","Vajra","Frozen Eye","Oddly Smooth Stone","Bottled Tornado","Blood Vial"],"potions_floor_usage":[7,14,22,25,27,27,27,35,42,47,47],"damage_taken":[{"damage":0,"enemies":"2 Louse","floor":1,"turns":1},{"damage":0,"enemies":"Small Slimes","floor":2,"turns":1},{"damage":0,"enemies":"Cultist","floor":3,"turns":1},{"damage":9,"enemies":"Exordium Wildlife","floor":4,"turns":5},{"damage":10,"enemies":"3 Sentries","floor":6,"turns":6},{"damage":17,"enemies":"Large Slime","floor":7,"turns":6},{"damage":13,"enemies":"Gremlin Nob","floor":13,"turns":4},{"damage":4,"enemies":"3 Sentries","floor":14,"turns":6},{"damage":22,"enemies":"Slime Boss","floor":16,"turns":10},{"damage":10,"enemies":"Chosen","floor":18,"turns":5},{"damage":4,"enemies":"Shell Parasite","floor":20,"turns":5},{"damage":5,"enemies":"Snecko","floor":21,"turns":4},{"damage":10,"enemies":"Sentry and Sphere","floor":22,"turns":6},{"damage":23,"enemies":"Gremlin Leader","floor":23,"turns":6},{"damage":9,"enemies":"Chosen and Byrds","floor":25,"turns":6},{"damage":10,"enemies":"Cultist and Chosen","floor":27,"turns":6},{"damage":0,"enemies":"Automaton","floor":33,"turns":10},{"damage":23,"enemies":"3 Darklings","floor":35,"turns":5},{"damage":3,"enemies":"Orb Walker","floor":40,"turns":4},{"damage":9,"enemies":"Jaw Worm Horde","floor":41,"turns":5},{"damage":12,"enemies":"Giant Head","floor":42,"turns":9},{"damage":15,"enemies":"Nemesis","floor":44,"turns":9},{"damage":29,"enemies":"Writhing Mass","floor":47,"turns":6}],"seed_played":"-2436264644313635341","potions_obtained":[{"floor":2,"key":"Regen Potion"},{"floor":7,"key":"EssenceOfSteel"},{"floor":13,"key":"Poison Potion"},{"floor":16,"key":"GhostInAJar"},{"floor":21,"key":"AttackPotion"},{"floor":23,"key":"Explosive Potion"},{"floor":25,"key":"PowerPotion"},{"floor":27,"key":"Weak Potion"},{"floor":41,"key":"Strength Potion"},{"floor":42,"key":"Swift Potion"}],"is_trial":false,"path_per_floor":["M","M","M","M","$","E","M","?","T","?","R","$","E","?","R","B",null,"M","?","M","M","M","E","R","M","T","M","$","R","?","?","R","B",null,"M","?","$","?","$","M","M","E","T","E","$","?","M"],"character_chosen":"THE_SILENT","items_purchased":["Footwork","Dash","Well Laid Plans","Bandage Up","Footwork","Vajra","Frozen Eye","AttackPotion","Explosive Potion","Oddly Smooth Stone","Noxious Fumes","Infinite Blades"],"campfire_rested":4,"item_purchase_floors":[5,5,12,28,37,37,37,37,37,39,39,45],"current_hp_per_floor":[70,70,70,61,61,51,46,32,32,32,53,53,40,36,57,35,70,60,60,56,51,41,18,39,30,30,20,20,41,41,64,64,68,70,51,51,51,42,42,43,38,30,30,19,19,19,0],"gold":17,"neow_bonus":"THREE_ENEMY_KILL","is_prod":false,"is_daily":false,"chose_seed":false,"campfire_upgraded":1,"win_rate":0,"timestamp":1552179247,"path_taken":["M","M","M","M","$","E","M","?","T","?","R","$","E","?","R","BOSS","M","?","M","M","?","E","R","M","T","M","$","R","?","?","R","BOSS","M","?","$","?","$","M","M","E","T","E","$","?","?"],"build_version":"2019-01-23","purchased_purges":5,"victory":false,"max_hp_per_floor":[70,70,70,70,70,70,70,70,70,70,70,70,70,70,70,70,70,70,70,70,70,70,70,70,70,70,70,70,70,70,70,70,70,70,70,70,70,70,70,70,70,70,70,70,70,70,70],"card_choices":[{"not_picked":["Underhanded Strike","Deflect"],"picked":"Deadly Poison","floor":1},{"not_picked":["Expertise","Tactician"],"picked":"Crippling Poison","floor":2},{"not_picked":["Prepared","Bane"],"picked":"Noxious Fumes","floor":3},{"not_picked":["Underhanded Strike","Deflect"],"picked":"Poisoned Stab","floor":4},{"not_picked":["Infinite Blades","Quick Slash"],"picked":"Sucker Punch","floor":6},{"not_picked":["Prepared","Deadly Poison"],"picked":"Infinite Blades","floor":7},{"not_picked":["Poisoned Stab","Tactician"],"picked":"Backstab","floor":13},{"not_picked":["Quick Slash","Masterful Stab"],"picked":"Cloak And Dagger","floor":14},{"not_picked":["Doppelganger","Envenom"],"picked":"Burst","floor":16},{"not_picked":["Predator+1","Cloak And Dagger+1"],"picked":"Outmaneuver+1","floor":18},{"not_picked":["Dash+1","Masterful Stab"],"picked":"Crippling Poison","floor":20},{"not_picked":["Bane","Quick Slash","All Out Attack"],"picked":"SKIP","floor":21},{"not_picked":["Outmaneuver","Cloak And Dagger"],"picked":"Footwork","floor":22},{"not_picked":["Distraction","Slice"],"picked":"Footwork","floor":23},{"not_picked":["Poisoned Stab+1","Storm of Steel"],"picked":"Concentrate","floor":25},{"not_picked":["Cloak And Dagger+1","Bane","Outmaneuver"],"picked":"Catalyst","floor":27},{"not_picked":["Die Die Die","Corpse Explosion","Grand Finale"],"picked":"A Thousand Cuts","floor":33},{"not_picked":["Underhanded Strike+1","Dagger Throw+1","Dash+1"],"picked":"Blade Dance+1","floor":35},{"not_picked":["Dagger Throw","Flying Knee","Dodge and Roll"],"picked":"Acrobatics+1","floor":40},{"not_picked":["Dash","Infinite Blades","Eviscerate+1"],"picked":"Blur+1","floor":41},{"not_picked":["Dodge and Roll","Skewer","Cloak And Dagger"],"picked":"Phantasmal Killer","floor":42},{"not_picked":["Sucker Punch","Dodge and Roll","Bouncing Flask","Reflex"],"picked":"SKIP","floor":44}],"player_experience":364064,"relics_obtained":[{"floor":6,"key":"Centennial Puzzle"},{"floor":9,"key":"Pocketwatch"},{"floor":13,"key":"Paper Crane"},{"floor":14,"key":"Unceasing Top"},{"floor":23,"key":"Ancient Tea Set"},{"floor":26,"key":"Question Card"},{"floor":43,"key":"Bottled Tornado"},{"floor":44,"key":"Blood Vial"}],"event_choices":[{"damage_healed":0,"gold_gain":0,"player_choice":"Entered Light","damage_taken":14,"max_hp_gain":0,"max_hp_loss":0,"event_name":"Shining Light","floor":8,"gold_loss":0,"cards_upgraded":["Deadly Poison","Defend_G"]},{"damage_healed":0,"gold_gain":69,"player_choice":"Gained Gold","damage_taken":0,"max_hp_gain":0,"max_hp_loss":0,"event_name":"Golden Wing","floor":10,"gold_loss":0},{"damage_healed":0,"gold_gain":0,"player_choice":"Searched \u00271\u0027 times","damage_taken":0,"max_hp_gain":0,"max_hp_loss":0,"event_name":"Dead Adventurer","floor":14,"gold_loss":0},{"damage_healed":0,"gold_gain":0,"player_choice":"Bet on Murderer","damage_taken":0,"max_hp_gain":0,"max_hp_loss":0,"event_name":"The Joust","floor":19,"gold_loss":50},{"damage_healed":0,"gold_gain":0,"player_choice":"Opened","damage_taken":0,"relics_obtained":["Art of War"],"max_hp_gain":0,"max_hp_loss":0,"event_name":"The Mausoleum","floor":30,"gold_loss":0},{"damage_healed":23,"gold_gain":0,"player_choice":"Heal","damage_taken":0,"max_hp_gain":0,"max_hp_loss":0,"event_name":"The Library","floor":31,"gold_loss":0},{"damage_healed":0,"gold_gain":999,"player_choice":"Gold","damage_taken":0,"max_hp_gain":0,"max_hp_loss":0,"event_name":"MindBloom","floor":36,"gold_loss":0,"cards_obtained":["Normality","Normality"]},{"damage_healed":0,"gold_gain":0,"player_choice":"Embrace Madness","damage_taken":9,"max_hp_gain":0,"max_hp_loss":0,"event_name":"Winding Halls","floor":38,"gold_loss":0,"cards_obtained":["Madness","Madness"]},{"damage_healed":0,"gold_gain":0,"player_choice":"Got Potions","damage_taken":0,"max_hp_gain":0,"max_hp_loss":0,"event_name":"Lab","floor":46,"gold_loss":0}],"is_beta":false,"boss_relics":[{"not_picked":["Snecko Eye","Pandora\u0027s Box"],"picked":"Cursed Key"},{"not_picked":["Velvet Choker","White Beast Statue"],"picked":"WristBlade"}],"items_purged_floors":[12,28,37,39,45],"is_endless":false,"potions_floor_spawned":[2,7,13,16,21,23,25,27,41,42,44],"killed_by":"Writhing Mass","ascension_level":3}