{"gold_per_floor":[214,164,21,96,108,108,125,141,141,141,157,175,190,222,222,325,325,337,353,82,102,115,115,134,0,54,65,65,77,92,107,107,207,207,219,232,232,132,142,142,142,153,153,153,172,185,195,45,45,45],"floor_reached":51,"playtime":2873,"items_purged":["Gash","Gash"],"score":778,"play_id":"7e18428b-7286-43c2-b315-e4790f92432e","local_time":"20181019211603","is_ascension_mode":true,"campfire_choices":[{"data":"Zap","floor":6,"key":"SMITH"},{"floor":15,"key":"REST"},{"data":"Chill","floor":23,"key":"SMITH"},{"floor":28,"key":"REST"},{"floor":32,"key":"REST"},{"data":"Barrage","floor":40,"key":"SMITH"},{"floor":44,"key":"REST"},{"floor":49,"key":"REST"}],"neow_cost":"NONE","seed_source_timestamp":735672210174900,"circlet_count":0,"master_deck":["Zap+1","Dualcast","Cold Snap","Double Energy","Cold Snap","Barrage","BootSequence","Core Surge","Barrage+1","Lockon","Capacitor+1","Sweeping Beam","Ball Lightning","Conserve Battery","Cold Snap+1","Chill+1","Loop+1","Cold Snap","Defragment+1","Electrodynamics+1","Defragment+1","Loop+1","Auto Shields+1","Barrage+1","Buffer+1","Defragment+1","Glacier","Barrage+1"],"relics":["Cracked Core","Oddly Smooth Stone","Frozen Egg 2","Dream Catcher","Pandora\u0027s Box","ClockworkSouvenir","Centennial Puzzle","Runic Pyramid","Emotion Chip","Thread and Needle"],"potions_floor_usage":[14,16,21,29,33,33,39,42,42],"damage_taken":[{"damage":6,"enemies":"2 Louse","floor":1,"turns":2},{"damage":6,"enemies":"Jaw Worm","floor":5,"turns":3},{"damage":14,"enemies":"Small Slimes","floor":7,"turns":2},{"damage":0,"enemies":"Exordium Thugs","floor":8,"turns":3},{"damage":0,"enemies":"Looter","floor":11,"turns":3},{"damage":8,"enemies":"Gremlin Gang","floor":12,"turns":6},{"damage":4,"enemies":"2 Fungi Beasts","floor":13,"turns":3},{"damage":13,"enemies":"3 Sentries","floor":14,"turns":8},{"damage":33,"enemies":"Slime Boss","floor":16,"turns":7},{"damage":11,"enemies":"3 Byrds","floor":18,"turns":4},{"damage":14,"enemies":"2 Thieves","floor":19,"turns":3},{"damage":10,"enemies":"3 Cultists","floor":21,"turns":5},{"damage":1,"enemies":"Cultist and Chosen","floor":22,"turns":5},{"damage":11,"enemies":"Centurion and Healer","floor":24,"turns":8},{"damage":17,"enemies":"Sentry and Sphere","floor":27,"turns":6},{"damage":20,"enemies":"Snake Plant","floor":29,"turns":6},{"damage":0,"enemies":"Snecko","floor":30,"turns":5},{"damage":0,"enemies":"Centurion and Healer","floor":31,"turns":7},{"damage":12,"enemies":"Automaton","floor":33,"turns":11},{"damage":4,"enemies":"3 Darklings","floor":35,"turns":3},{"damage":11,"enemies":"Orb Walker","floor":36,"turns":3},{"damage":0,"enemies":"Spire Growth","floor":39,"turns":5},{"damage":0,"enemies":"Mind Bloom Boss Battle","floor":41,"turns":6},{"damage":22,"enemies":"Transient","floor":42,"turns":5},{"damage":0,"enemies":"Maw","floor":45,"turns":6},{"damage":0,"enemies":"Sphere and 2 Shapes","floor":46,"turns":5},{"damage":32,"enemies":"Transient","floor":47,"turns":5},{"damage":19,"enemies":"Time Eater","floor":50,"turns":10}],"seed_played":"7891764164777704624","potions_obtained":[{"floor":8,"key":"EssenceOfSteel"},{"floor":11,"key":"GamblersBrew"},{"floor":13,"key":"PowerPotion"},{"floor":16,"key":"LiquidBronze"},{"floor":19,"key":"Regen Potion"},{"floor":27,"key":"SkillPotion"},{"floor":31,"key":"Energy Potion"},{"floor":35,"key":"Regen Potion"},{"floor":36,"key":"Poison Potion"},{"floor":41,"key":"GamblersBrew"}],"is_trial":false,"path_per_floor":["M","?","$","?","M","R","M","M","T","?","M","M","M","E","R","B",null,"M","M","$","M","M","R","M","?","T","M","R","M","M","M","R","B",null,"M","M","?","$","M","R","?","M","T","R","M","M","M","$","R","B"],"character_chosen":"DEFECT","items_purchased":["Oddly Smooth Stone","ClockworkSouvenir","Defragment+1","Glacier"],"campfire_rested":5,"item_purchase_floors":[3,20,48,48],"current_hp_per_floor":[69,69,69,58,52,52,38,38,38,75,75,67,63,50,72,39,75,64,50,50,54,53,53,42,42,42,25,47,27,27,27,49,37,75,71,60,60,60,65,65,65,43,43,65,65,65,33,33,55,36],"gold":45,"neow_bonus":"HUNDRED_GOLD","is_prod":false,"is_daily":false,"chose_seed":false,"campfire_upgraded":3,"win_rate":0,"timestamp":1539976563,"path_taken":["M","?","$","?","?","R","M","M","T","?","M","?","M","E","R","BOSS","M","?","$","M","M","R","M","?","T","M","R","M","M","?","R","BOSS","M","M","?","?","M","R","?","M","T","R","M","M","M","?","R","BOSS"],"build_version":"2018-10-18","purchased_purges":2,"victory":true,"max_hp_per_floor":[75,75,75,75,75,75,75,75,75,75,75,75,75,75,75,75,75,75,75,75,75,75,75,75,75,75,75,75,75,75,75,75,75,75,75,75,75,75,75,75,75,75,75,75,75,75,75,75,75,75],"card_choices":[{"not_picked":["Conserve Battery","Coolheaded","Ball Lightning"],"picked":"SKIP","floor":1},{"not_picked":["Undo","Gash","Melter"],"picked":"SKIP","floor":5},{"not_picked":["Gash","Stack","Coolheaded"],"picked":"SKIP","floor":7},{"not_picked":["Auto Shields","Redo"],"picked":"Cold Snap","floor":8},{"not_picked":["Steam","Skim"],"picked":"Double Energy","floor":11},{"not_picked":["Compile Driver","Ball Lightning"],"picked":"Cold Snap","floor":12},{"not_picked":["Streamline","Beam Cell","Go for the Eyes"],"picked":"SKIP","floor":13},{"not_picked":["Reboot","Sunder"],"picked":"Barrage","floor":14},{"not_picked":["Sweeping Beam","Compile Driver"],"picked":"BootSequence","floor":15},{"not_picked":["Rainbow","Hyperbeam"],"picked":"Core Surge","floor":16},{"not_picked":["Hologram","Beam Cell+1"],"picked":"Conserve Battery","floor":18},{"not_picked":["Beam Cell","Leap+1"],"picked":"Cold Snap+1","floor":19},{"not_picked":["Sweeping Beam","Turbo","Steam"],"picked":"SKIP","floor":21},{"not_picked":["Coolheaded+1","Skim+1"],"picked":"Chill","floor":22},{"not_picked":["Aggregate","Seek"],"picked":"Loop+1","floor":24},{"not_picked":["Rebound","Ball Lightning"],"picked":"Cold Snap","floor":27},{"not_picked":["Storm+1","Aggregate"],"picked":"Defragment+1","floor":28},{"not_picked":["Coolheaded","Recycle","Hello World+1"],"picked":"SKIP","floor":29},{"not_picked":["BootSequence","Machine Learning+1","Double Energy"],"picked":"SKIP","floor":30},{"not_picked":["Steam+1","Hologram","Hello World+1"],"picked":"SKIP","floor":31},{"not_picked":["Buffer+1","All For One"],"picked":"Electrodynamics+1","floor":33},{"not_picked":["Rebound","Recycle+1"],"picked":"Defragment+1","floor":35},{"not_picked":["Undo+1","Reinforced Body","Redo"],"picked":"SKIP","floor":36},{"not_picked":["Go for the Eyes+1","Chill+1"],"picked":"Loop+1","floor":39},{"not_picked":["Consume","Sweeping Beam","Double Energy"],"picked":"SKIP","floor":42},{"not_picked":["Melter+1","Stack"],"picked":"Auto Shields+1","floor":45},{"not_picked":["Stack","Go for the Eyes"],"picked":"Barrage+1","floor":46},{"not_picked":["Recycle","Rebound+1"],"picked":"Buffer+1","floor":47},{"not_picked":["Lockon","Cold Snap"],"picked":"Barrage+1","floor":49}],"player_experience":177077,"relics_obtained":[{"floor":9,"key":"Frozen Egg 2"},{"floor":14,"key":"Dream Catcher"},{"floor":26,"key":"Centennial Puzzle"},{"floor":41,"key":"Emotion Chip"},{"floor":43,"key":"Thread and Needle"}],"event_choices":[{"cards_removed":["Strike_B"],"damage_healed":0,"gold_gain":0,"player_choice":"Card Removal","damage_taken":0,"max_hp_gain":0,"max_hp_loss":0,"event_name":"The Cleric","floor":2,"gold_loss":50},{"damage_healed":0,"gold_gain":75,"player_choice":"Gather Gold","damage_taken":11,"max_hp_gain":0,"max_hp_loss":0,"event_name":"World of Goop","floor":4,"gold_loss":0},{"damage_healed":37,"gold_gain":0,"player_choice":"Full Heal","damage_taken":0,"max_hp_gain":0,"max_hp_loss":0,"event_name":"Wheel of Change","floor":10,"gold_loss":0},{"damage_healed":0,"gold_gain":0,"player_choice":"Paid Fearfully","damage_taken":0,"max_hp_gain":0,"max_hp_loss":0,"event_name":"Masked Bandits","floor":25,"gold_loss":134},{"damage_healed":0,"gold_gain":0,"player_choice":"Ignored","damage_taken":0,"max_hp_gain":0,"max_hp_loss":0,"event_name":"Tomb of Lord Red Mask","floor":37,"gold_loss":0},{"damage_healed":0,"gold_gain":0,"player_choice":"Fight","damage_taken":0,"max_hp_gain":0,"max_hp_loss":0,"event_name":"MindBloom","floor":41,"gold_loss":0}],"is_beta":false,"boss_relics":[{"not_picked":["Astrolabe","White Beast Statue"],"picked":"Pandora\u0027s Box"},{"not_picked":["Velvet Choker","Runic Dome"],"picked":"Runic Pyramid"}],"items_purged_floors":[20,38],"is_endless":false,"potions_floor_spawned":[8,11,13,16,19,27,31,35,36,41],"ascension_level":3}