{"gold_per_floor":[116,134,134,151,162,162,162,201,201,201,32,51,51,72,72,193,193,184,204,224,247,268,268,288,322,392,392,392,415,434,155,155,280,280,298,298,322,337,12,12,12,45,45,70,94,113,113,126,126,126],"floor_reached":51,"playtime":4857,"items_purged":["Injury","Pain"],"score":980,"play_id":"193995c9-867e-4c12-92ff-a98e407685b2","local_time":"20190412013526","is_ascension_mode":true,"campfire_choices":[{"floor":6.0,"key":"REST"},{"floor":10.0,"key":"REST"},{"floor":15.0,"key":"REST"},{"floor":23,"key":"REST"},{"floor":28,"key":"REST"},{"floor":32,"key":"REST"},{"floor":40,"key":"REST"},{"floor":47,"key":"REST"},{"floor":49,"key":"REST"}],"neow_cost":"NONE","seed_source_timestamp":81331172215903,"circlet_count":0,"master_deck":["Strike_B","Strike_B","Strike_B","Defend_B","Defend_B","Defend_B","Zap","Dualcast","Coolheaded","Capacitor","Leap","Streamline","Cold Snap","Chill","Ball Lightning","Creative AI","Auto Shields","Glacier","Blizzard","Chill","FTL","Coolheaded","Cold Snap","Self Repair","Ball Lightning+1","Melter","Amplify","Force Field","Skim","Self Repair","Panache","Hologram+1","Good Instincts+1","Defragment","Auto Shields","Parasite","Acrobatics+1","Mind Blast","Parasite","Darkness+1"],"special_seed":0,"relics":["Fusion Hammer","Golden Idol","Lantern","Orichalcum","Orrery","Pantograph","Question Card","PrismaticShard","Nuclear Battery","WarpedTongs","DataDisk","Art of War","Ornamental Fan"],"potions_floor_usage":[22,24,33,37,38,44,46,50],"damage_taken":[{"damage":2.0,"enemies":"Jaw Worm","floor":1.0,"turns":3.0},{"damage":2.0,"enemies":"Small Slimes","floor":2.0,"turns":4.0},{"damage":0.0,"enemies":"Cultist","floor":4.0,"turns":5.0},{"damage":40.0,"enemies":"Gremlin Gang","floor":5.0,"turns":6.0},{"damage":42.0,"enemies":"Gremlin Nob","floor":8.0,"turns":4.0},{"damage":4.0,"enemies":"2 Fungi Beasts","floor":12.0,"turns":4.0},{"damage":0.0,"enemies":"Looter","floor":14.0,"turns":3.0},{"damage":38.0,"enemies":"Slime Boss","floor":16.0,"turns":13.0},{"damage":8.0,"enemies":"2 Thieves","floor":18.0,"turns":4.0},{"damage":0.0,"enemies":"Spheric Guardian","floor":19.0,"turns":6.0},{"damage":12.0,"enemies":"Shelled Parasite and Fungi","floor":20.0,"turns":7.0},{"damage":0.0,"enemies":"Centurion and Healer","floor":21.0,"turns":10.0},{"damage":9,"enemies":"Snake Plant","floor":22,"turns":6},{"damage":19,"enemies":"Snecko","floor":24,"turns":6},{"damage":41,"enemies":"Slavers","floor":25,"turns":11},{"damage":4,"enemies":"Centurion and Healer","floor":29,"turns":10},{"damage":26,"enemies":"Chosen and Byrds","floor":30,"turns":8},{"damage":61,"enemies":"Automaton","floor":33,"turns":11},{"damage":5,"enemies":"3 Shapes","floor":35,"turns":6},{"damage":25,"enemies":"3 Darklings","floor":37,"turns":6},{"damage":28,"enemies":"Spire Growth","floor":38,"turns":9},{"damage":50,"enemies":"Nemesis","floor":42,"turns":11},{"damage":5,"enemies":"Writhing Mass","floor":44,"turns":12},{"damage":14,"enemies":"3 Darklings","floor":45,"turns":5},{"damage":46,"enemies":"Maw","floor":46,"turns":14},{"damage":14,"enemies":"Writhing Mass","floor":48,"turns":9},{"damage":60,"enemies":"Time Eater","floor":50,"turns":14}],"seed_played":"-5146905903508669201","potions_obtained":[{"floor":2.0,"key":"AttackPotion"},{"floor":4.0,"key":"LiquidBronze"},{"floor":5.0,"key":"Poison Potion"},{"floor":19.0,"key":"Block Potion"},{"floor":21.0,"key":"Poison Potion"},{"floor":22,"key":"Block Potion"},{"floor":30,"key":"Block Potion"},{"floor":33,"key":"AttackPotion"},{"floor":35,"key":"Fire Potion"},{"floor":37,"key":"Dexterity Potion"},{"floor":42,"key":"SpeedPotion"},{"floor":48,"key":"Weak Potion"}],"is_trial":false,"path_per_floor":["M","M","?","M","M","R","?","E","T","R","$","M","$","M","R","B",null,"M","M","M","M","M","R","M","E","T","?","R","M","M","$","R","B",null,"M","?","M","M","$","R","?","E","T","M","M","M","R","M","R","B",null],"character_chosen":"DEFECT","items_purchased":["Cold Snap","Chill","PrismaticShard","Self Repair","DataDisk","Defragment"],"campfire_rested":9,"item_purchase_floors":[11,11,31,31,39,39],"current_hp_per_floor":[66,64,64,64,24,46,46,4,4,26,26,22,22,22,44,6,58,50,50,38,38,36,58,53,19,19,19,41,44,25,25,47,25,63,72,72,61,47,47,69,69,43,43,55,48,19,41,41,63,22],"gold":126,"neow_bonus":"BOSS_RELIC","is_prod":false,"is_daily":false,"chose_seed":false,"campfire_upgraded":0,"win_rate":0,"timestamp":1555050926,"path_taken":["M","M","?","M","M","R","?","E","T","R","$","M","?","M","R","BOSS","M","?","?","M","M","R","?","E","T","?","R","M","M","$","R","BOSS","M","?","M","?","$","R","?","E","T","M","?","M","R","M","R","BOSS"],"build_version":"2019-01-23","purchased_purges":2,"victory":true,"max_hp_per_floor":[75,75,75,75,75,75,75,75,75,75,75,75,75,75,75,75,75,75,75,75,75,75,75,75,75,75,75,75,75,75,75,75,75,75,75,75,75,75,75,75,75,75,75,75,75,75,75,75,75,75],"card_choices":[{"not_picked":["Sweeping Beam","Blizzard"],"picked":"Coolheaded","floor":1.0},{"not_picked":["Steam","Rebound"],"picked":"Capacitor","floor":2.0},{"not_picked":["Turbo","Undo"],"picked":"Leap","floor":4.0},{"not_picked":["Skim","Sweeping Beam","Steam Power"],"picked":"SKIP","floor":5.0},{"not_picked":["Reprogram","Compile Driver"],"picked":"Streamline","floor":8.0},{"not_picked":["Capacitor","Tempest"],"picked":"Ball Lightning","floor":12.0},{"not_picked":["Tempest","Hyperbeam","Scrape"],"picked":"SKIP","floor":14.0},{"not_picked":["All For One","Thunder Strike"],"picked":"Creative AI","floor":16.0},{"not_picked":["Leap","Redo"],"picked":"Auto Shields","floor":17.0},{"not_picked":["Cold Snap","Conserve Battery"],"picked":"Glacier","floor":17.0},{"not_picked":["Lockon","Fission"],"picked":"Blizzard","floor":17.0},{"not_picked":["Redo","Stack"],"picked":"Chill","floor":17.0},{"not_picked":["Steam","Hello World"],"picked":"FTL","floor":17.0},{"not_picked":["Turbo","Steam"],"picked":"Coolheaded","floor":18.0},{"not_picked":["Steam+1","FTL+1"],"picked":"Cold Snap","floor":19.0},{"not_picked":["Sweeping Beam","Fusion+1","Go for the Eyes"],"picked":"SKIP","floor":20.0},{"not_picked":["Barrage","Amplify"],"picked":"Self Repair","floor":21.0},{"not_picked":["Steam","Beam Cell"],"picked":"Ball Lightning+1","floor":22},{"not_picked":["Rebound","Leap"],"picked":"Melter","floor":24},{"not_picked":["Go for the Eyes","Beam Cell"],"picked":"Amplify","floor":25},{"not_picked":["Stack","Redo+1","Beam Cell","Conserve Battery"],"picked":"SKIP","floor":29},{"not_picked":["Doom and Gloom","Turbo","Hologram","Double Energy+1"],"picked":"SKIP","floor":30},{"not_picked":["Meteor Strike","Magnetism","Envenom"],"picked":"Panache","floor":33},{"not_picked":["Wild Strike","Twin Strike+1","Flying Knee+1"],"picked":"Hologram+1","floor":35},{"not_picked":["Barrage+1","Turbo","Hyperbeam"],"picked":"Good Instincts+1","floor":37},{"not_picked":["True Grit+1","Ball Lightning+1","Warcry+1","Deadly Poison+1"],"picked":"SKIP","floor":38},{"not_picked":["Dodge and Roll+1","Reflex","Go for the Eyes+1"],"picked":"Auto Shields","floor":42},{"not_picked":["Sweeping Beam+1","Warcry+1","Die Die Die"],"picked":"Acrobatics+1","floor":44},{"not_picked":["Hemokinesis+1","Concentrate","Pommel Strike","Combust"],"picked":"SKIP","floor":45},{"not_picked":["Power Through","Fire Breathing+1","Terror+1"],"picked":"Mind Blast","floor":46},{"not_picked":["Twin Strike+1","Slice","Deadly Poison"],"picked":"Darkness+1","floor":48}],"player_experience":424913,"relics_obtained":[{"floor":8.0,"key":"Lantern"},{"floor":9.0,"key":"Orichalcum"},{"floor":25,"key":"Pantograph"},{"floor":26,"key":"Question Card"},{"floor":42,"key":"Art of War"},{"floor":43,"key":"Ornamental Fan"}],"event_choices":[{"damage_healed":0.0,"max_hp_gain":0.0,"max_hp_loss":0.0,"gold_gain":0.0,"event_name":"Golden Wing","player_choice":"Ignored","floor":3.0,"gold_loss":0.0,"damage_taken":0.0},{"damage_healed":0.0,"max_hp_gain":0.0,"max_hp_loss":0.0,"gold_gain":0.0,"event_name":"Golden Idol","player_choice":"Take Wound","floor":7.0,"gold_loss":0.0,"damage_taken":0.0,"relics_obtained":["Golden Idol"],"cards_obtained":["Injury"]},{"damage_healed":0,"gold_gain":0,"cards_transformed":["Strike_B","Defend_B"],"player_choice":"Became Test Subject","damage_taken":0,"max_hp_gain":0,"max_hp_loss":0,"event_name":"Drug Dealer","floor":27,"gold_loss":0,"cards_obtained":["Force Field","Skim"]},{"damage_healed":0,"gold_gain":0,"player_choice":"Rummage","damage_taken":0,"relics_obtained":["WarpedTongs"],"max_hp_gain":0,"max_hp_loss":0,"event_name":"Accursed Blacksmith","floor":36,"gold_loss":0,"cards_obtained":["Pain"]},{"damage_healed":0,"gold_gain":0,"player_choice":"Ignored","damage_taken":0,"max_hp_gain":0,"max_hp_loss":0,"event_name":"SecretPortal","floor":41,"gold_loss":0}],"is_beta":false,"boss_relics":[{"not_picked":["Black Star","White Beast Statue"],"picked":"Orrery"},{"not_picked":["Velvet Choker","Cursed Key"],"picked":"Nuclear Battery"}],"items_purged_floors":[11,39],"is_endless":false,"potions_floor_spawned":[2,4,5,19,21,22,30,33,35,37,42,48],"ascension_level":8}