{"gold_per_floor":[119,119,194,214,226,226,255,255,282,282,298,298,331,2,2,99,99,115,115,126,51,71,71],"floor_reached":23,"playtime":1352,"items_purged":["Defend_B"],"score":279,"play_id":"6ac383a1-4a8b-4305-bc35-528a2be33eee","local_time":"20190405235025","is_ascension_mode":true,"campfire_choices":[{"data":"Zap","floor":6,"key":"SMITH"},{"floor":8,"key":"REST"},{"data":"Dualcast","floor":10,"key":"SMITH"},{"data":"Loop","floor":15,"key":"SMITH"}],"neow_cost":"NONE","seed_source_timestamp":73464792708199,"circlet_count":0,"master_deck":["Strike_B","Strike_B","Strike_B","Defend_B","Zap+1","Dualcast+1","Cold Snap","Glacier","Ball Lightning","Redo","Loop+1","Leap","Ball Lightning","All For One","Chill","Beam Cell","Ball Lightning","Leap","Darkness+1"],"relics":["Runic Pyramid","Art of War","Regal Pillow","PreservedInsect","Matryoshka","Happy Flower","Black Star"],"potions_floor_usage":[],"damage_taken":[{"damage":7,"enemies":"Jaw Worm","floor":1,"turns":3},{"damage":6,"enemies":"2 Louse","floor":4,"turns":4},{"damage":0,"enemies":"Small Slimes","floor":5,"turns":4},{"damage":11,"enemies":"Lagavulin","floor":7,"turns":7},{"damage":8,"enemies":"2 Fungi Beasts","floor":11,"turns":3},{"damage":7,"enemies":"Gremlin Nob","floor":13,"turns":4},{"damage":11,"enemies":"Hexaghost","floor":16,"turns":10},{"damage":7,"enemies":"Chosen","floor":18,"turns":5},{"damage":14,"enemies":"Shell Parasite","floor":20,"turns":5},{"damage":12,"enemies":"Snake Plant","floor":22,"turns":5},{"damage":43,"enemies":"Gremlin Leader","floor":23,"turns":6}],"seed_played":"-3895608595575791160","potions_obtained":[{"floor":7,"key":"Fire Potion"},{"floor":11,"key":"EssenceOfSteel"},{"floor":13,"key":"Energy Potion"}],"is_trial":false,"path_per_floor":["M","?","?","M","M","R","E","R","T","R","M","?","E","$","R","B",null,"M","?","M","$","M","E"],"character_chosen":"DEFECT","items_purchased":["Happy Flower","Loop","Leap","Ball Lightning"],"campfire_rested":1,"item_purchase_floors":[14,14,14,14],"current_hp_per_floor":[61,49,38,32,32,32,21,58,58,58,50,50,43,43,43,32,64,57,57,43,43,31,0],"gold":71,"neow_bonus":"BOSS_RELIC","is_prod":false,"is_daily":false,"chose_seed":false,"campfire_upgraded":3,"win_rate":0,"timestamp":1554526225,"path_taken":["M","?","?","M","M","R","E","R","T","R","M","?","E","$","R","BOSS","M","?","M","$","M","E"],"build_version":"2019-01-23","purchased_purges":1,"victory":false,"max_hp_per_floor":[75,75,75,75,75,75,75,75,75,75,75,75,75,75,75,75,75,75,75,75,75,75,75],"card_choices":[{"not_picked":["Go for the Eyes","Capacitor"],"picked":"Cold Snap","floor":1},{"not_picked":["Steam","Skim"],"picked":"Glacier","floor":4},{"not_picked":["FTL","Steam"],"picked":"Ball Lightning","floor":5},{"not_picked":["Hyperbeam","Steam","Beam Cell"],"picked":"SKIP","floor":7},{"not_picked":["Hologram","Go for the Eyes","Steam"],"picked":"SKIP","floor":11},{"not_picked":["Steam","Storm"],"picked":"Redo","floor":13},{"not_picked":["Biased Cognition","Multi-Cast"],"picked":"All For One","floor":16},{"not_picked":["Conserve Battery+1","Cold Snap"],"picked":"Chill","floor":18},{"not_picked":["Steam Power","Streamline"],"picked":"Leap","floor":20},{"not_picked":["Cold Snap","Ball Lightning"],"picked":"Darkness+1","floor":22}],"player_experience":419945,"relics_obtained":[{"floor":7,"key":"Regal Pillow"},{"floor":9,"key":"PreservedInsect"},{"floor":13,"key":"Matryoshka"}],"event_choices":[{"damage_healed":0,"gold_gain":0,"player_choice":"Success","damage_taken":12,"relics_obtained":["Art of War"],"max_hp_gain":0,"max_hp_loss":0,"event_name":"Scrap Ooze","floor":2,"gold_loss":0},{"damage_healed":0,"gold_gain":75,"player_choice":"Gather Gold","damage_taken":11,"max_hp_gain":0,"max_hp_loss":0,"event_name":"World of Goop","floor":3,"gold_loss":0},{"cards_removed":["Defend_B"],"damage_healed":0,"gold_gain":0,"player_choice":"Forget","damage_taken":0,"max_hp_gain":0,"max_hp_loss":0,"event_name":"Living Wall","floor":12,"gold_loss":0},{"damage_healed":0,"gold_gain":0,"cards_transformed":["Strike_B","Defend_B"],"player_choice":"Became Test Subject","damage_taken":0,"max_hp_gain":0,"max_hp_loss":0,"event_name":"Drug Dealer","floor":19,"gold_loss":0,"cards_obtained":["Beam Cell","Ball Lightning"]}],"is_beta":false,"boss_relics":[{"not_picked":["Inserter","Pandora\u0027s Box"],"picked":"Black Star"}],"items_purged_floors":[21],"is_endless":false,"potions_floor_spawned":[7,11,13,20],"killed_by":"Gremlin Leader","ascension_level":8}