{"gold_per_floor":[119,134,134,144,157,170,170,199,199,199,199,199,230,250,250,346,346,356,369,384,384,404,160,160,174,174,174,17,27,44,54,54,156,156,175,175,2,0,0,0,28,39,39,39,39,66,81,99,99,99],"floor_reached":51,"playtime":3002,"items_purged":["Strike_G","Strike_G"],"score":785,"play_id":"3d13a533-c6d4-4fe8-9f69-628448c5bc0f","local_time":"20190422080917","is_ascension_mode":true,"campfire_choices":[{"data":"Neutralize","floor":10,"key":"SMITH"},{"data":"Dagger Spray","floor":12,"key":"SMITH"},{"data":"Terror","floor":15,"key":"SMITH"},{"data":"A Thousand Cuts","floor":24,"key":"SMITH"},{"floor":27,"key":"REST"},{"floor":32,"key":"REST"},{"data":"Cloak And Dagger","floor":40,"key":"SMITH"},{"floor":44,"key":"REST"},{"floor":49,"key":"REST"}],"neow_cost":"NONE","seed_source_timestamp":945396654458593,"circlet_count":0,"master_deck":["Defend_G+1","Defend_G","Defend_G","Defend_G","Defend_G","Strike_G","Survivor","Neutralize+1","Dagger Spray+1","Terror+1","Backflip+1","Cloak And Dagger","A Thousand Cuts+1","Blade Dance+1","Cloak And Dagger","Cloak And Dagger+1","PiercingWail","After Image","Leg Sweep","Deep Breath","Footwork+1","Blade Dance+1"],"relics":["Ring of the Snake","Gremlin Horn","Odd Mushroom","Blue Candle","Boot","Sozu","Bronze Scales","FossilizedHelix","War Paint","Black Star","Red Mask","Anchor","Bag of Preparation","Du-Vu Doll","Tingsha","Dream Catcher"],"potions_floor_usage":[5,6,8],"damage_taken":[{"damage":0,"enemies":"2 Louse","floor":1,"turns":2},{"damage":0,"enemies":"Small Slimes","floor":2,"turns":2},{"damage":0,"enemies":"Cultist","floor":4,"turns":3},{"damage":0,"enemies":"3 Louse","floor":5,"turns":2},{"damage":0,"enemies":"Exordium Wildlife","floor":6,"turns":2},{"damage":9,"enemies":"The Mushroom Lair","floor":8,"turns":4},{"damage":20,"enemies":"Lagavulin","floor":13,"turns":8},{"damage":0,"enemies":"Red Slaver","floor":14,"turns":3},{"damage":1,"enemies":"The Guardian","floor":16,"turns":13},{"damage":0,"enemies":"Chosen","floor":18,"turns":4},{"damage":0,"enemies":"3 Byrds","floor":19,"turns":3},{"damage":19,"enemies":"Snake Plant","floor":20,"turns":4},{"damage":16,"enemies":"Shelled Parasite and Fungi","floor":22,"turns":5},{"damage":12,"enemies":"Snecko","floor":25,"turns":5},{"damage":0,"enemies":"Snake Plant","floor":29,"turns":4},{"damage":0,"enemies":"Chosen and Byrds","floor":30,"turns":3},{"damage":0,"enemies":"Centurion and Healer","floor":31,"turns":4},{"damage":38,"enemies":"Champ","floor":33,"turns":17},{"damage":0,"enemies":"Orb Walker","floor":35,"turns":3},{"damage":22,"enemies":"Nemesis","floor":41,"turns":9},{"damage":0,"enemies":"3 Darklings","floor":42,"turns":6},{"damage":43,"enemies":"Giant Head","floor":46,"turns":10},{"damage":0,"enemies":"Spire Growth","floor":47,"turns":6},{"damage":0,"enemies":"Jaw Worm Horde","floor":48,"turns":3},{"damage":15,"enemies":"Awakened One","floor":50,"turns":17}],"seed_played":"-2540874850346567503","potions_obtained":[{"floor":1,"key":"PowerPotion"},{"floor":2,"key":"FairyPotion"},{"floor":4,"key":"SteroidPotion"},{"floor":5,"key":"Explosive Potion"}],"is_trial":false,"path_per_floor":["?","?","?","?","?","M","?","?","$","?"],"character_chosen":"THE_SILENT","items_purchased":["Bronze Scales","Cloak And Dagger","War Paint","Leg Sweep"],"campfire_rested":4,"item_purchase_floors":[23,23,28,37],"current_hp_per_floor":[70,70,70,70,70,70,58,49,49,49,42,42,22,22,22,21,70,70,70,51,51,35,35,35,23,23,44,44,44,44,44,65,27,70,70,70,70,70,70,70,48,48,48,69,69,26,26,26,47,32],"gold":99,"neow_bonus":"TRANSFORM_CARD","is_prod":false,"is_daily":false,"chose_seed":false,"campfire_upgraded":5,"win_rate":0,"timestamp":1555938557,"path_taken":["M","M","?","M","M","M","?","?","T","R","?","R","E","M","R","BOSS","M","M","M","?","?","$","R","M","T","R","$","M","M","M","R","BOSS","M","?","$","?","?","R","E","M","T","R","?","E","M","M","R","BOSS"],"build_version":"2019-01-23","purchased_purges":2,"victory":true,"max_hp_per_floor":[70,70,70,70,70,70,70,70,70,70,70,70,70,70,70,70,70,70,70,70,70,70,70,70,70,70,70,70,70,70,70,70,70,70,70,70,70,70,70,70,70,70,70,70,70,70,70,70,70,70],"card_choices":[{"not_picked":["Finisher","Blade Dance"],"picked":"Terror","floor":1},{"not_picked":["Slice","Sucker Punch","Riddle With Holes"],"picked":"SKIP","floor":2},{"not_picked":["Dodge and Roll","Deflect"],"picked":"Backflip","floor":4},{"not_picked":["Flechettes","Tactician"],"picked":"Cloak And Dagger","floor":5},{"not_picked":["Tactician","Outmaneuver","Terror"],"picked":"SKIP","floor":6},{"not_picked":["Storm of Steel","Underhanded Strike","Poisoned Stab"],"picked":"SKIP","floor":13},{"not_picked":["Quick Slash","Underhanded Strike"],"picked":"Predator","floor":14},{"not_picked":["Venomology","Doppelganger"],"picked":"A Thousand Cuts","floor":16},{"not_picked":["Poisoned Stab","Catalyst","Heel Hook"],"picked":"SKIP","floor":18},{"not_picked":["Outmaneuver+1","PiercingWail"],"picked":"Blade Dance+1","floor":19},{"not_picked":["Acrobatics","Setup+1","Expertise"],"picked":"SKIP","floor":20},{"not_picked":["Skewer+1","Prepared","Outmaneuver"],"picked":"SKIP","floor":22},{"not_picked":["Unload","Reflex","Predator"],"picked":"SKIP","floor":25},{"not_picked":["Tactician","Catalyst+1"],"picked":"Cloak And Dagger","floor":29},{"not_picked":["Outmaneuver+1","Expertise","Masterful Stab"],"picked":"SKIP","floor":30},{"not_picked":["Slice","Poisoned Stab"],"picked":"PiercingWail","floor":31},{"not_picked":["Grand Finale","Unload"],"picked":"After Image","floor":33},{"not_picked":["Setup","Terror","Sucker Punch+1"],"picked":"SKIP","floor":35},{"not_picked":["Doppelganger","Blade Dance","Flying Knee+1"],"picked":"SKIP","floor":41},{"not_picked":["Prepared+1","Flying Knee","Bane+1"],"picked":"SKIP","floor":42},{"not_picked":["Purity","PanicButton"],"picked":"Deep Breath","floor":45},{"not_picked":["Masterful Stab","Setup+1"],"picked":"Footwork+1","floor":46},{"not_picked":["Poisoned Stab+1","Dagger Spray","Riddle With Holes+1"],"picked":"SKIP","floor":47},{"not_picked":["Poisoned Stab+1","Dagger Spray","Riddle With Holes+1"],"picked":"SKIP","floor":47},{"not_picked":["Flechettes","Catalyst+1","Sucker Punch"],"picked":"SKIP","floor":48},{"not_picked":["Underhanded Strike+1","Dagger Throw+1"],"picked":"Blade Dance+1","floor":49}],"player_experience":494947,"relics_obtained":[{"floor":8,"key":"Odd Mushroom"},{"floor":9,"key":"Blue Candle"},{"floor":13,"key":"Boot"},{"floor":26,"key":"FossilizedHelix"},{"floor":41,"key":"Anchor"},{"floor":41,"key":"Bag of Preparation"},{"floor":43,"key":"Du-Vu Doll"},{"floor":46,"key":"Tingsha"},{"floor":46,"key":"Dream Catcher"}],"event_choices":[{"damage_healed":0,"gold_gain":0,"player_choice":"Ignored","damage_taken":0,"max_hp_gain":0,"max_hp_loss":0,"event_name":"Liars Game","floor":3,"gold_loss":0},{"damage_healed":0,"gold_gain":0,"player_choice":"Success","damage_taken":12,"relics_obtained":["Gremlin Horn"],"max_hp_gain":0,"max_hp_loss":0,"event_name":"Scrap Ooze","floor":7,"gold_loss":0},{"damage_healed":0,"gold_gain":0,"player_choice":"Fought Mushrooms","damage_taken":0,"max_hp_gain":0,"max_hp_loss":0,"event_name":"Mushrooms","floor":8,"gold_loss":0},{"cards_removed":["Strike_G"],"damage_healed":0,"gold_gain":0,"player_choice":"Card Removal","damage_taken":7,"max_hp_gain":0,"max_hp_loss":0,"event_name":"Golden Wing","floor":11,"gold_loss":0},{"damage_healed":0,"gold_gain":0,"player_choice":"Bought 0 Potions","damage_taken":0,"max_hp_gain":0,"max_hp_loss":0,"event_name":"The Woman in Blue","floor":21,"gold_loss":0},{"cards_removed":["Predator"],"damage_healed":0,"gold_gain":0,"player_choice":"Removed Attack","damage_taken":0,"max_hp_gain":0,"max_hp_loss":0,"event_name":"Falling","floor":36,"gold_loss":0},{"damage_healed":0,"gold_gain":0,"player_choice":"Paid","damage_taken":0,"relics_obtained":["Red Mask"],"max_hp_gain":0,"max_hp_loss":0,"event_name":"Tomb of Lord Red Mask","floor":38,"gold_loss":2},{"damage_healed":0,"gold_gain":0,"player_choice":"Memory 1","damage_taken":0,"max_hp_gain":0,"max_hp_loss":0,"event_name":"SensoryStone","floor":45,"gold_loss":0}],"is_beta":false,"boss_relics":[{"not_picked":["Cursed Key","Ring of the Serpent"],"picked":"Sozu"},{"not_picked":["Velvet Choker","Busted Crown"],"picked":"Black Star"}],"items_purged_floors":[23,37],"is_endless":false,"potions_floor_spawned":[1,2,4,5,19,20,22,29,30,35,47],"ascension_level":3}