{"path_per_floor":["M","M","M","?","M","E","R","$","T","M","R","M","M","M","R","B",null,"M","M","?","?","M","R","M","M","T","?"],"character_chosen":"IRONCLAD","items_purchased":[],"gold_per_floor":[212,230,248,198,209,237,237,162,188,208,208,218,229,240,240,341,341,356,368,368,368,380,380,400,417,417,342],"floor_reached":28,"campfire_rested":0,"playtime":1409,"current_hp_per_floor":[80,78,80,80,80,60,60,60,60,54,54,57,61,57,57,63,80,57,55,39,39,34,34,43,21,21,21],"items_purged":["Defend_R"],"gold":342,"score":276,"play_id":"8e5041a9-4441-49f6-a995-ce1e6291b710","local_time":"20180313231857","is_prod":false,"is_daily":false,"is_ascension_mode":false,"campfire_upgraded":4,"timestamp":1520954337,"path_taken":["M","M","M","?","M","E","R","$","T","M","R","M","M","M","R","BOSS","M","M","?","?","M","R","M","M","T","?","M"],"build_version":"2018-03-09","purchased_purges":1,"victory":false,"master_deck":["Strike_R","Defend_R","Defend_R","Bash+1","Pommel Strike","Clash","Shrug It Off+1","Inflame+1","Clash","Blood for Blood","Headbutt","Whirlwind","Limit Break","Dual Wield+1","Offering+1","Rampage+1","Spot Weakness","Dropkick","Limit Break+1","Rupture+1","Sword Boomerang+1","Burning Pact+1"],"max_hp_per_floor":[80,80,80,80,80,80,80,80,80,80,80,80,80,80,80,80,80,80,80,80,80,80,80,80,80,80,80],"relics":["Burning Blood","Sundial","Singing Bowl","Astrolabe","Enchiridion","Molten Egg 2"],"card_choices":[{"not_picked":["Flame Barrier","Sword Boomerang"],"picked":"Pommel Strike"},{"not_picked":["Hemokinesis","Warcry"],"picked":"Clash"},{"not_picked":["Pummel","Pommel Strike"],"picked":"Shrug It Off"},{"not_picked":["Combust","Perfected Strike"],"picked":"Inflame"},{"not_picked":["Thunderclap","Pommel Strike"],"picked":"Clash"},{"not_picked":["Pummel","Rage"],"picked":"Blood for Blood"},{"not_picked":["Havoc","Flex"],"picked":"Headbutt"},{"not_picked":["Clothesline","Feel No Pain"],"picked":"Whirlwind"},{"not_picked":["Impervious","Juggernaut"],"picked":"Limit Break"},{"not_picked":["Blood for Blood","Clash"],"picked":"Spot Weakness"},{"not_picked":["Anger","Hemokinesis"],"picked":"Dropkick"},{"not_picked":["Iron Wave","Evolve"],"picked":"Rupture"},{"not_picked":["Power Through","Cleave"],"picked":"Sword Boomerang"},{"not_picked":["Metallicize","Body Slam"],"picked":"Burning Pact"}],"player_experience":266435,"potions_floor_usage":[16,22,24,24],"damage_taken":[{"damage":3,"enemies":"2 Louse","floor":1,"turns":4},{"damage":8,"enemies":"Jaw Worm","floor":2,"turns":4},{"damage":0,"enemies":"Small Slimes","floor":3,"turns":3},{"damage":1,"enemies":"3 Louse","floor":5,"turns":4},{"damage":26,"enemies":"Lagavulin","floor":6,"turns":7},{"damage":12,"enemies":"Exordium Thugs","floor":10,"turns":4},{"damage":3,"enemies":"Gremlin Gang","floor":12,"turns":4},{"damage":2,"enemies":"2 Fungi Beasts","floor":13,"turns":2},{"damage":10,"enemies":"Large Slime","floor":14,"turns":5},{"damage":0,"enemies":"Slime Boss","floor":16,"turns":6},{"damage":29,"enemies":"2 Thieves","floor":18,"turns":3},{"damage":8,"enemies":"Chosen","floor":19,"turns":4},{"damage":14,"enemies":"Snake Plant","floor":22,"turns":2},{"damage":12,"enemies":"Chosen and Byrds","floor":24,"turns":6},{"damage":28,"enemies":"Slaver and Parasite","floor":25,"turns":3},{"damage":23,"enemies":"Snake Plant","floor":28,"turns":2}],"event_choices":[{"event_name":"The Cleric","player_choice":"Card Removal","floor":4,"damage_taken":0},{"event_name":"Cursed Tome","player_choice":"Obtained Book","floor":20,"damage_taken":0},{"event_name":"Duplicator","player_choice":"One dupe","floor":21,"damage_taken":0},{"event_name":"Beggar","player_choice":"Gave Gold","floor":27,"damage_taken":0}],"boss_relics":[{"not_picked":["Tiny House","White Beast Statue"],"picked":"Astrolabe"}],"potions_floor_spawned":[1,3,6,12,18,25],"seed_played":"950520964097649179","killed_by":"Snake Plant","ascension_level":0,"is_trial":false}