{"gold_per_floor":[113,133,133,133,21,36,36,49,49,65,83,83,108,128,128,128],"floor_reached":16,"playtime":759,"items_purged":["Regret"],"score":130,"play_id":"c0fd1692-5be4-4127-8bcd-157f7973d1e6","local_time":"20190108212706","is_ascension_mode":true,"campfire_choices":[{"data":"Burst","floor":7,"key":"SMITH"},{"data":"Dagger Spray","floor":12,"key":"SMITH"},{"data":"Dodge and Roll","floor":15,"key":"SMITH"}],"neow_cost":"TEN_PERCENT_HP_LOSS","seed_source_timestamp":26291982567300,"circlet_count":0,"master_deck":["Defend_G","Defend_G","Defend_G","Defend_G","Defend_G","Strike_G","Strike_G","Strike_G","Strike_G","Strike_G","Survivor","Neutralize","Burst+1","Deadly Poison","Deflect","Leg Sweep","Caltrops","Dagger Spray+1","Dodge and Roll+1","Bane","Bane","Malaise","PiercingWail"],"relics":["Ring of the Snake","Ninja Scroll","Blue Candle","Paper Crane"],"potions_floor_usage":[11,16],"damage_taken":[{"damage":0,"enemies":"Jaw Worm","floor":1,"turns":6},{"damage":1,"enemies":"Cultist","floor":2,"turns":4},{"damage":0,"enemies":"2 Louse","floor":6,"turns":3},{"damage":0,"enemies":"Red Slaver","floor":8,"turns":5},{"damage":2,"enemies":"3 Louse","floor":10,"turns":4},{"damage":0,"enemies":"Exordium Thugs","floor":11,"turns":3},{"damage":3,"enemies":"3 Sentries","floor":13,"turns":6},{"damage":0,"enemies":"Blue Slaver","floor":14,"turns":4},{"damage":61,"enemies":"Slime Boss","floor":16,"turns":14}],"seed_played":"2291809456615728497","potions_obtained":[{"floor":6,"key":"Poison Potion"},{"floor":10,"key":"Explosive Potion"},{"floor":13,"key":"FearPotion"}],"is_trial":false,"path_per_floor":["M","M","?","?","$","M","R","M","T","M","M","R","E","M","R","B"],"character_chosen":"THE_SILENT","items_purchased":["Caltrops"],"campfire_rested":0,"item_purchase_floors":[5],"current_hp_per_floor":[63,62,62,62,62,62,62,62,62,60,60,60,57,57,57,0],"gold":128,"neow_bonus":"THREE_RARE_CARDS","is_prod":false,"is_daily":false,"chose_seed":false,"campfire_upgraded":3,"win_rate":0,"timestamp":1546979226,"path_taken":["M","M","?","?","$","M","R","M","T","M","?","R","E","M","R","BOSS"],"build_version":"2019-01-03v4","purchased_purges":1,"victory":false,"max_hp_per_floor":[63,63,63,63,63,63,63,63,63,63,63,63,63,63,63,63],"card_choices":[{"not_picked":["Tools of the Trade","Unload"],"picked":"Burst","floor":0},{"not_picked":["Underhanded Strike","Finisher"],"picked":"Deadly Poison","floor":1},{"not_picked":["Blade Dance","Grand Finale"],"picked":"Deflect","floor":2},{"not_picked":["PiercingWail","Blur"],"picked":"Dagger Spray","floor":6},{"not_picked":["Cloak And Dagger","Deadly Poison"],"picked":"Dodge and Roll","floor":8},{"not_picked":["Dagger Throw","Caltrops"],"picked":"Bane","floor":10},{"not_picked":["Masterful Stab","Acrobatics"],"picked":"Bane","floor":11},{"not_picked":["Tactician","Sucker Punch"],"picked":"Malaise","floor":13},{"not_picked":["Dagger Spray","Bane"],"picked":"PiercingWail","floor":14}],"player_experience":356177,"relics_obtained":[{"floor":9,"key":"Blue Candle"},{"floor":13,"key":"Paper Crane"}],"event_choices":[{"damage_healed":0,"gold_gain":0,"player_choice":"Box","damage_taken":0,"relics_obtained":["Ninja Scroll"],"max_hp_gain":0,"max_hp_loss":0,"event_name":"Big Fish","floor":3,"gold_loss":0,"cards_obtained":["Regret"]},{"damage_healed":0,"gold_gain":0,"player_choice":"1 cards matched","damage_taken":0,"max_hp_gain":0,"max_hp_loss":0,"event_name":"Match and Keep!","floor":4,"gold_loss":0,"cards_obtained":["Leg Sweep"]}],"is_beta":false,"boss_relics":[],"items_purged_floors":[5],"is_endless":false,"potions_floor_spawned":[6,10,13],"killed_by":"Slime Boss","ascension_level":5}