{"gold_per_floor":[113,125,125,145,164,164,179,179,179,212,230,230,246,171,171,275,275,287,307,317,46,46],"floor_reached":22,"playtime":1481,"items_purged":["Strike_R"],"score":190,"play_id":"ca6e194b-30f6-4da4-889e-aae2e5699684","local_time":"20190227195153","is_ascension_mode":false,"campfire_choices":[{"data":"Secret Weapon","floor":6,"key":"SMITH"},{"data":"Mind Blast","floor":8,"key":"SMITH"},{"data":"Shrug It Off","floor":12,"key":"SMITH"},{"data":"Flex","floor":15,"key":"SMITH"}],"neow_cost":"PERCENT_DAMAGE","seed_source_timestamp":363430747946989,"circlet_count":0,"master_deck":["Strike_R+1","Defend_R","Defend_R","Defend_R+1","Defend_R+1","Bash","Secret Weapon+1","Mind Blast+1","Twin Strike","Flex+1","Flex+1","Cleave","Headbutt","Reaper","Shrug It Off+1","Twin Strike","Whirlwind","Limit Break","Second Wind+1","Ghostly Armor+1","Metallicize+1","Pommel Strike","Pummel","Armaments","Double Tap","Demon Form"],"relics":["Burning Blood","Prayer Wheel","Pantograph","Astrolabe","Membership Card","War Paint"],"potions_floor_usage":[7,10,16],"damage_taken":[{"damage":5,"enemies":"Cultist","floor":1,"turns":4},{"damage":0,"enemies":"2 Louse","floor":2,"turns":3},{"damage":1,"enemies":"Jaw Worm","floor":4,"turns":3},{"damage":13,"enemies":"Exordium Wildlife","floor":5,"turns":4},{"damage":12,"enemies":"Exordium Thugs","floor":7,"turns":4},{"damage":16,"enemies":"Lagavulin","floor":10,"turns":5},{"damage":11,"enemies":"Large Slime","floor":11,"turns":4},{"damage":0,"enemies":"2 Fungi Beasts","floor":13,"turns":2},{"damage":60,"enemies":"The Guardian","floor":16,"turns":13},{"damage":19,"enemies":"Spheric Guardian","floor":18,"turns":6},{"damage":26,"enemies":"Shell Parasite","floor":19,"turns":7},{"damage":28,"enemies":"Snecko","floor":20,"turns":10},{"damage":33,"enemies":"Cultist and Chosen","floor":22,"turns":8}],"seed_played":"-2624493424994100109","potions_obtained":[{"floor":1,"key":"SpeedPotion"},{"floor":4,"key":"Weak Potion"},{"floor":5,"key":"GamblersBrew"},{"floor":11,"key":"GamblersBrew"},{"floor":16,"key":"Explosive Potion"},{"floor":20,"key":"Strength Potion"}],"is_trial":false,"path_per_floor":["M","M","?","M","M","R","M","R","T","E","M","R","M","$","R","B",null,"M","M","M","$","M"],"character_chosen":"IRONCLAD","items_purchased":["Membership Card","War Paint"],"campfire_rested":0,"item_purchase_floors":[21,21],"current_hp_per_floor":[57,63,47,52,45,45,39,39,39,29,40,40,51,51,51,26,80,67,47,29,29,0],"gold":46,"neow_bonus":"RANDOM_COLORLESS_2","is_prod":false,"is_daily":false,"chose_seed":false,"campfire_upgraded":4,"win_rate":0,"timestamp":1551268313,"path_taken":["M","M","?","M","M","R","M","R","T","E","M","R","M","$","R","BOSS","M","M","M","$","M"],"build_version":"2019-01-23","purchased_purges":1,"victory":false,"max_hp_per_floor":[80,80,80,80,80,80,80,80,80,80,80,80,80,80,80,80,80,80,80,80,80,80],"card_choices":[{"not_picked":["Corruption","Thunderclap"],"picked":"Twin Strike","floor":1},{"not_picked":["Clothesline","Warcry"],"picked":"Flex","floor":2},{"not_picked":["Clothesline","Twin Strike"],"picked":"Flex","floor":4},{"not_picked":["Anger","Perfected Strike"],"picked":"Cleave","floor":5},{"not_picked":["Hemokinesis","Infernal Blade"],"picked":"Headbutt","floor":7},{"not_picked":["Sword Boomerang","Spot Weakness"],"picked":"Reaper","floor":10},{"not_picked":["Battle Trance","Cleave"],"picked":"Shrug It Off","floor":11},{"not_picked":["Flex","Body Slam","Entrench"],"picked":"SKIP","floor":11},{"not_picked":["Fire Breathing","Evolve"],"picked":"Twin Strike","floor":13},{"not_picked":["Wild Strike","Havoc"],"picked":"Whirlwind","floor":13},{"not_picked":["Fiend Fire","Brutality"],"picked":"Limit Break","floor":16},{"not_picked":["Evolve","Headbutt+1"],"picked":"Pommel Strike","floor":18},{"not_picked":["Sentinel","Fire Breathing"],"picked":"Pummel","floor":18},{"not_picked":["Ghostly Armor+1","Whirlwind"],"picked":"Armaments","floor":19},{"not_picked":["Dropkick+1","Warcry","Flex"],"picked":"SKIP","floor":19},{"not_picked":["Flex","True Grit+1"],"picked":"Double Tap","floor":20},{"not_picked":["Headbutt","Shrug It Off"],"picked":"Demon Form","floor":20}],"player_experience":705002,"relics_obtained":[{"floor":9,"key":"Prayer Wheel"},{"floor":10,"key":"Pantograph"}],"event_choices":[{"damage_healed":0,"gold_gain":0,"player_choice":"Entered Light","damage_taken":16,"max_hp_gain":0,"max_hp_loss":0,"event_name":"Shining Light","floor":3,"gold_loss":0,"cards_upgraded":["Flex","Strike_R"]}],"is_beta":false,"boss_relics":[{"not_picked":["Philosopher\u0027s Stone","Eternal Feather"],"picked":"Astrolabe"}],"items_purged_floors":[14],"is_endless":false,"potions_floor_spawned":[1,4,5,11,16,20],"killed_by":"Cultist and Chosen","ascension_level":0}