{"gold_per_floor":[117,292,307,307,34,46,74,74,74,84,103,119,119,134,134,231,231,243,243,61,76,95,95,2,31,109,109,119,119,139,19,19,120,120,134,32,32,45,6,6,57,57,83,118,9,0,29,44,44,44],"floor_reached":51,"playtime":3441,"items_purged":["Doubt","Strike_G","Strike_G"],"score":848,"play_id":"f75d7c18-2168-4653-a5c5-3f66dcca3705","local_time":"20190309003352","is_ascension_mode":true,"campfire_choices":[{"floor":8,"key":"REST"},{"data":"Dash","floor":13,"key":"SMITH"},{"floor":15,"key":"REST"},{"floor":23,"key":"REST"},{"floor":27,"key":"REST"},{"data":"Envenom","floor":29,"key":"SMITH"},{"floor":32,"key":"REST"},{"floor":40,"key":"RECALL"},{"floor":42,"key":"REST"},{"floor":49,"key":"REST"}],"neow_cost":"NONE","seed_source_timestamp":523192878234000,"circlet_count":0,"master_deck":["Defend_G","Defend_G","Defend_G","Defend_G","Defend_G","Strike_G","Strike_G","Survivor+1","Neutralize","Unload","Deflect","Dodge and Roll","Setup+1","Dash+1","Cloak And Dagger+1","Slice","Caltrops","Blade Dance","Envenom+1","Leg Sweep","Infinite Blades","Sucker Punch+1","Panache","Cloak And Dagger+1","Flying Knee","Wraith Form v2","Well Laid Plans","Trip","Backflip+1","Tools of the Trade","Acrobatics","Backstab","Infinite Blades","Prepared+1","Noxious Fumes"],"relics":["Ring of the Snake","Membership Card","Matryoshka","Darkstone Periapt","Ornamental Fan","Busted Crown","Bag of Marbles","Vajra","Orichalcum","Blue Candle","Shuriken","Fusion Hammer","Dead Branch","Lantern","The Specimen","Bag of Preparation","Red Mask","War Paint"],"potions_floor_usage":[16,16,21,22,25,28,50],"damage_taken":[{"damage":0,"enemies":"Small Slimes","floor":1,"turns":5},{"damage":1,"enemies":"Jaw Worm","floor":3,"turns":4},{"damage":0,"enemies":"Cultist","floor":6,"turns":5},{"damage":45,"enemies":"Gremlin Nob","floor":7,"turns":6},{"damage":1,"enemies":"Red Slaver","floor":10,"turns":4},{"damage":1,"enemies":"2 Fungi Beasts","floor":11,"turns":5},{"damage":6,"enemies":"3 Louse","floor":12,"turns":3},{"damage":0,"enemies":"Exordium Wildlife","floor":14,"turns":3},{"damage":29,"enemies":"Hexaghost","floor":16,"turns":13},{"damage":20,"enemies":"Shell Parasite","floor":18,"turns":9},{"damage":0,"enemies":"3 Byrds","floor":21,"turns":3},{"damage":8,"enemies":"Snake Plant","floor":22,"turns":5},{"damage":40,"enemies":"Gremlin Leader","floor":25,"turns":9},{"damage":7,"enemies":"3 Cultists","floor":28,"turns":5},{"damage":17,"enemies":"Centurion and Healer","floor":30,"turns":5},{"damage":28,"enemies":"Collector","floor":33,"turns":10},{"damage":0,"enemies":"Orb Walker","floor":35,"turns":2},{"damage":0,"enemies":"3 Shapes","floor":38,"turns":3},{"damage":34,"enemies":"2 Orb Walkers","floor":41,"turns":6},{"damage":5,"enemies":"Giant Head","floor":44,"turns":6},{"damage":0,"enemies":"Nemesis","floor":47,"turns":3},{"damage":0,"enemies":"Sphere and 2 Shapes","floor":48,"turns":3},{"damage":11,"enemies":"Donu and Deca","floor":50,"turns":5}],"seed_played":"4002375999163373160","potions_obtained":[{"floor":3,"key":"Energy Potion"},{"floor":10,"key":"SteroidPotion"},{"floor":14,"key":"Explosive Potion"},{"floor":16,"key":"EssenceOfSteel"},{"floor":18,"key":"SpeedPotion"},{"floor":21,"key":"Fire Potion"},{"floor":35,"key":"Explosive Potion"},{"floor":47,"key":"AttackPotion"}],"is_trial":false,"path_per_floor":["M","?","M","?","$","M","E","R","T","M","M","M","R","M","R","B",null,"M","?","$","M","M","R","$","E","T","R","M","R","M","$","R","B",null,"M","$","?","M","$","R","?","R","T","E","$","?","E","M","R","B",null],"character_chosen":"THE_SILENT","items_purchased":["Membership Card","Leg Sweep","Infinite Blades","Bag of Marbles","Panache","Shuriken","Well Laid Plans","Tools of the Trade","Infinite Blades","Bag of Preparation"],"campfire_rested":7,"item_purchase_floors":[5,20,20,20,24,31,36,39,45,45],"current_hp_per_floor":[70,70,69,69,69,69,24,45,45,44,43,37,37,37,58,29,70,50,50,50,50,42,63,63,23,23,44,37,37,20,20,41,13,70,70,70,70,70,70,70,36,57,57,52,52,52,52,52,70,59],"gold":44,"neow_bonus":"ONE_RANDOM_RARE_CARD","is_prod":false,"is_daily":false,"chose_seed":false,"campfire_upgraded":2,"win_rate":0,"timestamp":1552088032,"path_taken":["M","?","M","?","$","M","E","R","T","M","M","M","R","M","R","BOSS","M","?","$","M","M","R","$","E","T","R","M","R","?","?","R","BOSS","M","$","?","M","$","R","?","R","T","E","$","?","E","M","R","BOSS"],"build_version":"2019-01-23","purchased_purges":3,"victory":true,"max_hp_per_floor":[70,70,70,70,70,70,70,70,70,70,70,70,70,70,70,70,70,70,70,70,70,70,70,70,70,70,70,70,70,70,70,70,70,70,70,70,70,70,70,70,70,70,70,70,70,70,70,70,70,70],"card_choices":[{"not_picked":["Outmaneuver","Finisher"],"picked":"Deflect","floor":1},{"not_picked":["Deflect","Bane"],"picked":"Dodge and Roll","floor":3},{"not_picked":["Sucker Punch","Prepared"],"picked":"Dash","floor":6},{"not_picked":["Concentrate","Acrobatics"],"picked":"Cloak And Dagger","floor":7},{"not_picked":["Underhanded Strike","Acrobatics"],"picked":"Slice","floor":10},{"not_picked":["Dodge and Roll","Tactician"],"picked":"Caltrops","floor":11},{"not_picked":["Quick Slash","Outmaneuver","Bane"],"picked":"SKIP","floor":12},{"not_picked":["Escape Plan","Caltrops"],"picked":"Blade Dance","floor":14},{"not_picked":["Night Terror","Venomology"],"picked":"Envenom","floor":16},{"not_picked":["Underhanded Strike+1"],"picked":"SKIP","floor":18},{"not_picked":[],"picked":"Sucker Punch+1","floor":21},{"not_picked":["Underhanded Strike"],"picked":"SKIP","floor":22},{"not_picked":[],"picked":"Cloak And Dagger+1","floor":25},{"not_picked":["Setup"],"picked":"SKIP","floor":28},{"not_picked":[],"picked":"Flying Knee","floor":30},{"not_picked":[],"picked":"Wraith Form v2","floor":33},{"not_picked":["Bane"],"picked":"SKIP","floor":35},{"not_picked":[],"picked":"Trip","floor":37},{"not_picked":[],"picked":"Backflip+1","floor":38},{"not_picked":[],"picked":"Acrobatics","floor":41},{"not_picked":[],"picked":"Backstab","floor":44},{"not_picked":[],"picked":"Prepared+1","floor":47},{"not_picked":[],"picked":"Noxious Fumes","floor":48}],"player_experience":345218,"relics_obtained":[{"floor":7,"key":"Matryoshka"},{"floor":9,"key":"Darkstone Periapt"},{"floor":9,"key":"Ornamental Fan"},{"floor":25,"key":"Vajra"},{"floor":26,"key":"Orichalcum"},{"floor":26,"key":"Blue Candle"},{"floor":41,"key":"Dead Branch"},{"floor":43,"key":"Lantern"},{"floor":44,"key":"The Specimen"},{"floor":47,"key":"War Paint"}],"event_choices":[{"damage_healed":0,"gold_gain":175,"player_choice":"AGREE","damage_taken":0,"max_hp_gain":0,"max_hp_loss":0,"event_name":"Liars Game","floor":2,"gold_loss":0,"cards_obtained":["Doubt"]},{"damage_healed":0,"gold_gain":0,"cards_transformed":["Strike_G"],"player_choice":"Change","damage_taken":0,"max_hp_gain":0,"max_hp_loss":0,"event_name":"Living Wall","floor":4,"gold_loss":0,"cards_obtained":["Setup"]},{"damage_healed":0,"gold_gain":0,"player_choice":"Upgraded","damage_taken":0,"max_hp_gain":0,"max_hp_loss":0,"event_name":"Upgrade Shrine","floor":19,"gold_loss":0,"cards_upgraded":["Cloak And Dagger"]},{"damage_healed":0,"gold_gain":0,"player_choice":"Memory 1","damage_taken":0,"max_hp_gain":0,"max_hp_loss":0,"event_name":"SensoryStone","floor":37,"gold_loss":0},{"damage_healed":0,"gold_gain":0,"player_choice":"Fight","damage_taken":0,"max_hp_gain":0,"max_hp_loss":0,"event_name":"Mysterious Sphere","floor":41,"gold_loss":0},{"damage_healed":0,"gold_gain":0,"player_choice":"Paid","damage_taken":0,"relics_obtained":["Red Mask"],"max_hp_gain":0,"max_hp_loss":0,"event_name":"Tomb of Lord Red Mask","floor":46,"gold_loss":9}],"is_beta":false,"boss_relics":[{"not_picked":["Philosopher\u0027s Stone","Eternal Feather"],"picked":"Busted Crown"},{"not_picked":["Black Star","Sozu"],"picked":"Fusion Hammer"}],"items_purged_floors":[5,20,36],"is_endless":false,"potions_floor_spawned":[3,10,14,16,18,21,35,47],"ascension_level":2}