{"gold_per_floor":[112,112,123,138,92,123,123,123,123,123,139,155,155,171,171,270,270,281,292,217,228,240,240,266,276,276,226,157,169,169,169,169,169],"floor_reached":33,"playtime":3406,"items_purged":[],"score":269,"play_id":"cf9ce105-f306-44a2-9dac-9371b4ab6096","local_time":"20190209194939","is_ascension_mode":false,"campfire_choices":[{"floor":7,"key":"REST"},{"data":"Sword Boomerang","floor":10,"key":"SMITH"},{"floor":15,"key":"REST"},{"floor":23,"key":"REST"},{"data":"Demon Form","floor":30,"key":"SMITH"},{"floor":32,"key":"REST"}],"neow_cost":"","seed_source_timestamp":965042302980600,"circlet_count":0,"master_deck":["Strike_R+1","Strike_R","Strike_R","Defend_R","Defend_R","Defend_R","Defend_R","Bash","Cleave","Iron Wave","Sword Boomerang+1","Headbutt","Shrug It Off","Impervious+1","Flame Barrier+1","Clothesline","Fire Breathing","Demon Form+1","Carnage+1","Intimidate+1","Flex+1","Clothesline","Entrench+1","Iron Wave","Bloodletting+1","Clothesline"],"relics":["Burning Blood","Toxic Egg 2","Mercury Hourglass","Busted Crown","Oddly Smooth Stone","PreservedInsect"],"potions_floor_usage":[6,16,22,22,25,29,29],"damage_taken":[{"damage":6,"enemies":"2 Louse","floor":1,"turns":2},{"damage":5,"enemies":"Cultist","floor":3,"turns":4},{"damage":6,"enemies":"Jaw Worm","floor":4,"turns":3},{"damage":42,"enemies":"Lagavulin","floor":6,"turns":8},{"damage":11,"enemies":"2 Fungi Beasts","floor":11,"turns":3},{"damage":0,"enemies":"Large Slime","floor":12,"turns":6},{"damage":5,"enemies":"Lots of Slimes","floor":14,"turns":2},{"damage":38,"enemies":"The Guardian","floor":16,"turns":15},{"damage":23,"enemies":"3 Byrds","floor":18,"turns":4},{"damage":17,"enemies":"Spheric Guardian","floor":19,"turns":4},{"damage":36,"enemies":"3 Cultists","floor":21,"turns":6},{"damage":20,"enemies":"Centurion and Healer","floor":22,"turns":5},{"damage":12,"enemies":"Slavers","floor":24,"turns":6},{"damage":18,"enemies":"Snake Plant","floor":25,"turns":4},{"damage":13,"enemies":"Sentry and Sphere","floor":29,"turns":4},{"damage":31,"enemies":"Champ","floor":33,"turns":7}],"seed_played":"2964805313890362627","potions_obtained":[{"floor":3,"key":"Poison Potion"},{"floor":4,"key":"Dexterity Potion"},{"floor":14,"key":"Energy Potion"},{"floor":16,"key":"Ancient Potion"},{"floor":18,"key":"AttackPotion"},{"floor":22,"key":"SteroidPotion"},{"floor":25,"key":"Explosive Potion"}],"is_trial":false,"path_per_floor":["M","?","M","M","$","E","R","?","T","R","M","M","?","M","R","B",null,"M","M","?","M","M","R","E","M","T","?","$","M","R","?","R","B"],"character_chosen":"IRONCLAD","items_purchased":["Shrug It Off","Bloodletting+1"],"campfire_rested":4,"item_purchase_floors":[5,28],"current_hp_per_floor":[80,80,80,80,80,44,68,68,68,68,63,69,69,70,80,48,80,63,52,52,22,8,32,26,14,14,14,14,7,7,7,31,0],"gold":169,"neow_bonus":"","is_prod":false,"is_daily":false,"chose_seed":false,"campfire_upgraded":2,"win_rate":0.0,"timestamp":1549738179,"path_taken":["M","?","?","?","?","E","R","?","T","R","M","M","?","M","R","BOSS","M","M","?","M","M","R","E","M","T","?","$","?","R","?","R","BOSS"],"build_version":"2019-01-23","purchased_purges":0,"victory":false,"max_hp_per_floor":[80,80,80,80,80,80,80,80,80,80,80,80,80,80,80,80,80,80,80,80,80,80,80,80,80,80,80,80,80,80,80,80,80],"card_choices":[{"not_picked":["Warcry","Intimidate"],"picked":"Cleave","floor":1},{"not_picked":["True Grit","Body Slam"],"picked":"Sword Boomerang","floor":3},{"not_picked":["Clash","Thunderclap"],"picked":"Headbutt","floor":4},{"not_picked":["Blood for Blood","Thunderclap"],"picked":"Impervious","floor":6},{"not_picked":["Power Through+1","Anger"],"picked":"Flame Barrier+1","floor":11},{"not_picked":["Thunderclap","Shrug It Off+1"],"picked":"Clothesline","floor":12},{"not_picked":["Dropkick","Clash"],"picked":"Fire Breathing","floor":14},{"not_picked":["Impervious+1","Reaper"],"picked":"Demon Form","floor":16},{"not_picked":[],"picked":"Carnage+1","floor":18},{"not_picked":[],"picked":"Intimidate+1","floor":19},{"not_picked":[],"picked":"Flex+1","floor":21},{"not_picked":[],"picked":"Clothesline","floor":22},{"not_picked":[],"picked":"Entrench+1","floor":24},{"not_picked":[],"picked":"Iron Wave","floor":25},{"not_picked":[],"picked":"Clothesline","floor":29}],"player_experience":0,"relics_obtained":[{"floor":6,"key":"Toxic Egg 2"},{"floor":9,"key":"Mercury Hourglass"},{"floor":24,"key":"Oddly Smooth Stone"},{"floor":26,"key":"PreservedInsect"}],"event_choices":[{"cards_removed":["Strike_R"],"damage_healed":0,"gold_gain":0,"player_choice":"Took Card","damage_taken":0,"max_hp_gain":0,"max_hp_loss":0,"event_name":"NoteForYourself","floor":2,"gold_loss":0,"cards_obtained":["Iron Wave"]},{"damage_healed":0,"gold_gain":0,"player_choice":"Ignored","damage_taken":0,"max_hp_gain":0,"max_hp_loss":0,"event_name":"Liars Game","floor":8,"gold_loss":0},{"damage_healed":0,"gold_gain":0,"player_choice":"Grow","damage_taken":0,"max_hp_gain":0,"max_hp_loss":0,"event_name":"Living Wall","floor":13,"gold_loss":0,"cards_upgraded":["Strike_R"]},{"cards_removed":["Strike_R"],"damage_healed":0,"gold_gain":0,"player_choice":"Gave Gold","damage_taken":0,"max_hp_gain":0,"max_hp_loss":0,"event_name":"Beggar","floor":20,"gold_loss":75},{"damage_healed":0,"gold_gain":0,"player_choice":"Bet on Murderer","damage_taken":0,"max_hp_gain":0,"max_hp_loss":0,"event_name":"The Joust","floor":27,"gold_loss":50},{"damage_healed":0,"gold_gain":0,"player_choice":"Ignored","damage_taken":0,"max_hp_gain":0,"max_hp_loss":0,"event_name":"Ghosts","floor":31,"gold_loss":0}],"is_beta":false,"boss_relics":[{"not_picked":["Philosopher\u0027s Stone","Fusion Hammer"],"picked":"Busted Crown"}],"items_purged_floors":[],"is_endless":false,"potions_floor_spawned":[3,4,14,16,18,22,25],"killed_by":"Champ","ascension_level":0}