{"gold_per_floor":[113,113,123,135,154,154,174,193,220,220,247,65,98,112,112,207,207,224,238,249,265,57,57,67,67,138,167,12,32,32,48,48,151,151,167,183,183,183,183,183],"floor_reached":40,"playtime":2758,"items_purged":[],"score":468,"play_id":"5f3ebfbb-0427-4a45-b3c4-cb915a1da92e","local_time":"20190415114308","is_ascension_mode":true,"campfire_choices":[{"data":"Envenom","floor":6.0,"key":"SMITH"},{"floor":15.0,"key":"REST"},{"floor":23.0,"key":"REST"},{"floor":25.0,"key":"REST"},{"floor":32.0,"key":"REST"}],"neow_cost":"NONE","seed_source_timestamp":0,"circlet_count":0,"master_deck":["Defend_G","Defend_G","Defend_G","Defend_G","Defend_G","Strike_G","Strike_G","Strike_G","Strike_G","Strike_G","Survivor","Neutralize+1","Tools of the Trade","Envenom+1","All Out Attack","Leg Sweep","Infinite Blades+1","Noxious Fumes","Noxious Fumes","Catalyst","Blur","Adrenaline","Leg Sweep","Deadly Poison","Distraction","Backflip","Caltrops+1","Die Die Die","Blur","Cloak And Dagger","Burst","Accuracy+1","Underhanded Strike","Pain","Madness","Madness"],"special_seed":0,"relics":["Ring of the Snake","NeowsBlessing","Juzu Bracelet","Paper Crane","Oddly Smooth Stone","Orrery","HandDrill","Bottled Flame","Centennial Puzzle","Blood Vial","WristBlade","WarpedTongs"],"potions_floor_usage":[35],"damage_taken":[{"damage":0.0,"enemies":"Jaw Worm","floor":1.0,"turns":1.0},{"damage":0.0,"enemies":"Cultist","floor":3.0,"turns":1.0},{"damage":0.0,"enemies":"Small Slimes","floor":4.0,"turns":1.0},{"damage":0.0,"enemies":"Blue Slaver","floor":5.0,"turns":6.0},{"damage":0.0,"enemies":"Lots of Slimes","floor":7.0,"turns":1.0},{"damage":8.0,"enemies":"2 Fungi Beasts","floor":8.0,"turns":4.0},{"damage":11.0,"enemies":"3 Sentries","floor":11.0,"turns":8.0},{"damage":10.0,"enemies":"Lagavulin","floor":13.0,"turns":7.0},{"damage":4.0,"enemies":"3 Louse","floor":14.0,"turns":3.0},{"damage":2.0,"enemies":"Hexaghost","floor":16.0,"turns":8.0},{"damage":0.0,"enemies":"Shell Parasite","floor":18.0,"turns":7.0},{"damage":14.0,"enemies":"Chosen","floor":19.0,"turns":7.0},{"damage":26.0,"enemies":"Snecko","floor":20.0,"turns":6.0},{"damage":4.0,"enemies":"Cultist and Chosen","floor":21.0,"turns":8.0},{"damage":9.0,"enemies":"Shelled Parasite and Fungi","floor":24.0,"turns":6.0},{"damage":44.0,"enemies":"Slavers","floor":27.0,"turns":6.0},{"damage":9.0,"enemies":"Snake Plant","floor":29.0,"turns":5.0},{"damage":5.0,"enemies":"Centurion and Healer","floor":31.0,"turns":11.0},{"damage":9.0,"enemies":"Champ","floor":33.0,"turns":14.0},{"damage":12,"enemies":"3 Darklings","floor":35,"turns":6},{"damage":0,"enemies":"3 Shapes","floor":36,"turns":5},{"damage":54,"enemies":"Giant Head","floor":40,"turns":8}],"seed_played":"-2223279529435349662","potions_obtained":[{"floor":5.0,"key":"Dexterity Potion"},{"floor":7.0,"key":"Explosive Potion"},{"floor":8.0,"key":"Strength Potion"},{"floor":11.0,"key":"Swift Potion"},{"floor":14.0,"key":"Explosive Potion"},{"floor":20.0,"key":"EntropicBrew"},{"floor":27.0,"key":"GhostInAJar"},{"floor":29.0,"key":"LiquidBronze"},{"floor":33.0,"key":"Explosive Potion"},{"floor":35,"key":"Explosive Potion"}],"is_trial":false,"path_per_floor":["M","?","M","M","M","R","M","M","T","?","E","$","E","M","R","B",null,"M","M","M","M","$","R","M","R","T","E","$","M","?","M","R","B",null,"M","M","?","?","?","E"],"character_chosen":"THE_SILENT","items_purchased":["Noxious Fumes","Catalyst","Blur","HandDrill","Blood Vial"],"campfire_rested":4,"item_purchase_floors":[12,12,12,22,28],"current_hp_per_floor":[70,70,70,70,70,70,70,62,62,62,51,51,41,37,58,56,70,70,56,30,26,26,47,38,59,59,15,15,8,8,5,26,19,70,58,60,60,60,51,0],"gold":183,"neow_bonus":"THREE_ENEMY_KILL","is_prod":false,"is_daily":false,"chose_seed":false,"campfire_upgraded":1,"win_rate":0,"timestamp":1555346588,"path_taken":["M","?","M","M","M","R","M","M","T","?","E","$","E","M","R","BOSS","M","M","M","M","$","R","M","R","T","E","?","M","?","M","R","BOSS","M","M","?","?","?","E"],"build_version":"2019-01-23","purchased_purges":0,"victory":false,"max_hp_per_floor":[70,70,70,70,70,70,70,70,70,70,70,70,70,70,70,70,70,70,70,70,70,70,70,70,70,70,70,70,70,70,70,70,70,70,70,70,70,70,70,70],"card_choices":[{"not_picked":["Dagger Throw","Bane","Outmaneuver"],"picked":"SKIP","floor":1.0},{"not_picked":["PiercingWail","Dodge and Roll"],"picked":"Tools of the Trade","floor":3.0},{"not_picked":["Deadly Poison","Well Laid Plans"],"picked":"Envenom","floor":4.0},{"not_picked":["Outmaneuver","Masterful Stab"],"picked":"All Out Attack","floor":5.0},{"not_picked":["Quick Slash","Poisoned Stab"],"picked":"Leg Sweep","floor":7.0},{"not_picked":["Dodge and Roll","PiercingWail"],"picked":"Infinite Blades","floor":8.0},{"not_picked":["Slice","Backflip"],"picked":"Noxious Fumes","floor":11.0},{"not_picked":["All Out Attack","Wraith Form v2","Concentrate"],"picked":"SKIP","floor":13.0},{"not_picked":["Choke","Expertise","Skewer"],"picked":"SKIP","floor":14.0},{"not_picked":["Phantasmal Killer","Die Die Die"],"picked":"Adrenaline","floor":16.0},{"not_picked":["Bane","Poisoned Stab"],"picked":"Leg Sweep","floor":17.0},{"not_picked":["Crippling Poison","PiercingWail"],"picked":"Deadly Poison","floor":17.0},{"not_picked":["Sucker Punch","Leg Sweep"],"picked":"Distraction","floor":17.0},{"not_picked":["Poisoned Stab","PiercingWail"],"picked":"Backflip","floor":17.0},{"not_picked":["Bane+1","Noxious Fumes"],"picked":"Caltrops+1","floor":18.0},{"not_picked":["Quick Slash","Predator","Terror"],"picked":"SKIP","floor":19.0},{"not_picked":["Dagger Throw","Bane"],"picked":"Die Die Die","floor":20.0},{"not_picked":["All Out Attack","Poisoned Stab","Reflex"],"picked":"SKIP","floor":21.0},{"not_picked":["Underhanded Strike","Infinite Blades+1"],"picked":"Blur","floor":24.0},{"not_picked":["Dagger Spray","Expertise+1","Poisoned Stab"],"picked":"SKIP","floor":27.0},{"not_picked":["Calculated Gamble","Tactician","Prepared"],"picked":"SKIP","floor":29.0},{"not_picked":["Blur+1","Slice"],"picked":"Cloak And Dagger","floor":31.0},{"not_picked":["Glass Knife","Phantasmal Killer"],"picked":"Burst","floor":33.0},{"not_picked":["Cloak And Dagger","Outmaneuver+1"],"picked":"Accuracy+1","floor":35},{"not_picked":["Outmaneuver+1","Bane"],"picked":"Underhanded Strike","floor":36}],"player_experience":456208,"relics_obtained":[{"floor":9.0,"key":"Juzu Bracelet"},{"floor":11.0,"key":"Paper Crane"},{"floor":13.0,"key":"Oddly Smooth Stone"},{"floor":26.0,"key":"Bottled Flame"},{"floor":27.0,"key":"Centennial Puzzle"}],"event_choices":[{"damage_healed":0.0,"max_hp_gain":0.0,"max_hp_loss":0.0,"gold_gain":0.0,"event_name":"Living Wall","player_choice":"Grow","floor":2.0,"gold_loss":0.0,"damage_taken":0.0,"cards_upgraded":["Neutralize"]},{"damage_healed":0.0,"max_hp_gain":0.0,"max_hp_loss":0.0,"gold_gain":0.0,"event_name":"Upgrade Shrine","player_choice":"Upgraded","floor":10.0,"gold_loss":0.0,"damage_taken":0.0,"cards_upgraded":["Infinite Blades"]},{"damage_healed":0.0,"max_hp_gain":0.0,"max_hp_loss":0.0,"gold_gain":0.0,"event_name":"Beggar","player_choice":"Ignored","floor":30.0,"gold_loss":0.0,"damage_taken":0.0},{"damage_healed":0,"gold_gain":0,"player_choice":"Ignored","damage_taken":0,"max_hp_gain":0,"max_hp_loss":0,"event_name":"Tomb of Lord Red Mask","floor":37,"gold_loss":0},{"damage_healed":0,"gold_gain":0,"player_choice":"Rummage","damage_taken":0,"relics_obtained":["WarpedTongs"],"max_hp_gain":0,"max_hp_loss":0,"event_name":"Accursed Blacksmith","floor":38,"gold_loss":0,"cards_obtained":["Pain"]},{"damage_healed":0,"gold_gain":0,"player_choice":"Embrace Madness","damage_taken":9,"max_hp_gain":0,"max_hp_loss":0,"event_name":"Winding Halls","floor":39,"gold_loss":0,"cards_obtained":["Madness","Madness"]}],"is_beta":false,"boss_relics":[{"not_picked":["Eternal Feather","Tiny House"],"picked":"Orrery"},{"not_picked":["Runic Dome","Runic Pyramid"],"picked":"WristBlade"}],"items_purged_floors":[],"is_endless":false,"potions_floor_spawned":[5,7,8,11,14,18,20,27,29,33,35],"killed_by":"Giant Head","ascension_level":1}