{"path_per_floor":["M","M","M","M","$","R","E","M","T","R","E","?","R","?","R","B",null,"M","?","$","?","M","R","E","M","T","R","$","M","M","$","R"],"character_chosen":"IRONCLAD","items_purchased":["Tiny Chest","Gambling Chip"],"gold_per_floor":[117,135,145,163,47,47,72,91,116,116,144,219,219,249,249,352,352,362,362,64,64,75,75,106,120,169,169,169,188,208,133,133],"floor_reached":33,"campfire_rested":3,"playtime":1989,"current_hp_per_floor":[80,80,80,78,78,78,59,61,61,61,51,40,40,40,64,50,80,80,64,64,64,56,56,13,8,8,33,33,49,35,35,60],"items_purged":["Strike_R"],"gold":133,"score":289,"play_id":"b67254ce-5b79-4369-b078-1c859ddba641","local_time":"20180315230419","is_prod":false,"is_daily":false,"is_ascension_mode":true,"campfire_upgraded":4,"timestamp":1521126259,"path_taken":["M","M","M","M","$","R","E","M","T","R","E","?","R","?","R","BOSS","M","?","?","?","M","R","E","M","T","R","$","M","?","$","R","BOSS"],"build_version":"2018-03-09","purchased_purges":3,"victory":false,"master_deck":["Strike_R","Strike_R","Strike_R+1","Defend_R","Defend_R","Defend_R","Defend_R","Bash+1","Flex","Clash","Double Tap","Pommel Strike+1","Pommel Strike+1","Armaments+1","Cleave","Limit Break+1","Shrug It Off+1","Shrug It Off","Demon Form+1","True Grit","Pommel Strike","Headbutt"],"max_hp_per_floor":[80,80,80,80,80,80,80,80,80,80,80,80,80,80,80,80,80,80,80,80,80,84,84,84,84,84,84,84,84,84,84,84],"relics":["Burning Blood","Tiny Chest","Whetstone","Blood Vial","Frozen Egg 2","Sozu","Nilry\u0027s Codex","Gambling Chip","Peace Pipe","Bronze Scales"],"card_choices":[{"not_picked":["Metallicize","Shrug It Off"],"picked":"Clash"},{"not_picked":["Iron Wave","Twin Strike"],"picked":"Double Tap"},{"not_picked":["Iron Wave","Sword Boomerang"],"picked":"Pommel Strike"},{"not_picked":["Warcry","Twin Strike"],"picked":"Pommel Strike"},{"not_picked":["Pummel","Ghostly Armor"],"picked":"Armaments"},{"not_picked":["Flame Barrier","Flex"],"picked":"Cleave"},{"not_picked":["Feed","Reaper"],"picked":"Limit Break"},{"not_picked":["Evolve","Body Slam"],"picked":"Shrug It Off"},{"not_picked":["Cleave","Perfected Strike"],"picked":"Shrug It Off"},{"not_picked":["Iron Wave","Anger"],"picked":"Demon Form"},{"not_picked":["Twin Strike","Body Slam"],"picked":"True Grit"},{"not_picked":["Perfected Strike","Wild Strike"],"picked":"Pommel Strike"},{"not_picked":["Inflame","Flame Barrier"],"picked":"Headbutt"}],"player_experience":298408,"potions_floor_usage":[4,16,29],"damage_taken":[{"damage":6,"enemies":"Jaw Worm","floor":1,"turns":4},{"damage":0,"enemies":"Small Slimes","floor":2,"turns":3},{"damage":3,"enemies":"2 Louse","floor":3,"turns":3},{"damage":8,"enemies":"Exordium Thugs","floor":4,"turns":5},{"damage":25,"enemies":"Gremlin Nob","floor":7,"turns":4},{"damage":4,"enemies":"2 Fungi Beasts","floor":8,"turns":2},{"damage":18,"enemies":"Lagavulin","floor":11,"turns":5},{"damage":22,"enemies":"The Guardian","floor":16,"turns":9},{"damage":0,"enemies":"Spheric Guardian","floor":18,"turns":3},{"damage":20,"enemies":"2 Thieves","floor":22,"turns":3},{"damage":51,"enemies":"Book of Stabbing","floor":24,"turns":6},{"damage":13,"enemies":"Snake Plant","floor":25,"turns":3},{"damage":16,"enemies":"Chosen and Byrds","floor":29,"turns":6},{"damage":22,"enemies":"Sentry and Sphere","floor":30,"turns":3},{"damage":126,"enemies":"Automaton","floor":33,"turns":12}],"event_choices":[{"event_name":"World of Goop","player_choice":"Gather Gold","floor":12,"damage_taken":0},{"event_name":"Dead Adventurer","player_choice":"Searched \u00271\u0027 times","floor":14,"damage_taken":0},{"event_name":"Cursed Tome","player_choice":"Obtained Book","floor":19,"damage_taken":0},{"event_name":"Upgrade Shrine","player_choice":"Upgraded","floor":21,"damage_taken":0}],"boss_relics":[{"not_picked":["Black Blood","Pandora\u0027s Box"],"picked":"Sozu"}],"potions_floor_spawned":[1,3,11,18,29],"seed_played":"-5476537721957872889","killed_by":"Automaton","ascension_level":1,"is_trial":false}