{"gold_per_floor":[218,20,31,50,50,50,81,81,81,113,113,144,92,110,110,207,207,225,244,12,23,123,123,123,123,200,200,234,248,248,267,267,367,367,384,395,395,409,67,96,96,107,159,184,184,29,43,143,143,143,143,143,68,95,95],"floor_reached":56,"playtime":6324,"items_purged":["Strike_G","Strike_G"],"score":1864,"play_id":"375ce13c-6f7e-4bd0-a0a9-801455ef4661","local_time":"20190402162758","is_ascension_mode":true,"campfire_choices":[{"data":"Leg Sweep","floor":6.0,"key":"SMITH"},{"data":"Neutralize","floor":8.0,"key":"SMITH"},{"data":"Noxious Fumes","floor":11.0,"key":"SMITH"},{"data":"Envenom","floor":15.0,"key":"SMITH"},{"data":"Well Laid Plans","floor":23.0,"key":"SMITH"},{"floor":25.0,"key":"RECALL"},{"floor":30.0,"key":"REST"},{"floor":32.0,"key":"REST"},{"data":"Defend_G","floor":41,"key":"SMITH"},{"floor":49,"key":"REST"},{"data":"Defend_G","floor":52,"key":"SMITH"}],"neow_cost":"NONE","seed_source_timestamp":0,"circlet_count":0,"master_deck":["AscendersBane","Defend_G+1","Defend_G+1","Defend_G+1","Defend_G","Defend_G","Strike_G+1","Strike_G","Strike_G","Survivor","Neutralize+1","Leg Sweep+1","Noxious Fumes+1","Cloak And Dagger+1","Dagger Throw","Riddle With Holes+1","Envenom+1","Leg Sweep+1","Deflect+1","Deadly Poison+1","Burst+1","Deadly Poison+1","Bouncing Flask+1","Well Laid Plans+1","Catalyst+1","Blur+1","Corpse Explosion+1","Adrenaline+1","Cloak And Dagger+1","Catalyst+1","Predator+1","Bullet Time+1","Bouncing Flask+1","Catalyst+1"],"special_seed":0,"relics":["Ring of the Snake","Matryoshka","Orichalcum","Toxic Egg 2","War Paint","Whetstone","Singing Bowl","Sozu","Calipers","Molten Egg 2","Art of War","Prayer Wheel","Snecko Eye","Paper Crane","The Specimen","Strawberry","Vajra","Bird Faced Urn","Oddly Smooth Stone"],"potions_floor_usage":[],"damage_taken":[{"damage":2.0,"enemies":"2 Louse","floor":1.0,"turns":4.0},{"damage":5.0,"enemies":"Cultist","floor":3.0,"turns":5.0},{"damage":1.0,"enemies":"Small Slimes","floor":4.0,"turns":5.0},{"damage":19.0,"enemies":"Lagavulin","floor":7.0,"turns":9.0},{"damage":8.0,"enemies":"Gremlin Nob","floor":10.0,"turns":5.0},{"damage":10.0,"enemies":"3 Sentries","floor":12.0,"turns":9.0},{"damage":1.0,"enemies":"3 Louse","floor":14.0,"turns":3.0},{"damage":9.0,"enemies":"The Guardian","floor":16.0,"turns":11.0},{"damage":7.0,"enemies":"3 Byrds","floor":18.0,"turns":5.0},{"damage":2.0,"enemies":"Spheric Guardian","floor":19.0,"turns":6.0},{"damage":4.0,"enemies":"Centurion and Healer","floor":21.0,"turns":5.0},{"damage":6.0,"enemies":"Colosseum Slavers","floor":22.0,"turns":5.0},{"damage":5.0,"enemies":"Colosseum Nobs","floor":22.0,"turns":6.0},{"damage":37.0,"enemies":"Slavers","floor":28.0,"turns":6.0},{"damage":21.0,"enemies":"Shelled Parasite and Fungi","floor":29.0,"turns":5.0},{"damage":15.0,"enemies":"Snake Plant","floor":31.0,"turns":5.0},{"damage":37,"enemies":"Collector","floor":33,"turns":9},{"damage":0,"enemies":"3 Darklings","floor":35,"turns":1},{"damage":0,"enemies":"Orb Walker","floor":36,"turns":3},{"damage":0,"enemies":"Sphere and 2 Shapes","floor":38,"turns":5},{"damage":0,"enemies":"Giant Head","floor":40,"turns":5},{"damage":27,"enemies":"Jaw Worm Horde","floor":42,"turns":3},{"damage":0,"enemies":"Nemesis","floor":44,"turns":5},{"damage":0,"enemies":"3 Darklings","floor":47,"turns":2},{"damage":0,"enemies":"Mind Bloom Boss Battle","floor":48,"turns":5},{"damage":10,"enemies":"Awakened One","floor":50,"turns":9},{"damage":29,"enemies":"Shield and Spear","floor":54,"turns":5},{"damage":41,"enemies":"The Heart","floor":55,"turns":5}],"seed_played":"7815501882102848828","potions_obtained":[{"floor":1.0,"key":"LiquidBronze"},{"floor":3.0,"key":"FearPotion"},{"floor":16.0,"key":"SteroidPotion"}],"is_trial":false,"path_per_floor":["M","$","M","M","?","R","E","R","T","E","R","E","?","M","R","B",null,"M","M","$","M","?","R","?","R","T","?","E","M","R","M","R","B",null,"M","M","?","M","$","E","R","M","T","E","?","$","M","?","R","B",null,"R","$","E","B",null],"character_chosen":"THE_SILENT","items_purchased":["Noxious Fumes","Cloak And Dagger","Regen Potion","Deadly Poison+1","Bouncing Flask+1","Well Laid Plans","Paper Crane","Bullet Time+1","Catalyst+1"],"campfire_rested":3,"item_purchase_floors":[2,2,2,20,20,20,39,46,53],"current_hp_per_floor":[61,61,56,55,60,60,56,56,56,48,48,38,38,37,37,28,63,58,58,58,56,47,47,74,74,74,74,39,22,48,33,59,22,72,76,78,78,82,82,84,84,61,68,68,70,70,74,74,109,105,115,115,115,92,53],"gold":95,"neow_bonus":"HUNDRED_GOLD","is_prod":false,"is_daily":false,"chose_seed":false,"campfire_upgraded":7,"win_rate":0,"timestamp":1554247678,"path_taken":["M","$","M","M","?","R","E","R","T","E","R","E","?","M","R","BOSS","M","M","$","?","?","R","?","R","T","?","E","?","R","M","R","BOSS","M","M","?","M","$","E","R","?","T","E","?","$","M","?","R","BOSS","R","$","E","BOSS"],"build_version":"2019-01-23","purchased_purges":2,"victory":true,"max_hp_per_floor":[70,70,70,70,75,75,75,75,75,75,75,75,75,75,75,75,75,77,79,79,81,83,83,83,83,83,83,85,89,89,89,89,89,89,93,95,95,99,99,101,101,105,112,112,114,114,118,118,118,118,118,118,118,120,120],"card_choices":[{"not_picked":["Underhanded Strike","Deadly Poison"],"picked":"Leg Sweep","floor":1.0},{"not_picked":["Dagger Spray","Bane"],"picked":"Dagger Throw","floor":3.0},{"not_picked":["Bane","Expertise"],"picked":"Riddle With Holes","floor":4.0},{"not_picked":["Expertise","Blade Dance"],"picked":"Envenom","floor":7.0},{"not_picked":["Cloak And Dagger+1","Expertise+1"],"picked":"Leg Sweep+1","floor":10.0},{"not_picked":["Bane","Outmaneuver+1"],"picked":"Deflect+1","floor":12.0},{"not_picked":["Endless Agony","Reflex+1"],"picked":"Deadly Poison+1","floor":14.0},{"not_picked":["Grand Finale","Glass Knife"],"picked":"Burst+1","floor":16.0},{"not_picked":["Flechettes+1","Quick Slash","Accuracy"],"picked":"Singing Bowl","floor":18.0},{"not_picked":["Dagger Spray","Sucker Punch+1","Dagger Throw"],"picked":"Singing Bowl","floor":19.0},{"not_picked":["Sucker Punch","Outmaneuver+1","Bane+1"],"picked":"Singing Bowl","floor":21.0},{"not_picked":["Bouncing Flask+1","Bane","Quick Slash"],"picked":"Singing Bowl","floor":22.0},{"not_picked":["Calculated Gamble+1","Outmaneuver+1","Acrobatics+1"],"picked":"Singing Bowl","floor":28.0},{"not_picked":["Doppelganger+1","Sucker Punch+1","Outmaneuver+1"],"picked":"Singing Bowl","floor":29.0},{"not_picked":["Flying Knee+1","Expertise+1","Dagger Throw+1"],"picked":"Singing Bowl","floor":29.0},{"not_picked":["Dagger Throw+1","Choke+1"],"picked":"Catalyst+1","floor":31.0},{"not_picked":["Reflex+1","Flechettes+1"],"picked":"Blur+1","floor":31.0},{"not_picked":["Tools of the Trade","Doppelganger+1"],"picked":"Corpse Explosion+1","floor":33},{"not_picked":["Dagger Spray+1","Dodge and Roll+1","Masterful Stab+1"],"picked":"Singing Bowl","floor":35},{"not_picked":["Flechettes+1","Setup+1","Dodge and Roll+1"],"picked":"Singing Bowl","floor":35},{"not_picked":["Deflect+1","Slice+1","Underhanded Strike+1"],"picked":"Singing Bowl","floor":36},{"not_picked":["Expertise+1","Dagger Spray+1"],"picked":"Adrenaline+1","floor":36},{"not_picked":["Heel Hook+1","Endless Agony+1","Distraction+1"],"picked":"Singing Bowl","floor":38},{"not_picked":["Infinite Blades","Dagger Spray+1","Backflip+1"],"picked":"Singing Bowl","floor":38},{"not_picked":["Outmaneuver+1","Cloak And Dagger+1","Dodge and Roll+1"],"picked":"Singing Bowl","floor":40},{"not_picked":["Terror+1","PiercingWail+1","Backstab+1"],"picked":"Singing Bowl","floor":42},{"not_picked":["Heel Hook+1","Deflect+1","Flechettes+1"],"picked":"Singing Bowl","floor":42},{"not_picked":["Bane+1","Dagger Throw+1"],"picked":"Predator+1","floor":44},{"not_picked":["Panacea+1","Mayhem","Forethought+1"],"picked":"Singing Bowl","floor":45},{"not_picked":["Dagger Throw+1","Calculated Gamble+1","Deflect+1"],"picked":"Singing Bowl","floor":47},{"not_picked":["Deflect+1","Eviscerate+1","Poisoned Stab+1"],"picked":"Singing Bowl","floor":47},{"not_picked":["Cloak And Dagger+1","Backflip+1"],"picked":"Bouncing Flask+1","floor":48},{"not_picked":["Blade Dance+1","Eviscerate+1","Dagger Throw+1"],"picked":"Singing Bowl","floor":54}],"player_experience":367611,"relics_obtained":[{"floor":7.0,"key":"Matryoshka"},{"floor":9.0,"key":"Orichalcum"},{"floor":9.0,"key":"Toxic Egg 2"},{"floor":10.0,"key":"War Paint"},{"floor":12.0,"key":"Whetstone"},{"floor":22.0,"key":"Calipers"},{"floor":22.0,"key":"Molten Egg 2"},{"floor":26.0,"key":"Art of War"},{"floor":28.0,"key":"Prayer Wheel"},{"floor":40,"key":"The Specimen"},{"floor":43,"key":"Strawberry"},{"floor":44,"key":"Vajra"},{"floor":48,"key":"Bird Faced Urn"},{"floor":54,"key":"Oddly Smooth Stone"}],"event_choices":[{"damage_healed":0.0,"max_hp_gain":5.0,"max_hp_loss":0.0,"gold_gain":0.0,"event_name":"Big Fish","player_choice":"Donut","floor":5.0,"gold_loss":0.0,"damage_taken":0.0},{"damage_healed":0.0,"max_hp_gain":0.0,"max_hp_loss":0.0,"gold_gain":0.0,"event_name":"WeMeetAgain","player_choice":"Paid Gold","floor":13.0,"gold_loss":52.0,"damage_taken":0.0,"relics_obtained":["Singing Bowl"]},{"damage_healed":0.0,"max_hp_gain":0.0,"max_hp_loss":0.0,"gold_gain":0.0,"event_name":"Colosseum","player_choice":"Fight","floor":22.0,"gold_loss":0.0,"damage_taken":0.0},{"damage_healed":0.0,"max_hp_gain":0.0,"max_hp_loss":0.0,"gold_gain":0.0,"event_name":"Colosseum","player_choice":"Fought Nobs","floor":22.0,"gold_loss":0.0,"damage_taken":0.0},{"damage_healed":27.0,"max_hp_gain":0.0,"max_hp_loss":0.0,"gold_gain":0.0,"event_name":"The Library","player_choice":"Heal","floor":24.0,"gold_loss":0.0,"damage_taken":0.0},{"damage_healed":0.0,"max_hp_gain":0.0,"max_hp_loss":0.0,"gold_gain":0.0,"event_name":"Lab","player_choice":"Got Potions","floor":27.0,"gold_loss":0.0,"damage_taken":0.0},{"damage_healed":0,"gold_gain":0,"player_choice":"2 cards matched","damage_taken":0,"max_hp_gain":0,"max_hp_loss":0,"event_name":"Match and Keep!","floor":37,"gold_loss":0,"cards_obtained":["Cloak And Dagger","Catalyst"]},{"damage_healed":0,"gold_gain":0,"player_choice":"2 cards matched","damage_taken":0,"max_hp_gain":0,"max_hp_loss":0,"event_name":"Match and Keep!","floor":37,"gold_loss":0,"cards_obtained":["Cloak And Dagger","Catalyst"]},{"damage_healed":0,"gold_gain":0,"player_choice":"Memory 1","damage_taken":0,"max_hp_gain":0,"max_hp_loss":0,"event_name":"SensoryStone","floor":45,"gold_loss":0},{"damage_healed":0,"gold_gain":0,"player_choice":"Fight","damage_taken":0,"max_hp_gain":0,"max_hp_loss":0,"event_name":"MindBloom","floor":48,"gold_loss":0}],"is_beta":false,"boss_relics":[{"not_picked":["Empty Cage","Black Star"],"picked":"Sozu"},{"not_picked":["Runic Pyramid","Runic Dome"],"picked":"Snecko Eye"}],"items_purged_floors":[20,39],"is_endless":false,"potions_floor_spawned":[1,3,16,22,28,33,35,38,42,48],"ascension_level":11}