{"gold_per_floor":[116,128,147,161,161,161,179,190,190,219,219,219,231,231,231,326,326,340,340,440,400,416,416,449,449,502,502,517,530,404,418,418,521,571,582,582,37,57,57,88,88,123,123,154,154,166,166,185,185,185],"floor_reached":51,"playtime":6086,"items_purged":["Strike_R","Strike_R"],"score":1097,"play_id":"8e503aad-7de7-4208-8883-a190228acff4","local_time":"20190331181916","is_ascension_mode":true,"campfire_choices":[{"data":"Shrug It Off","floor":6.0,"key":"SMITH"},{"floor":12.0,"key":"REST"},{"floor":15.0,"key":"REST"},{"floor":23.0,"key":"REST"},{"floor":25.0,"key":"REST"},{"data":"Demon Form","floor":27.0,"key":"SMITH"},{"floor":32.0,"key":"REST"},{"data":"Shrug It Off","floor":41.0,"key":"SMITH"},{"floor":45,"key":"REST"},{"data":"Heavy Blade","floor":47,"key":"SMITH"},{"floor":49,"key":"REST"}],"neow_cost":"NONE","seed_source_timestamp":0,"circlet_count":0,"master_deck":["Strike_R+1","Strike_R","Strike_R","Defend_R+1","Defend_R","Defend_R","Defend_R+1","Bash","Whirlwind","Shrug It Off+1","Carnage+1","Blind","Bash","Headbutt","Shrug It Off+1","Demon Form+1","Heavy Blade+1","Spot Weakness+1","Heavy Blade+1","Battle Trance","Feed","Seeing Red+1","Pommel Strike+1","Shrug It Off","Inflame","Shrug It Off+1","Shrug It Off+1","Ghostly Armor+1","Disarm+1","Armaments+1","Pummel+1"],"special_seed":0,"relics":["Sozu","War Paint","Red Skull","Philosopher\u0027s Stone","MutagenicStrength","Gambling Chip","Kunai","Dream Catcher","Strawberry","Tiny House","Regal Pillow","ClockworkSouvenir","Toxic Egg 2","Happy Flower","Meat on the Bone","Gremlin Horn"],"potions_floor_usage":[],"damage_taken":[{"damage":0.0,"enemies":"Small Slimes","floor":1.0,"turns":3.0},{"damage":1.0,"enemies":"Cultist","floor":2.0,"turns":3.0},{"damage":0.0,"enemies":"2 Louse","floor":3.0,"turns":2.0},{"damage":14.0,"enemies":"Red Slaver","floor":4.0,"turns":2.0},{"damage":1.0,"enemies":"Blue Slaver","floor":7.0,"turns":3.0},{"damage":0.0,"enemies":"3 Louse","floor":8.0,"turns":1.0},{"damage":19.0,"enemies":"Gremlin Nob","floor":10.0,"turns":4.0},{"damage":14.0,"enemies":"Gremlin Gang","floor":13.0,"turns":5.0},{"damage":24.0,"enemies":"The Guardian","floor":16.0,"turns":12.0},{"damage":30.0,"enemies":"2 Thieves","floor":18.0,"turns":5.0},{"damage":7.0,"enemies":"Colosseum Slavers","floor":20.0,"turns":3.0},{"damage":10.0,"enemies":"Colosseum Nobs","floor":20.0,"turns":3.0},{"damage":0.0,"enemies":"Spheric Guardian","floor":22.0,"turns":1.0},{"damage":22.0,"enemies":"Gremlin Leader","floor":24.0,"turns":3.0},{"damage":8.0,"enemies":"Snake Plant","floor":28.0,"turns":3.0},{"damage":24.0,"enemies":"Chosen and Byrds","floor":29.0,"turns":5.0},{"damage":6.0,"enemies":"Shelled Parasite and Fungi","floor":31.0,"turns":3.0},{"damage":19.0,"enemies":"Collector","floor":33.0,"turns":6.0},{"damage":0.0,"enemies":"3 Shapes","floor":35.0,"turns":4.0},{"damage":0.0,"enemies":"Orb Walker","floor":38.0,"turns":3.0},{"damage":0.0,"enemies":"Nemesis","floor":40.0,"turns":3.0},{"damage":14,"enemies":"Giant Head","floor":42,"turns":6},{"damage":28,"enemies":"Reptomancer","floor":44,"turns":5},{"damage":0,"enemies":"Maw","floor":46,"turns":4},{"damage":14,"enemies":"Spire Growth","floor":48,"turns":5},{"damage":33,"enemies":"Time Eater","floor":50,"turns":6}],"seed_played":"6792684912421840083","potions_obtained":[],"is_trial":false,"path_per_floor":["M","M","M","M","?","R","M","M","T","E","?","R","M","$","R","B",null,"M","?","?","?","M","R","E","R","T","R","M","M","$","M","R","B",null,"M","?","$","M","?","E","R","E","T","E","R","M","R","M","R","B",null],"character_chosen":"IRONCLAD","items_purchased":["Heavy Blade","Shrug It Off","Regal Pillow","ClockworkSouvenir","Inflame"],"campfire_rested":7,"item_purchase_floors":[30,37,37,37,37],"current_hp_per_floor":[72,71,71,57,57,57,56,56,56,37,37,61,47,47,71,47,72,42,42,25,25,25,49,27,51,58,58,50,26,26,20,46,27,77,80,80,80,83,83,86,86,72,72,56,101,104,104,93,107,78],"gold":185,"neow_bonus":"BOSS_RELIC","is_prod":false,"is_daily":false,"chose_seed":false,"campfire_upgraded":4,"win_rate":0,"timestamp":1554074356,"path_taken":["M","M","M","M","?","R","M","?","T","E","?","R","M","$","R","BOSS","M","?","?","?","M","R","E","R","T","R","M","?","$","M","R","BOSS","M","?","$","M","?","E","R","E","T","E","R","M","R","?","R","BOSS"],"build_version":"2019-01-23","purchased_purges":2,"victory":true,"max_hp_per_floor":[80,80,80,80,80,80,80,80,80,80,80,80,80,80,80,80,80,80,80,80,80,80,80,80,80,87,87,87,87,87,87,87,87,92,95,95,95,98,98,101,101,101,101,101,101,104,104,107,107,111],"card_choices":[{"not_picked":["Sword Boomerang","Power Through"],"picked":"Whirlwind","floor":1.0},{"not_picked":["Warcry","Perfected Strike"],"picked":"Shrug It Off","floor":2.0},{"not_picked":["Corruption","Anger"],"picked":"Carnage","floor":3.0},{"not_picked":["Fire Breathing","Perfected Strike","Cleave"],"picked":"SKIP","floor":4.0},{"not_picked":["Clothesline","Barricade"],"picked":"Headbutt","floor":7.0},{"not_picked":["Warcry","Infernal Blade","Heavy Blade"],"picked":"SKIP","floor":8.0},{"not_picked":["True Grit","Twin Strike","Barricade"],"picked":"SKIP","floor":10.0},{"not_picked":["Clothesline","Fire Breathing"],"picked":"Shrug It Off","floor":13.0},{"not_picked":["Feed","Juggernaut"],"picked":"Demon Form","floor":16.0},{"not_picked":["Twin Strike","Clothesline"],"picked":"Heavy Blade+1","floor":18.0},{"not_picked":["Sentinel","Sword Boomerang"],"picked":"Spot Weakness","floor":22.0},{"not_picked":["Bloodletting","Thunderclap","Body Slam"],"picked":"SKIP","floor":24.0},{"not_picked":["Clothesline","Whirlwind","Thunderclap"],"picked":"SKIP","floor":28.0},{"not_picked":["Whirlwind+1","Cleave+1","Clothesline"],"picked":"SKIP","floor":29.0},{"not_picked":["Pommel Strike","Shockwave"],"picked":"Battle Trance","floor":31.0},{"not_picked":["Demon Form","Bludgeon"],"picked":"Feed","floor":33.0},{"not_picked":["Feel No Pain","Second Wind"],"picked":"Seeing Red+1","floor":34.0},{"not_picked":["Carnage","Headbutt+1"],"picked":"Pommel Strike","floor":35.0},{"not_picked":["Blood for Blood","Bloodletting"],"picked":"Shrug It Off+1","floor":38.0},{"not_picked":["Havoc","Cleave"],"picked":"Shrug It Off+1","floor":40.0},{"not_picked":["Clash","Bloodletting+1","Thunderclap+1"],"picked":"SKIP","floor":42},{"not_picked":["Power Through+1","Flex+1","Heavy Blade+1"],"picked":"SKIP","floor":44},{"not_picked":["Juggernaut","Thunderclap+1"],"picked":"Ghostly Armor+1","floor":45},{"not_picked":["Rupture","Pommel Strike"],"picked":"Disarm+1","floor":46},{"not_picked":["True Grit+1","Wild Strike+1"],"picked":"Armaments+1","floor":48},{"not_picked":["True Grit+1","Rupture+1"],"picked":"Pummel+1","floor":49}],"player_experience":362610,"relics_obtained":[{"floor":9.0,"key":"War Paint"},{"floor":10.0,"key":"Red Skull"},{"floor":20.0,"key":"Gambling Chip"},{"floor":20.0,"key":"Kunai"},{"floor":24.0,"key":"Dream Catcher"},{"floor":26.0,"key":"Strawberry"},{"floor":40.0,"key":"Toxic Egg 2"},{"floor":42,"key":"Happy Flower"},{"floor":43,"key":"Meat on the Bone"},{"floor":44,"key":"Gremlin Horn"}],"event_choices":[{"damage_healed":0.0,"max_hp_gain":0.0,"max_hp_loss":0.0,"gold_gain":0.0,"event_name":"Match and Keep!","player_choice":"2 cards matched","floor":5.0,"gold_loss":0.0,"damage_taken":0.0,"cards_obtained":["Blind","Bash"]},{"damage_healed":0.0,"max_hp_gain":0.0,"max_hp_loss":0.0,"gold_gain":0.0,"event_name":"Lab","player_choice":"Got Potions","floor":11.0,"gold_loss":0.0,"damage_taken":0.0},{"damage_healed":0.0,"max_hp_gain":0.0,"max_hp_loss":0.0,"gold_gain":0.0,"event_name":"Drug Dealer","player_choice":"Inject Mutagens","floor":19.0,"gold_loss":0.0,"damage_taken":0.0,"relics_obtained":["MutagenicStrength"]},{"damage_healed":0.0,"max_hp_gain":0.0,"max_hp_loss":0.0,"gold_gain":0.0,"event_name":"Colosseum","player_choice":"Fight","floor":20.0,"gold_loss":0.0,"damage_taken":0.0},{"damage_healed":0.0,"max_hp_gain":0.0,"max_hp_loss":0.0,"gold_gain":0.0,"event_name":"Colosseum","player_choice":"Fought Nobs","floor":20.0,"gold_loss":0.0,"damage_taken":0.0},{"damage_healed":0.0,"max_hp_gain":0.0,"max_hp_loss":0.0,"gold_gain":0.0,"event_name":"Designer","player_choice":"Upgraded Two","floor":21.0,"gold_loss":40.0,"damage_taken":0.0,"cards_upgraded":["Strike_R","Carnage"]},{"damage_healed":0.0,"max_hp_gain":0.0,"max_hp_loss":0.0,"gold_gain":0.0,"event_name":"Tomb of Lord Red Mask","player_choice":"Ignored","floor":36.0,"gold_loss":0.0,"damage_taken":0.0},{"damage_healed":0.0,"max_hp_gain":0.0,"max_hp_loss":0.0,"gold_gain":0.0,"event_name":"Accursed Blacksmith","player_choice":"Forge","floor":39.0,"gold_loss":0.0,"damage_taken":0.0,"cards_upgraded":["Pommel Strike"]}],"is_beta":false,"boss_relics":[{"not_picked":["Lizard Tail","Busted Crown"],"picked":"Philosopher\u0027s Stone"},{"not_picked":["Pandora\u0027s Box","Mark of Pain"],"picked":"Tiny House"}],"items_purged_floors":[30,37],"is_endless":false,"potions_floor_spawned":[3,7,10,20,24,28,33,35,40,44],"ascension_level":7}