{"gold_per_floor":[113,125,50,60,76,76,102,102,102,112,12,30,30,41,41,143,143,159,34,46,0,15,42,42,42,42,55,55,55,55,68,68,68],"floor_reached":33,"playtime":4232,"items_purged":["Strike_R","Strike_R","Strike_R"],"score":390,"play_id":"0e581f1a-136d-4153-b7e9-67dc7d0676dd","local_time":"20190421195214","is_ascension_mode":true,"campfire_choices":[{"data":"Searing Blow","floor":6,"key":"SMITH"},{"data":"Searing Blow+1","floor":8,"key":"SMITH"},{"data":"Searing Blow+2","floor":15,"key":"SMITH"},{"data":"Barricade","floor":24,"key":"SMITH"},{"floor":30,"key":"REST"},{"data":"Berserk","floor":32,"key":"SMITH"}],"neow_cost":"NONE","seed_source_timestamp":29821401826500,"circlet_count":0,"master_deck":["Strike_R+1","Strike_R+1","Defend_R","Defend_R","Defend_R","Defend_R","Bash","Searing Blow+3","Armaments","Iron Wave","Rampage","Shrug It Off","Thunderclap","Infernal Blade","Intimidate","Barricade+1","Headbutt","Berserk+1","Sword Boomerang+1","Shame","Armaments+1"],"relics":["Burning Blood","Blood Vial","Centennial Puzzle","Thread and Needle","Mark of Pain","Pear","Nloth\u0027s Gift","Vajra","Bag of Marbles"],"potions_floor_usage":[23,23,31],"damage_taken":[{"damage":1,"enemies":"Cultist","floor":1,"turns":3},{"damage":4,"enemies":"Small Slimes","floor":2,"turns":3},{"damage":0,"enemies":"2 Louse","floor":4,"turns":3},{"damage":11,"enemies":"Looter","floor":5,"turns":3},{"damage":30,"enemies":"Gremlin Nob","floor":7,"turns":4},{"damage":13,"enemies":"Exordium Thugs","floor":10,"turns":6},{"damage":5,"enemies":"3 Louse","floor":12,"turns":4},{"damage":0,"enemies":"Large Slime","floor":14,"turns":4},{"damage":43,"enemies":"Slime Boss","floor":16,"turns":12},{"damage":7,"enemies":"Shell Parasite","floor":18,"turns":4},{"damage":7,"enemies":"Spheric Guardian","floor":20,"turns":4},{"damage":11,"enemies":"Centurion and Healer","floor":22,"turns":4},{"damage":44,"enemies":"Book of Stabbing","floor":23,"turns":6},{"damage":21,"enemies":"Cultist and Chosen","floor":27,"turns":7},{"damage":9,"enemies":"Shelled Parasite and Fungi","floor":31,"turns":5},{"damage":86,"enemies":"Collector","floor":33,"turns":10}],"seed_played":"1569464760243273634","potions_obtained":[{"floor":2,"key":"Dexterity Potion"},{"floor":5,"key":"PowerPotion"},{"floor":10,"key":"Explosive Potion"}],"is_trial":false,"path_per_floor":["M","M","$","M","M","R","E","R","T","M","$","M","T","M","R","B",null,"M","$","M","?","M","E","R","?","T","M","?","?","R","M","R","B"],"character_chosen":"IRONCLAD","items_purchased":[],"campfire_rested":1,"item_purchase_floors":[],"current_hp_per_floor":[77,79,79,80,75,75,51,51,51,46,46,49,49,57,57,22,66,67,67,68,68,65,39,39,39,39,26,26,56,83,82,82,0],"gold":68,"neow_bonus":"RANDOM_COMMON_RELIC","is_prod":false,"is_daily":false,"chose_seed":false,"campfire_upgraded":5,"win_rate":0,"timestamp":1555869134,"path_taken":["M","M","$","M","M","R","E","R","T","?","$","M","?","M","R","BOSS","M","$","M","?","M","E","R","?","T","?","?","?","R","M","R","BOSS"],"build_version":"2019-01-23","purchased_purges":3,"victory":false,"max_hp_per_floor":[80,80,80,80,80,80,80,80,80,80,80,80,80,80,80,80,80,80,80,80,80,80,90,90,90,90,90,90,90,90,90,90,90],"card_choices":[{"not_picked":["Wild Strike","Rupture"],"picked":"Searing Blow","floor":1},{"not_picked":["Havoc","Headbutt"],"picked":"Armaments","floor":2},{"not_picked":["Dropkick","Wild Strike"],"picked":"Iron Wave","floor":4},{"not_picked":["Offering","Thunderclap"],"picked":"Rampage","floor":5},{"not_picked":["True Grit","Feel No Pain"],"picked":"Shrug It Off","floor":7},{"not_picked":["Clash","Anger"],"picked":"Thunderclap","floor":10},{"not_picked":["Wild Strike","Limit Break"],"picked":"Infernal Blade","floor":12},{"not_picked":["Sword Boomerang","Infernal Blade"],"picked":"Intimidate","floor":14},{"not_picked":["Brutality","Berserk"],"picked":"Barricade","floor":16},{"not_picked":["Wild Strike","Rupture"],"picked":"Headbutt","floor":18},{"not_picked":["Dual Wield","Rage","Havoc"],"picked":"SKIP","floor":20},{"not_picked":["Rampage+1","Wild Strike+1","Shrug It Off"],"picked":"SKIP","floor":22},{"not_picked":["Anger","Sentinel"],"picked":"Berserk","floor":23},{"not_picked":["Headbutt","Havoc"],"picked":"Sword Boomerang+1","floor":27},{"not_picked":["True Grit","Wild Strike+1"],"picked":"Armaments+1","floor":31}],"player_experience":665280,"relics_obtained":[{"floor":7,"key":"Blood Vial"},{"floor":9,"key":"Centennial Puzzle"},{"floor":13,"key":"Thread and Needle"},{"floor":23,"key":"Pear"},{"floor":26,"key":"Vajra"}],"event_choices":[{"damage_healed":0,"gold_gain":0,"player_choice":"Paid Fearfully","damage_taken":0,"max_hp_gain":0,"max_hp_loss":0,"event_name":"Masked Bandits","floor":21,"gold_loss":46},{"damage_healed":0,"gold_gain":0,"player_choice":"Traded Relic","damage_taken":0,"relics_obtained":["Nloth\u0027s Gift"],"max_hp_gain":0,"max_hp_loss":0,"event_name":"N\u0027loth","floor":25,"relics_lost":["Whetstone"],"gold_loss":0},{"damage_healed":0,"gold_gain":0,"player_choice":"Stole Relic","damage_taken":0,"relics_obtained":["Bag of Marbles"],"max_hp_gain":0,"max_hp_loss":0,"event_name":"Addict","floor":28,"gold_loss":0,"cards_obtained":["Shame"]},{"damage_healed":30,"gold_gain":0,"player_choice":"Heal","damage_taken":0,"max_hp_gain":0,"max_hp_loss":0,"event_name":"The Library","floor":29,"gold_loss":0}],"is_beta":false,"boss_relics":[{"not_picked":["Sozu","Fusion Hammer"],"picked":"Mark of Pain"}],"items_purged_floors":[3,11,19],"is_endless":false,"potions_floor_spawned":[2,5,10,22],"killed_by":"Collector","ascension_level":9}