{"gold_per_floor":[18,35,35,14,14,14,28,28,28,48,48,48,62,86,86,86],"floor_reached":16,"playtime":1447,"items_purged":[],"score":92,"play_id":"ba7dab43-1e1c-4ed5-88c0-8b9dfb9d7a5a","local_time":"20190210014112","is_ascension_mode":false,"campfire_choices":[{"data":"Armaments","floor":6,"key":"SMITH"},{"data":"Searing Blow","floor":15,"key":"SMITH"}],"neow_cost":"NO_GOLD","seed_source_timestamp":988097805533300,"circlet_count":0,"master_deck":["Strike_R","Strike_R","Strike_R","Strike_R","Defend_R","Defend_R","Defend_R","Defend_R","Bash","Body Slam","Armaments+1","Dropkick","Cleave","Searing Blow+1","Thunderclap"],"relics":["Burning Blood","Mango","Golden Idol","Juzu Bracelet"],"potions_floor_usage":[16,16],"damage_taken":[{"damage":6,"enemies":"Jaw Worm","floor":1,"turns":4},{"damage":2,"enemies":"Small Slimes","floor":2,"turns":5},{"damage":0,"enemies":"Cultist","floor":7,"turns":4},{"damage":0,"enemies":"Looter","floor":10,"turns":4},{"damage":10,"enemies":"Gremlin Gang","floor":13,"turns":3},{"damage":21,"enemies":"Large Slime","floor":14,"turns":8},{"damage":91,"enemies":"Hexaghost","floor":16,"turns":10}],"seed_played":"-25937124525130663","potions_obtained":[{"floor":10,"key":"SkillPotion"},{"floor":13,"key":"Regen Potion"}],"is_trial":false,"path_per_floor":["M","M","?","?","$","R","M","$","T","M","?","?","M","M","R","B"],"character_chosen":"IRONCLAD","items_purchased":[],"campfire_rested":0,"item_purchase_floors":[],"current_hp_per_floor":[94,94,71,71,71,71,77,77,77,83,76,94,90,75,75,0],"gold":86,"neow_bonus":"ONE_RARE_RELIC","is_prod":false,"is_daily":false,"chose_seed":false,"campfire_upgraded":2,"win_rate":0.0,"timestamp":1549759272,"path_taken":["M","M","?","?","?","R","M","$","T","M","?","?","M","M","R","BOSS"],"build_version":"2019-01-23","purchased_purges":0,"victory":false,"max_hp_per_floor":[94,94,94,94,94,94,94,94,94,94,94,94,94,94,94,94],"card_choices":[{"not_picked":["Combust","Pommel Strike"],"picked":"Body Slam","floor":1},{"not_picked":["Cleave","Entrench"],"picked":"Armaments","floor":2},{"not_picked":["Sword Boomerang","Warcry"],"picked":"Dropkick","floor":7},{"not_picked":["Corruption","Rage"],"picked":"Cleave","floor":10},{"not_picked":["True Grit","Disarm"],"picked":"Searing Blow","floor":13},{"not_picked":["Reckless Charge","True Grit"],"picked":"Thunderclap","floor":14}],"player_experience":3406,"relics_obtained":[{"floor":9,"key":"Juzu Bracelet"}],"event_choices":[{"damage_healed":0,"gold_gain":0,"player_choice":"Take Damage","damage_taken":23,"relics_obtained":["Golden Idol"],"max_hp_gain":0,"max_hp_loss":0,"event_name":"Golden Idol","floor":3,"gold_loss":0},{"damage_healed":0,"gold_gain":0,"player_choice":"Left Gold","damage_taken":0,"max_hp_gain":0,"max_hp_loss":0,"event_name":"World of Goop","floor":4,"gold_loss":21},{"cards_removed":["Strike_R"],"damage_healed":0,"gold_gain":0,"player_choice":"Card Removal","damage_taken":7,"max_hp_gain":0,"max_hp_loss":0,"event_name":"Golden Wing","floor":11,"gold_loss":0},{"damage_healed":31,"gold_gain":0,"player_choice":"Banana","damage_taken":0,"max_hp_gain":0,"max_hp_loss":0,"event_name":"Big Fish","floor":12,"gold_loss":0}],"is_beta":false,"boss_relics":[],"items_purged_floors":[],"is_endless":false,"potions_floor_spawned":[10,13],"killed_by":"Hexaghost","ascension_level":0}