{"gold_per_floor":[114,130,142,0,0,0,0,0,79,109,127,146,156,167,167,270,270,290,277,288,56,69,69],"floor_reached":23,"playtime":1405,"items_purged":["Normality"],"score":197,"play_id":"dc73f1ec-62f6-4aaa-83e3-1bf6a48335e8","local_time":"20181011202150","is_ascension_mode":false,"campfire_choices":[{"data":"Zap","floor":6,"key":"SMITH"},{"floor":15,"key":"REST"}],"neow_cost":"CURSE","seed_source_timestamp":42487990594600,"circlet_count":0,"master_deck":["Strike_B","Strike_B","Strike_B","Strike_B","Defend_B","Defend_B","Defend_B","Defend_B","Zap+1","Dualcast","Hello World","Loop+1","FTL","Go for the Eyes","Conserve Battery","BootSequence","Self Repair","Seek","Heatsinks","Redo","Leap","Apotheosis","Ball Lightning+1"],"relics":["Cracked Core","Incense Burner","Shuriken","Question Card","Unceasing Top","Inserter"],"potions_floor_usage":[10,12,16,23,23],"damage_taken":[{"damage":1,"enemies":"Cultist","floor":1,"turns":4},{"damage":0,"enemies":"2 Louse","floor":2,"turns":3},{"damage":3,"enemies":"Small Slimes","floor":3,"turns":3},{"damage":8,"enemies":"3 Sentries","floor":10,"turns":5},{"damage":1,"enemies":"Exordium Thugs","floor":11,"turns":4},{"damage":11,"enemies":"Large Slime","floor":12,"turns":3},{"damage":0,"enemies":"Blue Slaver","floor":13,"turns":3},{"damage":5,"enemies":"Exordium Wildlife","floor":14,"turns":4},{"damage":35,"enemies":"Slime Boss","floor":16,"turns":9},{"damage":14,"enemies":"Spheric Guardian","floor":18,"turns":4},{"damage":13,"enemies":"2 Thieves","floor":19,"turns":4},{"damage":5,"enemies":"Shelled Parasite and Fungi","floor":20,"turns":6},{"damage":15,"enemies":"Chosen and Byrds","floor":22,"turns":8},{"damage":74,"enemies":"Slavers","floor":23,"turns":4}],"seed_played":"4933560771355539780","potions_obtained":[{"floor":3,"key":"AttackPotion"},{"floor":11,"key":"PowerPotion"},{"floor":14,"key":"FearPotion"},{"floor":16,"key":"Weak Potion"},{"floor":18,"key":"FearPotion"}],"is_trial":false,"path_per_floor":["M","M","M","$","?","R","?","T","T","E","M","M","M","M","R","B",null,"M","M","M","$","M"],"character_chosen":"DEFECT","items_purchased":["FTL","Leap","Apotheosis"],"campfire_rested":1,"item_purchase_floors":[4,21,21],"current_hp_per_floor":[74,74,71,71,75,75,75,75,75,67,66,55,55,50,72,44,75,68,62,64,64,56,0],"gold":69,"neow_bonus":"ONE_RARE_RELIC","is_prod":false,"is_daily":false,"chose_seed":false,"campfire_upgraded":1,"win_rate":0,"timestamp":1539282110,"path_taken":["M","?","M","$","?","R","?","?","T","E","M","M","M","?","R","BOSS","M","M","M","$","M","E"],"build_version":"2018-10-04v2","purchased_purges":1,"victory":false,"max_hp_per_floor":[75,75,75,75,75,75,75,75,75,75,75,75,75,75,75,75,75,75,75,75,75,75,75],"card_choices":[{"not_picked":["Recycle","Compile Driver"],"picked":"Hello World","floor":1},{"not_picked":["Doom and Gloom","Hello World","Steam Power"],"picked":"SKIP","floor":2},{"not_picked":["Hologram","Go for the Eyes"],"picked":"Loop","floor":3},{"not_picked":["Rebound","Rip and Tear","Chaos"],"picked":"Go for the Eyes","floor":10},{"not_picked":["Undo","Cold Snap","Gash","Coolheaded"],"picked":"SKIP","floor":11},{"not_picked":["Stack","Ball Lightning","Barrage"],"picked":"Conserve Battery","floor":12},{"not_picked":["Beam Cell","Turbo","Core Surge"],"picked":"BootSequence","floor":13},{"not_picked":["Turbo","Compile Driver","Cold Snap"],"picked":"Self Repair","floor":14},{"not_picked":["Meteor Strike","Rainbow","Echo Form"],"picked":"Seek","floor":16},{"not_picked":["Compile Driver+1","Sunder","Coolheaded+1"],"picked":"Heatsinks","floor":18},{"not_picked":["Streamline","Doom and Gloom","Melter+1","Glacier"],"picked":"SKIP","floor":19},{"not_picked":["Coolheaded","Sweeping Beam+1","Compile Driver+1"],"picked":"Redo","floor":20},{"not_picked":["Coolheaded","Compile Driver","Multi-Cast"],"picked":"Ball Lightning+1","floor":22}],"player_experience":126679,"relics_obtained":[{"floor":8,"key":"Shuriken"},{"floor":9,"key":"Question Card"},{"floor":10,"key":"Unceasing Top"}],"event_choices":[{"event_name":"Wheel of Change","player_choice":"Full Heal","floor":5,"damage_taken":0},{"event_name":"Accursed Blacksmith","player_choice":"Forge","floor":7,"damage_taken":0}],"is_beta":false,"boss_relics":[{"not_picked":["Snecko Eye","Busted Crown"],"picked":"Inserter"}],"items_purged_floors":[4],"is_endless":false,"potions_floor_spawned":[3,11,14,16,18],"killed_by":"Slavers","ascension_level":0}