{"gold_per_floor":[113,128,128,142,155,155,188,204,259,259],"floor_reached":10,"playtime":450,"items_purged":[],"score":126,"play_id":"c257fa40-acf2-4e21-aa1d-c6c36f8b862c","local_time":"20190217200102","is_ascension_mode":true,"campfire_choices":[{"data":"Distraction","floor":6,"key":"SMITH"}],"neow_cost":"NONE","seed_source_timestamp":215697009724100,"circlet_count":0,"master_deck":["AscendersBane","Defend_G","Defend_G","Defend_G","Defend_G","Defend_G","Strike_G","Strike_G","Strike_G","Strike_G","Strike_G","Survivor","Neutralize","Cloak And Dagger+1","Flying Knee","Distraction+1","All Out Attack","Bane"],"relics":["Ring of the Snake","Snake Skull","Bag of Marbles"],"potions_floor_usage":[5],"damage_taken":[{"damage":0,"enemies":"Small Slimes","floor":1,"turns":3},{"damage":0,"enemies":"Jaw Worm","floor":2,"turns":5},{"damage":0,"enemies":"2 Louse","floor":4,"turns":3},{"damage":0,"enemies":"Gremlin Gang","floor":5,"turns":4},{"damage":31,"enemies":"3 Sentries","floor":7,"turns":8},{"damage":4,"enemies":"Lots of Slimes","floor":8,"turns":3},{"damage":34,"enemies":"Lagavulin","floor":10,"turns":5}],"seed_played":"4534773763928006331","potions_obtained":[{"floor":2,"key":"GhostInAJar"},{"floor":5,"key":"Ancient Potion"}],"is_trial":false,"path_per_floor":["M","M","?","M","M","R","E","M","T","E"],"character_chosen":"THE_SILENT","items_purchased":[],"campfire_rested":0,"item_purchase_floors":[],"current_hp_per_floor":[65,65,65,65,65,65,34,30,30,0],"gold":259,"neow_bonus":"TEN_PERCENT_HP_BONUS","is_prod":false,"is_daily":false,"chose_seed":false,"campfire_upgraded":1,"win_rate":0,"timestamp":1550430062,"path_taken":["M","M","?","M","M","R","E","M","T","E"],"build_version":"2019-01-23","purchased_purges":0,"victory":false,"max_hp_per_floor":[72,72,72,72,72,72,72,72,72,72],"card_choices":[{"not_picked":["Deflect","Outmaneuver"],"picked":"Cloak And Dagger","floor":1},{"not_picked":["Bane","Flechettes"],"picked":"Flying Knee","floor":2},{"not_picked":["Poisoned Stab","Slice"],"picked":"Distraction","floor":4},{"not_picked":["Riddle With Holes","Distraction"],"picked":"All Out Attack","floor":5},{"not_picked":["Setup","Blur"],"picked":"Bane","floor":7},{"not_picked":["Slice","Outmaneuver","Masterful Stab"],"picked":"SKIP","floor":8}],"player_experience":512358,"relics_obtained":[{"floor":7,"key":"Snake Skull"},{"floor":9,"key":"Bag of Marbles"}],"event_choices":[{"damage_healed":0,"gold_gain":0,"player_choice":"Grow","damage_taken":0,"max_hp_gain":0,"max_hp_loss":0,"event_name":"Living Wall","floor":3,"gold_loss":0,"cards_upgraded":["Cloak And Dagger"]}],"is_beta":false,"boss_relics":[],"items_purged_floors":[],"is_endless":false,"potions_floor_spawned":[2,5],"killed_by":"Lagavulin","ascension_level":16}