{"gold_per_floor":[110,110,110,122,132,132,157,157,157,157,170,189,189,208,208,310,310,320,320,336,347,347,347,347,272,299,299,299,310,327,77,77,175,225,240,186,201,301,24,54,54,64,91,91,106,106,131,150,150,150,150,150,72,105,117],"floor_reached":55,"playtime":2935,"items_purged":["Defend_B+1","Strike_B+1"],"score":807,"play_id":"d1c396e9-2df7-4c7d-b3cf-01a85c8e516a","local_time":"20181201110208","is_ascension_mode":false,"campfire_choices":[{"data":"Zap","floor":6.0,"key":"SMITH"},{"data":"Hologram","floor":8.0,"key":"SMITH"},{"data":"Genetic Algorithm","floor":10.0,"key":"SMITH"},{"data":"Dualcast","floor":13.0,"key":"SMITH"},{"floor":15.0,"key":"REST"},{"data":"Hologram","floor":23,"key":"SMITH"},{"floor":27,"key":"RECALL"},{"data":"Go for the Eyes","floor":32,"key":"SMITH"},{"data":"Chill","floor":41,"key":"SMITH"},{"data":"Cold Snap","floor":44,"key":"SMITH"},{"data":"Cold Snap","floor":46,"key":"SMITH"},{"data":"FTL","floor":49,"key":"SMITH"},{"data":"Conserve Battery","floor":52,"key":"SMITH"}],"neow_cost":"NONE","seed_source_timestamp":1394432304870400,"circlet_count":0,"master_deck":["Strike_B+1","Strike_B+1","Strike_B+1","Defend_B+1","Defend_B+1","Defend_B+1","Zap+1","Dualcast+1","Cold Snap+1","Genetic Algorithm+1","Cold Snap+1","Hologram+1","Cold Snap+1","Chill+1","Coolheaded","Hologram+1","Finesse","Cold Snap+1","Cold Snap+1","Defragment+1","FTL+1","Go for the Eyes+1","Core Surge+1","Redo+1","Coolheaded+1","Conserve Battery+1","Self Repair+1","Defragment+1","Capacitor","Consume+1","Conserve Battery+1","Tempest","Cold Snap","FTL+1"],"special_seed":0,"relics":["Cracked Core","Omamori","Lantern","Kunai","Mercury Hourglass","Inserter","Bronze Scales","Orichalcum","Tiny House","StoneCalendar","DollysMirror","Whetstone","Juzu Bracelet","The Courier","MawBank"],"potions_floor_usage":[33,48,50,54],"damage_taken":[{"damage":1.0,"enemies":"2 Louse","floor":1.0,"turns":2.0},{"damage":0.0,"enemies":"Cultist","floor":4.0,"turns":4.0},{"damage":4.0,"enemies":"Small Slimes","floor":5.0,"turns":3.0},{"damage":23.0,"enemies":"Lagavulin","floor":7.0,"turns":6.0},{"damage":0.0,"enemies":"2 Fungi Beasts","floor":11.0,"turns":2.0},{"damage":3.0,"enemies":"3 Louse","floor":12.0,"turns":3.0},{"damage":3.0,"enemies":"Looter","floor":14.0,"turns":3.0},{"damage":0.0,"enemies":"Slime Boss","floor":16.0,"turns":8.0},{"damage":1,"enemies":"Shell Parasite","floor":18,"turns":6},{"damage":3,"enemies":"Spheric Guardian","floor":20,"turns":6},{"damage":6,"enemies":"Centurion and Healer","floor":21,"turns":10},{"damage":9,"enemies":"Shelled Parasite and Fungi","floor":29,"turns":5},{"damage":0,"enemies":"Cultist and Chosen","floor":30,"turns":4},{"damage":1,"enemies":"Champ","floor":33,"turns":16},{"damage":7,"enemies":"3 Shapes","floor":35,"turns":5},{"damage":1,"enemies":"3 Darklings","floor":37,"turns":6},{"damage":0,"enemies":"Mind Bloom Boss Battle","floor":38,"turns":8},{"damage":1,"enemies":"Giant Head","floor":40,"turns":13},{"damage":3,"enemies":"4 Shapes","floor":42,"turns":5},{"damage":6,"enemies":"Sphere and 2 Shapes","floor":45,"turns":7},{"damage":0,"enemies":"Nemesis","floor":47,"turns":10},{"damage":6,"enemies":"Writhing Mass","floor":48,"turns":6},{"damage":5,"enemies":"Time Eater","floor":50,"turns":15},{"damage":39,"enemies":"Shield and Spear","floor":54,"turns":9},{"damage":72,"enemies":"The Heart","floor":55,"turns":3}],"seed_played":"4606433455419254840","potions_obtained":[{"floor":3.0,"key":"Dexterity Potion"},{"floor":3.0,"key":"SpeedPotion"},{"floor":3.0,"key":"SneckoOil"},{"floor":5.0,"key":"AttackPotion"},{"floor":7.0,"key":"PowerPotion"},{"floor":12.0,"key":"Fire Potion"},{"floor":16.0,"key":"Explosive Potion"},{"floor":18,"key":"Block Potion"},{"floor":20,"key":"FearPotion"},{"floor":33,"key":"Ancient Potion"},{"floor":45,"key":"FocusPotion"}],"is_trial":false,"path_per_floor":["M","?","?","M","M","R","E","R","T","R","M","M","R","M","R","B",null,"M","?","M","M","?","R","?","$","T","R","?","M","M","$","R","B",null,"M","$","M","?","$","E","R","M","T","R","M","R","E","M","R","B",null,"R","$","E","B"],"character_chosen":"DEFECT","items_purchased":["Orichalcum","Conserve Battery","DollysMirror","Capacitor","Tempest","Cold Snap"],"campfire_rested":1,"item_purchase_floors":[31,36,39,39,53,53],"current_hp_per_floor":[74,62,62,62,58,58,35,35,35,35,35,32,32,29,51,51,75,74,74,71,65,65,65,65,65,65,65,65,56,56,56,56,55,80,73,73,72,80,80,80,80,80,80,80,80,80,80,74,74,79,80,80,80,51,0],"gold":117,"neow_bonus":"RANDOM_COMMON_RELIC","is_prod":false,"is_daily":false,"chose_seed":false,"campfire_upgraded":11,"win_rate":0,"timestamp":1543658528,"path_taken":["M","?","?","M","M","R","E","R","T","R","M","?","R","M","R","BOSS","M","?","?","M","?","R","?","$","T","R","?","M","M","$","R","BOSS","M","$","M","?","$","E","R","M","T","R","M","R","E","M","R","BOSS","R","$","E","BOSS"],"build_version":"2018-11-15","purchased_purges":2,"victory":false,"max_hp_per_floor":[75,75,75,75,75,75,75,75,75,75,75,75,75,75,75,75,75,75,75,75,75,75,75,75,75,75,75,75,75,75,75,75,75,80,80,80,80,80,80,80,80,80,80,80,80,80,80,80,80,80,80,80,80,80,80],"card_choices":[{"not_picked":["Stack","Sweeping Beam"],"picked":"Cold Snap","floor":1.0},{"not_picked":["Chill","Streamline"],"picked":"Genetic Algorithm","floor":4.0},{"not_picked":["Darkness","Consume"],"picked":"Cold Snap","floor":5.0},{"not_picked":["Steam","Sweeping Beam"],"picked":"Hologram","floor":7.0},{"not_picked":["Static Discharge","Leap"],"picked":"Cold Snap","floor":11.0},{"not_picked":["Steam","Gash"],"picked":"Chill","floor":12.0},{"not_picked":["Steam Power","Electrodynamics"],"picked":"Coolheaded","floor":14.0},{"not_picked":["Conserve Battery","Lockon"],"picked":"Hologram","floor":18},{"not_picked":["Lockon","Hologram+1"],"picked":"Cold Snap+1","floor":20},{"not_picked":["Steam+1","Meteor Strike"],"picked":"Defragment+1","floor":21},{"not_picked":["Conserve Battery","Storm"],"picked":"FTL","floor":29},{"not_picked":["Auto Shields","Chaos"],"picked":"Go for the Eyes","floor":30},{"not_picked":["Reboot","Amplify"],"picked":"Core Surge","floor":33},{"not_picked":["Coolheaded","Ball Lightning"],"picked":"Redo+1","floor":34},{"not_picked":["Compile Driver+1","Auto Shields+1"],"picked":"Coolheaded+1","floor":35},{"not_picked":["Gash","Multi-Cast"],"picked":"Self Repair+1","floor":37},{"not_picked":["Reboot","Recycle","Hello World+1"],"picked":"SKIP","floor":40},{"not_picked":["Ball Lightning","Fusion+1"],"picked":"Consume+1","floor":42},{"not_picked":["Rebound+1","Heatsinks+1"],"picked":"Conserve Battery+1","floor":45},{"not_picked":["Hologram","Stack","Scrape+1"],"picked":"SKIP","floor":47},{"not_picked":["Beam Cell+1","Redo","Hologram"],"picked":"SKIP","floor":48},{"not_picked":["Amplify","Beam Cell"],"picked":"FTL+1","floor":54}],"player_experience":228027,"relics_obtained":[{"floor":7.0,"key":"Kunai"},{"floor":9.0,"key":"Mercury Hourglass"},{"floor":38,"key":"StoneCalendar"},{"floor":40,"key":"Whetstone"},{"floor":43,"key":"Juzu Bracelet"},{"floor":47,"key":"The Courier"},{"floor":54,"key":"MawBank"}],"event_choices":[{"damage_healed":0.0,"max_hp_gain":0.0,"max_hp_loss":0.0,"gold_gain":0.0,"event_name":"Scrap Ooze","player_choice":"Success","floor":2.0,"gold_loss":0.0,"damage_taken":12.0,"relics_obtained":["Lantern"]},{"damage_healed":0.0,"max_hp_gain":0.0,"max_hp_loss":0.0,"gold_gain":0.0,"event_name":"Lab","player_choice":"Got Potions","floor":3.0,"gold_loss":0.0,"damage_taken":0.0},{"damage_healed":0,"gold_gain":0,"player_choice":"2 cards matched","damage_taken":0,"max_hp_gain":0,"max_hp_loss":0,"event_name":"Match and Keep!","floor":19,"gold_loss":0,"cards_obtained":["Finesse","Cold Snap"]},{"damage_healed":0,"gold_gain":0,"player_choice":"Ignored","damage_taken":0,"max_hp_gain":0,"max_hp_loss":0,"event_name":"Vampires","floor":22,"gold_loss":0},{"damage_healed":0,"gold_gain":0,"player_choice":"Simplicity","damage_taken":0,"max_hp_gain":0,"max_hp_loss":0,"event_name":"Back to Basics","floor":24,"gold_loss":0,"cards_upgraded":["Strike_B","Strike_B","Strike_B","Strike_B","Defend_B","Defend_B","Defend_B","Defend_B"]},{"damage_healed":0,"gold_gain":0,"player_choice":"Stole Relic","damage_taken":0,"relics_obtained":["Bronze Scales"],"max_hp_gain":0,"max_hp_loss":0,"event_name":"Addict","floor":28,"gold_loss":0,"cards_obtained":["Shame"]},{"damage_healed":0,"gold_gain":0,"player_choice":"Fight","damage_taken":0,"max_hp_gain":0,"max_hp_loss":0,"event_name":"MindBloom","floor":38,"gold_loss":0}],"is_beta":false,"boss_relics":[{"not_picked":["Ectoplasm","Orrery"],"picked":"Inserter"},{"not_picked":["Astrolabe","Busted Crown"],"picked":"Tiny House"}],"items_purged_floors":[25,31],"is_endless":false,"potions_floor_spawned":[5,7,12,14,16,18,20,33,35,45],"killed_by":"The Heart","ascension_level":0}