{"gold_per_floor":[109,1,1,11,11,45,65,65,65,65,82,102,114,133,133,231,231,250,266,279,554,217,217,235,263,289,311,334,246,259,273,273,376,376,390,390,390,50,63,94,94,94,94,94,106,106,106,106],"floor_reached":48,"playtime":4192,"items_purged":["Regret","Strike_R","Body Slam"],"score":608,"play_id":"9037d45a-2dda-4065-ac37-8ea4e542dc8e","local_time":"20190324153543","is_ascension_mode":true,"campfire_choices":[{"data":"Bash","floor":8,"key":"SMITH"},{"data":"Metallicize","floor":10,"key":"SMITH"},{"data":"Infernal Blade","floor":15,"key":"SMITH"},{"floor":23,"key":"REST"},{"floor":32,"key":"REST"},{"floor":41,"key":"REST"},{"data":"1","floor":44,"key":"LIFT"}],"neow_cost":"NONE","seed_source_timestamp":319238147127900,"circlet_count":0,"master_deck":["Bash+1","Thunderclap+1","Infernal Blade+1","Metallicize+1","Intimidate","Juggernaut","Reaper","Clash+1","Double Tap","Shockwave","Exhume","Thunderclap+1","Iron Wave+1","Shrug It Off","Whirlwind+1","Dual Wield+1","Immolate","Offering","Offering","Evolve","True Grit","Rage","Bloodletting","Feel No Pain","Trip","Forethought","Flame Barrier","Corruption+1","Inflame","Doubt","Madness","Madness"],"relics":["Burning Blood","Dream Catcher","Champion Belt","Kunai","Fusion Hammer","Shuriken","Singing Bowl","MawBank","Pandora\u0027s Box","Whetstone","Incense Burner","Girya"],"potions_floor_usage":[6,12,14,16,18,20,24,30,31],"damage_taken":[{"damage":8,"enemies":"Jaw Worm","floor":1,"turns":5},{"damage":0,"enemies":"Cultist","floor":4,"turns":3},{"damage":23,"enemies":"3 Sentries","floor":6,"turns":6},{"damage":3,"enemies":"Small Slimes","floor":7,"turns":4},{"damage":7,"enemies":"Red Slaver","floor":11,"turns":4},{"damage":5,"enemies":"Gremlin Gang","floor":12,"turns":4},{"damage":14,"enemies":"Exordium Thugs","floor":13,"turns":5},{"damage":4,"enemies":"Large Slime","floor":14,"turns":6},{"damage":42,"enemies":"Hexaghost","floor":16,"turns":12},{"damage":19,"enemies":"2 Thieves","floor":18,"turns":4},{"damage":23,"enemies":"Spheric Guardian","floor":19,"turns":5},{"damage":23,"enemies":"Centurion and Healer","floor":20,"turns":6},{"damage":32,"enemies":"Snake Plant","floor":24,"turns":4},{"damage":16,"enemies":"Book of Stabbing","floor":25,"turns":6},{"damage":12,"enemies":"Sentry and Sphere","floor":27,"turns":4},{"damage":12,"enemies":"Centurion and Healer","floor":28,"turns":6},{"damage":0,"enemies":"Snecko","floor":30,"turns":3},{"damage":18,"enemies":"Snake Plant","floor":31,"turns":3},{"damage":70,"enemies":"Automaton","floor":33,"turns":8},{"damage":64,"enemies":"3 Shapes","floor":35,"turns":5},{"damage":22,"enemies":"3 Darklings","floor":39,"turns":3},{"damage":78,"enemies":"Reptomancer","floor":40,"turns":5},{"damage":71,"enemies":"Jaw Worm Horde","floor":45,"turns":5},{"damage":32,"enemies":"Writhing Mass","floor":48,"turns":4}],"seed_played":"-807610470999414873","potions_obtained":[{"floor":1,"key":"Explosive Potion"},{"floor":3,"key":"LiquidBronze"},{"floor":3,"key":"FairyPotion"},{"floor":11,"key":"Block Potion"},{"floor":12,"key":"SkillPotion"},{"floor":16,"key":"SkillPotion"},{"floor":19,"key":"Energy Potion"},{"floor":20,"key":"Strength Potion"},{"floor":27,"key":"Fire Potion"},{"floor":28,"key":"FearPotion"},{"floor":30,"key":"BloodPotion"},{"floor":39,"key":"Ancient Potion"},{"floor":45,"key":"BloodPotion"}],"is_trial":false,"path_per_floor":["M","$","?","M","?","E","M","R","T","R","M","M","M","M","R","B",null,"M","M","M","?","$","R","M","E","T","M","M","$","M","M","R","B",null,"M","?","?","$","M","E","R","?","T","R","M","$","?","M"],"character_chosen":"IRONCLAD","items_purchased":["Infernal Blade","Metallicize","Shuriken","Whetstone","Flame Barrier"],"campfire_rested":3,"item_purchase_floors":[2,2,22,38,38],"current_hp_per_floor":[78,78,78,80,80,63,69,69,69,69,74,78,70,80,80,50,73,60,47,38,38,38,62,50,42,42,38,46,46,54,52,78,23,73,51,51,46,46,66,15,44,92,92,92,44,44,32,0],"gold":106,"neow_bonus":"RANDOM_COMMON_RELIC","is_prod":false,"is_daily":false,"chose_seed":false,"campfire_upgraded":3,"win_rate":0,"timestamp":1553438143,"path_taken":["M","$","?","?","?","E","M","R","T","R","M","M","M","M","R","BOSS","M","M","M","?","$","R","M","E","T","?","?","?","M","M","R","BOSS","M","?","?","$","M","E","R","?","T","R","M","$","?","M"],"build_version":"2019-01-23","purchased_purges":3,"victory":false,"max_hp_per_floor":[80,80,80,80,80,80,80,80,80,80,80,80,80,80,80,80,80,80,80,80,80,80,80,80,82,82,84,84,84,86,88,88,90,90,90,90,90,90,90,90,92,92,92,92,94,94,94,94],"card_choices":[{"not_picked":["Evolve","Bloodletting"],"picked":"Thunderclap","floor":1},{"not_picked":["Pummel","Headbutt"],"picked":"Intimidate","floor":4},{"not_picked":["Pommel Strike","Body Slam"],"picked":"Reaper","floor":6},{"not_picked":["Clash","Thunderclap","Wild Strike"],"picked":"SKIP","floor":7},{"not_picked":["Sword Boomerang","Intimidate","Twin Strike"],"picked":"SKIP","floor":11},{"not_picked":["Wild Strike","Clothesline"],"picked":"Clash","floor":12},{"not_picked":["Bloodletting","Rampage"],"picked":"Double Tap","floor":13},{"not_picked":["Second Wind","Cleave"],"picked":"Shockwave","floor":14},{"not_picked":["Brutality","Fiend Fire"],"picked":"Exhume","floor":16},{"not_picked":["Anger","Wild Strike+1"],"picked":"Thunderclap+1","floor":18},{"not_picked":["Clothesline+1","Heavy Blade","Intimidate"],"picked":"SKIP","floor":19},{"not_picked":["Heavy Blade","Sever Soul"],"picked":"Iron Wave+1","floor":20},{"not_picked":["Cleave","Evolve"],"picked":"Shrug It Off","floor":23},{"not_picked":["Flex","Anger"],"picked":"Whirlwind+1","floor":24},{"not_picked":["Searing Blow","Iron Wave","Combust"],"picked":"Singing Bowl","floor":25},{"not_picked":["Dropkick","Carnage","Sword Boomerang"],"picked":"Singing Bowl","floor":27},{"not_picked":["Thunderclap","Anger+1"],"picked":"Dual Wield+1","floor":28},{"not_picked":["Whirlwind","Dual Wield+1","Blood for Blood"],"picked":"Singing Bowl","floor":30},{"not_picked":["Rage","Reckless Charge","Second Wind"],"picked":"Singing Bowl","floor":31},{"not_picked":["Headbutt","Clash"],"picked":"Immolate","floor":32},{"not_picked":["Reaper","Feed","Exhume"],"picked":"Singing Bowl","floor":33},{"not_picked":["Twin Strike","Sword Boomerang+1"],"picked":"Feel No Pain","floor":35},{"not_picked":["Deep Breath","Mind Blast"],"picked":"Trip","floor":37},{"not_picked":["Enlightenment","Finesse"],"picked":"Forethought","floor":37},{"not_picked":["Pommel Strike","Flex"],"picked":"Corruption+1","floor":39},{"not_picked":["Heavy Blade","Armaments"],"picked":"Inflame","floor":40},{"not_picked":["Feel No Pain","Blood for Blood+1","Flex"],"picked":"Singing Bowl","floor":41},{"not_picked":["Clothesline","Iron Wave+1","Perfected Strike+1"],"picked":"Singing Bowl","floor":45}],"player_experience":426678,"relics_obtained":[{"floor":6,"key":"Champion Belt"},{"floor":9,"key":"Kunai"},{"floor":25,"key":"Singing Bowl"},{"floor":26,"key":"MawBank"},{"floor":40,"key":"Incense Burner"},{"floor":43,"key":"Girya"}],"event_choices":[{"damage_healed":0,"gold_gain":0,"player_choice":"Got Potions","damage_taken":0,"max_hp_gain":0,"max_hp_loss":0,"event_name":"Lab","floor":3,"gold_loss":0},{"damage_healed":0,"gold_gain":0,"cards_transformed":["Strike_R"],"player_choice":"Change","damage_taken":0,"max_hp_gain":0,"max_hp_loss":0,"event_name":"Living Wall","floor":5,"gold_loss":0,"cards_obtained":["Juggernaut"]},{"damage_healed":0,"gold_gain":275,"player_choice":"Desecrate","damage_taken":0,"max_hp_gain":0,"max_hp_loss":0,"event_name":"Golden Shrine","floor":21,"gold_loss":0,"cards_obtained":["Regret"]},{"damage_healed":0,"gold_gain":0,"player_choice":"Ignored","damage_taken":0,"max_hp_gain":0,"max_hp_loss":0,"event_name":"Tomb of Lord Red Mask","floor":36,"gold_loss":0},{"damage_healed":0,"gold_gain":0,"player_choice":"Memory 2","damage_taken":5,"max_hp_gain":0,"max_hp_loss":0,"event_name":"SensoryStone","floor":37,"gold_loss":0},{"damage_healed":48,"gold_gain":0,"player_choice":"Heal","damage_taken":0,"max_hp_gain":0,"max_hp_loss":0,"event_name":"MindBloom","floor":42,"gold_loss":0,"cards_obtained":["Doubt"]},{"damage_healed":0,"gold_gain":0,"player_choice":"Embrace Madness","damage_taken":12,"max_hp_gain":0,"max_hp_loss":0,"event_name":"Winding Halls","floor":47,"gold_loss":0,"cards_obtained":["Madness","Madness"]}],"is_beta":false,"boss_relics":[{"not_picked":["Runic Dome","Snecko Eye"],"picked":"Fusion Hammer"},{"not_picked":["Velvet Choker","Coffee Dripper"],"picked":"Pandora\u0027s Box"}],"items_purged_floors":[22,29,38],"is_endless":false,"potions_floor_spawned":[1,11,12,16,19,20,27,28,30,39,45],"killed_by":"Writhing Mass","ascension_level":5}