{"gold_per_floor":[112,122,122,122,136,136,163,163,163,197,207,207,219,291,291,387,387,406,406,372,386,401,401,411,411,438,453,479,61,73,93,93,189,189,204,204,223,240,252,252,252,52,77,77,92,92,108,120,120,120],"floor_reached":51,"playtime":2967,"items_purged":["Blade Dance"],"score":999,"play_id":"787f4d6c-531a-4603-8c4e-38a2073f6cc4","local_time":"20190113111856","is_ascension_mode":true,"campfire_choices":[{"data":"Neutralize","floor":6,"key":"SMITH"},{"data":"Dodge and Roll","floor":8,"key":"SMITH"},{"data":"All Out Attack","floor":12,"key":"SMITH"},{"data":"Catalyst","floor":15,"key":"SMITH"},{"data":"After Image","floor":23,"key":"SMITH"},{"data":"Well Laid Plans","floor":25,"key":"SMITH"},{"floor":32,"key":"REST"},{"data":"After Image","floor":40,"key":"SMITH"},{"data":"Blind","floor":46,"key":"SMITH"},{"data":"Catalyst","floor":49,"key":"SMITH"}],"neow_cost":"NONE","seed_source_timestamp":239487478463500,"circlet_count":0,"master_deck":["Defend_G","Defend_G","Defend_G","Defend_G","Defend_G","Strike_G","Strike_G","Survivor","Neutralize+1","PiercingWail","Deadly Poison","Dodge and Roll+1","Sucker Punch","All Out Attack+1","Catalyst+1","Malaise","After Image+1","Deadly Poison","Dagger Spray+1","Well Laid Plans+1","Quick Slash+1","Calculated Gamble+1","Deadly Poison+1","Deflect+1","Footwork+1","Bane","Dash","Caltrops+1","Bane","Bouncing Flask+1","After Image+1","Blur","Bane+1","Footwork","Footwork+1","Backflip","Prepared+1","Bane+1","Blind+1","Catalyst+1","Backflip+1","Blur+1"],"relics":["Ring of the Snake","Prayer Wheel","Ornamental Fan","Blood Vial","Velvet Choker","Boot","Kunai","Bird Faced Urn","Sozu","OrangePellets","Snake Skull"],"potions_floor_usage":[10,18,24,28,33,33,33],"damage_taken":[{"damage":2,"enemies":"Jaw Worm","floor":1,"turns":7},{"damage":1,"enemies":"Small Slimes","floor":2,"turns":5},{"damage":0,"enemies":"Cultist","floor":5,"turns":4},{"damage":10,"enemies":"3 Sentries","floor":7,"turns":13},{"damage":10,"enemies":"Lagavulin","floor":10,"turns":6},{"damage":1,"enemies":"2 Fungi Beasts","floor":11,"turns":4},{"damage":16,"enemies":"Exordium Wildlife","floor":13,"turns":5},{"damage":15,"enemies":"The Guardian","floor":16,"turns":12},{"damage":1,"enemies":"Shell Parasite","floor":18,"turns":9},{"damage":14,"enemies":"2 Thieves","floor":20,"turns":5},{"damage":7,"enemies":"Snake Plant","floor":21,"turns":6},{"damage":7,"enemies":"Snecko","floor":22,"turns":7},{"damage":12,"enemies":"Chosen and Byrds","floor":24,"turns":6},{"damage":0,"enemies":"Shelled Parasite and Fungi","floor":27,"turns":5},{"damage":27,"enemies":"Slavers","floor":28,"turns":8},{"damage":0,"enemies":"Centurion and Healer","floor":30,"turns":8},{"damage":9,"enemies":"Sentry and Sphere","floor":31,"turns":5},{"damage":25,"enemies":"Automaton","floor":33,"turns":8},{"damage":12,"enemies":"3 Shapes","floor":35,"turns":5},{"damage":10,"enemies":"3 Darklings","floor":37,"turns":8},{"damage":15,"enemies":"Jaw Worm Horde","floor":38,"turns":5},{"damage":7,"enemies":"Sphere and 2 Shapes","floor":39,"turns":7},{"damage":1,"enemies":"4 Shapes","floor":45,"turns":7},{"damage":0,"enemies":"Maw","floor":47,"turns":7},{"damage":6,"enemies":"Spire Growth","floor":48,"turns":6},{"damage":40,"enemies":"Donu and Deca","floor":50,"turns":12}],"seed_played":"5911072632543093918","potions_obtained":[{"floor":2,"key":"SpeedPotion"},{"floor":7,"key":"FearPotion"},{"floor":16,"key":"Fruit Juice"},{"floor":20,"key":"Explosive Potion"},{"floor":24,"key":"SpeedPotion"},{"floor":30,"key":"PowerPotion"}],"is_trial":false,"path_per_floor":["M","M","?","?","M","R","E","R","T","E","M","R","M","?","R","B",null,"M","?","M","M","M","R","M","R","T","M","E","$","M","M","R","B",null,"M","?","M","M","M","R","?","$","T","?","M","R","M","M","R","B",null],"character_chosen":"THE_SILENT","items_purchased":["Bird Faced Urn","PowerPotion","OrangePellets"],"campfire_rested":1,"item_purchase_floors":[29,29,42],"current_hp_per_floor":[61,60,60,60,60,60,50,50,50,40,41,41,27,27,27,14,56,62,62,50,45,40,40,30,30,30,32,7,7,15,16,38,27,63,63,63,65,62,71,71,71,71,71,71,71,71,71,69,69,39],"gold":120,"neow_bonus":"REMOVE_CARD","is_prod":false,"is_daily":false,"chose_seed":false,"campfire_upgraded":9,"win_rate":0,"timestamp":1547374736,"path_taken":["M","M","?","?","M","R","E","R","T","E","M","R","?","?","R","BOSS","M","?","?","M","M","R","M","R","T","M","E","$","M","M","R","BOSS","M","?","M","M","M","R","?","$","T","?","M","R","M","M","R","BOSS"],"build_version":"2019-01-10","purchased_purges":1,"victory":true,"max_hp_per_floor":[70,70,70,70,70,70,70,70,70,70,70,70,70,70,70,70,70,75,75,75,75,75,75,75,75,75,75,75,75,75,75,75,75,75,75,75,75,75,75,75,71,71,71,71,71,71,71,71,71,71],"card_choices":[{"not_picked":["Slice","Deflect"],"picked":"PiercingWail","floor":1},{"not_picked":["Cloak And Dagger","Acrobatics"],"picked":"Deadly Poison","floor":2},{"not_picked":["Doppelganger","Quick Slash"],"picked":"Dodge and Roll","floor":5},{"not_picked":["Blur","Deflect"],"picked":"Sucker Punch","floor":7},{"not_picked":["Dodge and Roll","Blade Dance"],"picked":"All Out Attack","floor":10},{"not_picked":["Prepared","Endless Agony"],"picked":"Catalyst","floor":11},{"not_picked":["Blade Dance","Flying Knee","Sucker Punch"],"picked":"SKIP","floor":11},{"not_picked":["Setup","Flying Knee"],"picked":"Malaise","floor":13},{"not_picked":["Acrobatics","Deflect","Outmaneuver"],"picked":"SKIP","floor":13},{"not_picked":["Adrenaline","Unload"],"picked":"After Image","floor":16},{"not_picked":["Dodge and Roll","Acrobatics+1"],"picked":"Deadly Poison","floor":18},{"not_picked":["Endless Agony","Outmaneuver","Flying Knee"],"picked":"SKIP","floor":18},{"not_picked":["Deadly Poison","Deflect"],"picked":"Dagger Spray+1","floor":20},{"not_picked":["Heel Hook","Bane"],"picked":"Well Laid Plans","floor":20},{"not_picked":["Dodge and Roll","Acrobatics"],"picked":"Quick Slash+1","floor":21},{"not_picked":["Endless Agony","Dagger Throw","Infinite Blades"],"picked":"SKIP","floor":21},{"not_picked":["Bane","Quick Slash"],"picked":"Calculated Gamble+1","floor":22},{"not_picked":["Masterful Stab+1","Acrobatics","Calculated Gamble"],"picked":"SKIP","floor":22},{"not_picked":["Backflip","Riddle With Holes"],"picked":"Deadly Poison+1","floor":24},{"not_picked":["Poisoned Stab+1","Tools of the Trade"],"picked":"Deflect+1","floor":24},{"not_picked":["Dagger Throw","Skewer"],"picked":"Footwork+1","floor":27},{"not_picked":["Flying Knee","Acrobatics"],"picked":"Bane","floor":27},{"not_picked":["Heel Hook","Concentrate+1"],"picked":"Dash","floor":28},{"not_picked":["Distraction","Cloak And Dagger"],"picked":"Caltrops+1","floor":30},{"not_picked":["Blade Dance","Masterful Stab","Dagger Spray"],"picked":"SKIP","floor":30},{"not_picked":["Grand Finale","Acrobatics"],"picked":"Bane","floor":31},{"not_picked":["Riddle With Holes+1","Poisoned Stab"],"picked":"Bouncing Flask+1","floor":31},{"not_picked":["Unload","Tools of the Trade"],"picked":"After Image","floor":33},{"not_picked":["Heel Hook","Blade Dance"],"picked":"Blur","floor":35},{"not_picked":["Sucker Punch","Slice"],"picked":"Bane+1","floor":35},{"not_picked":["Acrobatics+1","Dagger Throw+1"],"picked":"Footwork","floor":37},{"not_picked":["Riddle With Holes","Outmaneuver+1","Dagger Throw"],"picked":"SKIP","floor":37},{"not_picked":["Prepared+1","Poisoned Stab+1"],"picked":"Footwork+1","floor":38},{"not_picked":["Flying Knee+1","Dodge and Roll"],"picked":"Backflip","floor":38},{"not_picked":["Flying Knee","Cloak And Dagger"],"picked":"Prepared+1","floor":39},{"not_picked":["Cloak And Dagger+1","Riddle With Holes"],"picked":"Bane+1","floor":39},{"not_picked":["Mayhem","Trip"],"picked":"Blind","floor":44},{"not_picked":["Dash","Deadly Poison"],"picked":"Catalyst","floor":45},{"not_picked":["Predator+1","Dagger Throw","Poisoned Stab+1"],"picked":"SKIP","floor":45},{"not_picked":["Dagger Spray+1","Bane+1"],"picked":"Backflip+1","floor":47},{"not_picked":["Quick Slash","Outmaneuver+1","Bane"],"picked":"SKIP","floor":47},{"not_picked":["Slice","Burst"],"picked":"Blur+1","floor":48},{"not_picked":["Dagger Throw","Slice+1","Blade Dance"],"picked":"SKIP","floor":48}],"player_experience":371357,"relics_obtained":[{"floor":7,"key":"Prayer Wheel"},{"floor":9,"key":"Ornamental Fan"},{"floor":10,"key":"Blood Vial"},{"floor":26,"key":"Boot"},{"floor":28,"key":"Kunai"},{"floor":43,"key":"Snake Skull"}],"event_choices":[{"damage_healed":0,"gold_gain":0,"player_choice":"Ignored","damage_taken":0,"max_hp_gain":0,"max_hp_loss":0,"event_name":"Shining Light","floor":3,"gold_loss":0},{"damage_healed":0,"gold_gain":0,"cards_transformed":["Strike_G"],"player_choice":"Transformed","damage_taken":0,"max_hp_gain":0,"max_hp_loss":0,"event_name":"Transmorgrifier","floor":4,"gold_loss":0,"cards_obtained":["Blade Dance"]},{"damage_healed":0,"gold_gain":72,"player_choice":"Gained Gold","damage_taken":0,"max_hp_gain":0,"max_hp_loss":0,"event_name":"Golden Wing","floor":14,"gold_loss":0},{"cards_removed":["Strike_G"],"damage_healed":0,"gold_gain":0,"player_choice":"Offered Basic","damage_taken":0,"max_hp_gain":0,"max_hp_loss":0,"event_name":"Bonfire Elementals","floor":19,"gold_loss":0},{"damage_healed":0,"gold_gain":0,"player_choice":"Ignored","damage_taken":0,"max_hp_gain":0,"max_hp_loss":0,"event_name":"Tomb of Lord Red Mask","floor":36,"gold_loss":0},{"damage_healed":0,"gold_gain":0,"player_choice":"Max HP","damage_taken":0,"max_hp_gain":0,"max_hp_loss":4,"event_name":"Winding Halls","floor":41,"gold_loss":0},{"damage_healed":0,"gold_gain":0,"player_choice":"Memory 1","damage_taken":0,"max_hp_gain":0,"max_hp_loss":0,"event_name":"SensoryStone","floor":44,"gold_loss":0}],"is_beta":false,"boss_relics":[{"not_picked":["Runic Dome","HoveringKite"],"picked":"Velvet Choker"},{"not_picked":["Ring of the Serpent","Calling Bell"],"picked":"Sozu"}],"items_purged_floors":[29],"is_endless":false,"potions_floor_spawned":[2,7,16,20,24,30,31,39,47],"ascension_level":8}