{"gold_per_floor":[119,119,130,149,163,193,193,193,193,220,185,37,37,53,53,155,155,165,177,192,6,18,18,18,29,53,72,106,106,106,118,118,223,223,242,342,360,31,46,46,57,86,160,0,0,0,16,27,27,27],"floor_reached":51,"playtime":3922,"items_purged":["Parasite","Writhe"],"score":1092,"play_id":"4266b0ac-f5e2-4428-8d66-b74103dc3c72","local_time":"20190405190727","is_ascension_mode":true,"campfire_choices":[{"floor":7.0,"key":"REST"},{"floor":15.0,"key":"REST"},{"data":"Reaper","floor":23.0,"key":"SMITH"},{"floor":29,"key":"REST"},{"floor":32,"key":"REST"},{"data":"Reaper","floor":40,"key":"SMITH"},{"data":"Berserk","floor":46,"key":"SMITH"},{"data":"Barricade","floor":49,"key":"SMITH"}],"neow_cost":"NONE","seed_source_timestamp":53804979650810,"circlet_count":0,"master_deck":["AscendersBane","Bash+1","Combust","Reaper+1","Shrug It Off","Combust","Clothesline","Impervious","Feel No Pain","Sword Boomerang","Brutality","Dropkick+1","Berserk+1","Evolve","Impervious","Reaper+1","Flex","Reckless Charge+1","Inflame","Rupture+1","Fire Breathing","Feel No Pain","Combust","Disarm","Armaments+1","Offering","Shrug It Off","Flame Barrier","Barricade+1","Burning Pact+1","Rupture","Evolve+1","Offering"],"special_seed":0,"relics":["Runic Cube","Darkstone Periapt","Mummified Hand","Self Forming Clay","Pandora\u0027s Box","Whetstone","Nunchaku","Dream Catcher","Bottled Flame","Lizard Tail","Bird Faced Urn","Lee\u0027s Waffle","FossilizedHelix","Ornamental Fan","Red Mask"],"potions_floor_usage":[27,37],"damage_taken":[{"damage":8.0,"enemies":"2 Louse","floor":1.0,"turns":3.0},{"damage":2.0,"enemies":"Small Slimes","floor":3.0,"turns":2.0},{"damage":6.0,"enemies":"Jaw Worm","floor":4.0,"turns":3.0},{"damage":21.0,"enemies":"Blue Slaver","floor":5.0,"turns":5.0},{"damage":35.0,"enemies":"3 Sentries","floor":6.0,"turns":6.0},{"damage":41.0,"enemies":"Gremlin Nob","floor":10.0,"turns":5.0},{"damage":10.0,"enemies":"Looter","floor":14.0,"turns":5.0},{"damage":65.0,"enemies":"Slime Boss","floor":16.0,"turns":9.0},{"damage":12.0,"enemies":"Shell Parasite","floor":18.0,"turns":5.0},{"damage":7.0,"enemies":"Spheric Guardian","floor":19.0,"turns":4.0},{"damage":19.0,"enemies":"Chosen and Byrds","floor":20.0,"turns":5.0},{"damage":19.0,"enemies":"Centurion and Healer","floor":22.0,"turns":5.0},{"damage":25.0,"enemies":"3 Cultists","floor":25.0,"turns":5.0},{"damage":12,"enemies":"Snecko","floor":27,"turns":5},{"damage":63,"enemies":"Gremlin Leader","floor":28,"turns":5},{"damage":22,"enemies":"Snake Plant","floor":31,"turns":4},{"damage":28,"enemies":"Champ","floor":33,"turns":8},{"damage":18,"enemies":"Orb Walker","floor":35,"turns":3},{"damage":61,"enemies":"Mind Bloom Boss Battle","floor":36,"turns":7},{"damage":23,"enemies":"3 Darklings","floor":37,"turns":4},{"damage":46,"enemies":"4 Shapes","floor":39,"turns":4},{"damage":50,"enemies":"Maw","floor":41,"turns":6},{"damage":32,"enemies":"Reptomancer","floor":42,"turns":6},{"damage":33,"enemies":"Spire Growth","floor":47,"turns":5},{"damage":31,"enemies":"Sphere and 2 Shapes","floor":48,"turns":4},{"damage":53,"enemies":"Time Eater","floor":50,"turns":6}],"seed_played":"4353653213988296015","potions_obtained":[{"floor":1.0,"key":"SteroidPotion"},{"floor":10.0,"key":"Ancient Potion"},{"floor":14.0,"key":"SmokeBomb"},{"floor":18.0,"key":"Weak Potion"},{"floor":25.0,"key":"BloodPotion"},{"floor":28,"key":"Regen Potion"},{"floor":35,"key":"SteroidPotion"},{"floor":45,"key":"FairyPotion"},{"floor":45,"key":"FairyPotion"}],"is_trial":false,"path_per_floor":["M","?","M","M","M","E","R","?","T","E","?","$","$","M","R","B",null,"M","M","M","$","M","R","?","M","T","M","E","R","?","M","R","B",null,"M","?","M","$","M","R","M","E","T","?","?","R","M","M","R","B",null],"character_chosen":"IRONCLAD","items_purchased":["Combust","Whetstone","Fire Breathing","Lee\u0027s Waffle","Rupture"],"campfire_rested":4,"item_purchase_floors":[12,21,21,38,38],"current_hp_per_floor":[64,48,46,40,19,11,35,61,61,24,45,45,45,39,63,10,65,63,67,60,60,56,56,62,78,78,79,31,57,57,40,66,51,80,78,26,59,96,72,72,59,86,86,86,86,86,81,96,96,70],"gold":27,"neow_bonus":"BOSS_RELIC","is_prod":false,"is_daily":false,"chose_seed":false,"campfire_upgraded":4,"win_rate":0,"timestamp":1554509247,"path_taken":["M","?","M","M","M","E","R","?","T","E","?","?","$","?","R","BOSS","M","M","M","$","M","R","?","M","T","M","E","R","?","?","R","BOSS","M","?","M","$","M","R","M","E","T","?","?","R","M","M","R","BOSS"],"build_version":"2019-01-23","purchased_purges":2,"victory":true,"max_hp_per_floor":[80,80,80,80,80,80,80,86,86,86,86,83,83,83,83,83,83,83,83,83,83,83,83,89,89,89,89,89,89,89,89,89,89,89,89,89,89,96,96,96,96,96,96,96,96,96,96,96,96,96],"card_choices":[{"not_picked":["Perfected Strike","Shrug It Off"],"picked":"Combust","floor":1.0},{"not_picked":["Twin Strike","Metallicize","Clash"],"picked":"SKIP","floor":3.0},{"not_picked":["Perfected Strike","Heavy Blade","Iron Wave"],"picked":"SKIP","floor":4.0},{"not_picked":["Clash","Clothesline"],"picked":"Reaper","floor":5.0},{"not_picked":["Warcry","Havoc","Bloodletting"],"picked":"SKIP","floor":6.0},{"not_picked":["Disarm","Fire Breathing"],"picked":"Shrug It Off","floor":10.0},{"not_picked":["Iron Wave","Body Slam"],"picked":"Clothesline","floor":14.0},{"not_picked":["Fiend Fire","Dark Embrace"],"picked":"Impervious","floor":16.0},{"not_picked":["Armaments","Flex"],"picked":"Reckless Charge+1","floor":18.0},{"not_picked":["Anger","Thunderclap"],"picked":"Inflame","floor":19.0},{"not_picked":["Havoc","Searing Blow"],"picked":"Rupture+1","floor":20.0},{"not_picked":["Uppercut+1","Anger+1"],"picked":"Feel No Pain","floor":22.0},{"not_picked":["Seeing Red+1","Disarm"],"picked":"Combust","floor":25.0},{"not_picked":["Twin Strike","Havoc"],"picked":"Disarm","floor":27},{"not_picked":["Burning Pact","Body Slam+1"],"picked":"Armaments+1","floor":28},{"not_picked":["Warcry","Anger"],"picked":"Offering","floor":29},{"not_picked":["Wild Strike","Seeing Red"],"picked":"Shrug It Off","floor":31},{"not_picked":["Clothesline+1","Warcry"],"picked":"Flame Barrier","floor":32},{"not_picked":["Limit Break","Immolate"],"picked":"Barricade","floor":33},{"not_picked":["Iron Wave","Clothesline+1"],"picked":"Burning Pact+1","floor":35},{"not_picked":["Clothesline+1","Thunderclap","Sentinel+1"],"picked":"SKIP","floor":37},{"not_picked":["Uppercut","Anger+1","Corruption"],"picked":"SKIP","floor":39},{"not_picked":["Body Slam","Warcry"],"picked":"Evolve+1","floor":41},{"not_picked":["Infernal Blade+1","Armaments+1"],"picked":"Offering","floor":42},{"not_picked":["Flex","Iron Wave","Sever Soul+1"],"picked":"SKIP","floor":47},{"not_picked":["Havoc","Pommel Strike","Perfected Strike+1"],"picked":"SKIP","floor":48}],"player_experience":416023,"relics_obtained":[{"floor":6.0,"key":"Darkstone Periapt"},{"floor":9.0,"key":"Mummified Hand"},{"floor":10.0,"key":"Self Forming Clay"},{"floor":26.0,"key":"Dream Catcher"},{"floor":28,"key":"Bottled Flame"},{"floor":36,"key":"Bird Faced Urn"},{"floor":42,"key":"FossilizedHelix"},{"floor":43,"key":"Ornamental Fan"}],"event_choices":[{"damage_healed":0.0,"max_hp_gain":0.0,"max_hp_loss":0.0,"gold_gain":0.0,"event_name":"Shining Light","player_choice":"Entered Light","floor":2.0,"gold_loss":0.0,"damage_taken":16.0,"cards_upgraded":["Strike_R","Defend_R"]},{"damage_healed":20.0,"max_hp_gain":0.0,"max_hp_loss":0.0,"gold_gain":0.0,"event_name":"Mushrooms","player_choice":"Healed and dodged fight","floor":8.0,"gold_loss":0.0,"damage_taken":0.0,"cards_obtained":["Parasite"]},{"damage_healed":21.0,"max_hp_gain":0.0,"max_hp_loss":0.0,"gold_gain":0.0,"event_name":"The Cleric","player_choice":"Healed","floor":11.0,"gold_loss":35.0,"damage_taken":0.0},{"damage_healed":0.0,"max_hp_gain":0.0,"max_hp_loss":0.0,"gold_gain":0.0,"event_name":"The Mausoleum","player_choice":"Opened","floor":24.0,"gold_loss":0.0,"damage_taken":0.0,"relics_obtained":["Nunchaku"],"cards_obtained":["Writhe"]},{"damage_healed":0,"gold_gain":0,"player_choice":"Bought 0 Potions","damage_taken":0,"max_hp_gain":0,"max_hp_loss":0,"event_name":"The Woman in Blue","floor":30,"gold_loss":0},{"damage_healed":0,"gold_gain":0,"player_choice":"Fight","damage_taken":0,"max_hp_gain":0,"max_hp_loss":0,"event_name":"MindBloom","floor":36,"gold_loss":0},{"damage_healed":0,"gold_gain":0,"player_choice":"Paid","damage_taken":0,"relics_obtained":["Red Mask"],"max_hp_gain":0,"max_hp_loss":0,"event_name":"Tomb of Lord Red Mask","floor":44,"gold_loss":160},{"damage_healed":0,"gold_gain":0,"player_choice":"Got Potions","damage_taken":0,"max_hp_gain":0,"max_hp_loss":0,"event_name":"Lab","floor":45,"gold_loss":0}],"is_beta":false,"boss_relics":[{"not_picked":["Busted Crown","Eternal Feather"],"picked":"Pandora\u0027s Box"},{"not_picked":["Sozu","Calling Bell"],"picked":"Lizard Tail"}],"items_purged_floors":[12,38],"is_endless":false,"potions_floor_spawned":[1,10,14,18,19,25,28,33,35,36,47,48],"ascension_level":10}