{"gold_per_floor":[110,124,74,74,94,94,104,29,29,47,47,58,58,86,86,189,189,209,209,220,237,255,255,283,29,54,82,94,123,135,147,159,272,284,308,373,397,423,106,106,141,141,141,176,176,191,207,53,53,53],"floor_reached":51,"playtime":3688,"items_purged":["Defend_R","Strike_R","Strike_R"],"score":871,"play_id":"ea278003-be24-4581-bcdd-e6f7cb4e0f26","local_time":"20190319231506","is_ascension_mode":true,"campfire_choices":[{"data":"Whirlwind","floor":6.0,"key":"SMITH"},{"data":"Bash","floor":11.0,"key":"SMITH"},{"data":"Defend_R","floor":13.0,"key":"SMITH"},{"data":"Defend_R","floor":15.0,"key":"SMITH"},{"data":"Demon Form","floor":23.0,"key":"SMITH"},{"floor":28.0,"key":"REST"},{"floor":32,"key":"REST"},{"floor":40,"key":"REST"},{"data":"Pommel Strike","floor":42,"key":"SMITH"},{"floor":49,"key":"REST"}],"neow_cost":"NONE","seed_source_timestamp":71033530421269,"circlet_count":0,"master_deck":["Strike_R","Defend_R+1","Defend_R+1","Defend_R","Bash+1","Disarm","Whirlwind+1","Battle Trance+1","Shrug It Off+1","Demon Form+1","Shrug It Off+1","Pommel Strike+1","Ghostly Armor+1","Pommel Strike+1","Shockwave+1","Shockwave+1","Flex+1","Seeing Red+1"],"special_seed":0,"relics":["Burning Blood","Centennial Puzzle","Toxic Egg 2","Thread and Needle","Busted Crown","Prayer Wheel","Letter Opener","Strawberry","Oddly Smooth Stone","MawBank","Shuriken","Philosopher\u0027s Stone","Champion Belt","ClockworkSouvenir","Pen Nib","Gambling Chip","Juzu Bracelet","Happy Flower"],"potions_floor_usage":[46,50,50,50],"damage_taken":[{"damage":3.0,"enemies":"2 Louse","floor":1.0,"turns":3.0},{"damage":6.0,"enemies":"Cultist","floor":2.0,"turns":4.0},{"damage":3.0,"enemies":"Small Slimes","floor":5.0,"turns":4.0},{"damage":7.0,"enemies":"Blue Slaver","floor":7.0,"turns":3.0},{"damage":0.0,"enemies":"Large Slime","floor":10.0,"turns":5.0},{"damage":11.0,"enemies":"Looter","floor":12.0,"turns":4.0},{"damage":16.0,"enemies":"Lagavulin","floor":14.0,"turns":6.0},{"damage":19.0,"enemies":"The Guardian","floor":16.0,"turns":16.0},{"damage":0.0,"enemies":"3 Byrds","floor":18.0,"turns":3.0},{"damage":0.0,"enemies":"Spheric Guardian","floor":20.0,"turns":4.0},{"damage":9.0,"enemies":"Snake Plant","floor":21.0,"turns":5.0},{"damage":8.0,"enemies":"Centurion and Healer","floor":22.0,"turns":6.0},{"damage":37.0,"enemies":"Slavers","floor":24.0,"turns":4.0},{"damage":22.0,"enemies":"Gremlin Leader","floor":27.0,"turns":5.0},{"damage":5,"enemies":"Sentry and Sphere","floor":29,"turns":5},{"damage":14,"enemies":"Champ","floor":33,"turns":9},{"damage":0,"enemies":"3 Shapes","floor":35,"turns":4},{"damage":33,"enemies":"2 Orb Walkers","floor":36,"turns":4},{"damage":0,"enemies":"3 Darklings","floor":37,"turns":2},{"damage":9,"enemies":"Spire Growth","floor":38,"turns":4},{"damage":11,"enemies":"Nemesis","floor":41,"turns":9},{"damage":8,"enemies":"Reptomancer","floor":44,"turns":5},{"damage":21,"enemies":"Sphere and 2 Shapes","floor":46,"turns":4},{"damage":2,"enemies":"4 Shapes","floor":47,"turns":1},{"damage":13,"enemies":"Donu and Deca","floor":50,"turns":5}],"seed_played":"6798004873518889282","potions_obtained":[{"floor":1.0,"key":"EntropicBrew"},{"floor":10.0,"key":"Regen Potion"},{"floor":14.0,"key":"Fruit Juice"},{"floor":20.0,"key":"GamblersBrew"},{"floor":22.0,"key":"Ancient Potion"},{"floor":24.0,"key":"AttackPotion"},{"floor":36,"key":"Regen Potion"},{"floor":47,"key":"SteroidPotion"}],"is_trial":false,"path_per_floor":["M","M","?","?","M","R","M","$","T","M","R","M","R","E","R","B",null,"M","T","M","M","M","R","E","$","T","E","R","M","?","T","R","B",null,"M","?","M","M","$","R","E","R","T","E","?","M","M","$","R","B",null],"character_chosen":"IRONCLAD","items_purchased":["Strawberry","ClockworkSouvenir","Happy Flower"],"campfire_rested":4,"item_purchase_floors":[25,39,48],"current_hp_per_floor":[80,80,80,80,80,80,79,79,79,80,80,80,80,75,75,62,79,85,85,85,82,80,80,54,61,61,45,72,73,73,73,92,84,90,92,65,71,68,68,92,87,87,87,85,85,75,79,79,92,85],"gold":53,"neow_bonus":"RANDOM_COMMON_RELIC","is_prod":false,"is_daily":false,"chose_seed":false,"campfire_upgraded":6,"win_rate":0,"timestamp":1553055306,"path_taken":["M","M","?","?","M","R","M","$","T","M","R","M","R","E","R","BOSS","M","?","M","M","M","R","E","$","T","E","R","M","?","?","R","BOSS","M","?","M","M","$","R","E","R","T","E","?","M","M","$","R","BOSS"],"build_version":"2019-01-23","purchased_purges":3,"victory":true,"max_hp_per_floor":[80,80,80,80,80,80,80,80,80,80,80,80,80,85,85,85,85,85,85,85,85,85,85,85,92,92,92,92,92,92,92,92,92,92,92,92,92,92,92,92,92,92,92,92,92,92,92,92,92,92],"card_choices":[{"not_picked":["Wild Strike","True Grit"],"picked":"Disarm","floor":1.0},{"not_picked":["Corruption","Pommel Strike"],"picked":"Whirlwind","floor":2.0},{"not_picked":["Twin Strike","Havoc","Warcry"],"picked":"SKIP","floor":5.0},{"not_picked":["Havoc","Cleave","Whirlwind"],"picked":"SKIP","floor":7.0},{"not_picked":["Sword Boomerang","Anger"],"picked":"Battle Trance+1","floor":10.0},{"not_picked":["True Grit+1","Rage+1","Thunderclap"],"picked":"SKIP","floor":12.0},{"not_picked":["Whirlwind","True Grit+1"],"picked":"Shrug It Off+1","floor":14.0},{"not_picked":["Berserk","Feed"],"picked":"Demon Form","floor":16.0},{"not_picked":["Infernal Blade+1"],"picked":"SKIP","floor":18.0},{"not_picked":[],"picked":"Shrug It Off+1","floor":20.0},{"not_picked":["Perfected Strike"],"picked":"SKIP","floor":20.0},{"not_picked":["Armaments+1"],"picked":"SKIP","floor":21.0},{"not_picked":["Anger"],"picked":"SKIP","floor":21.0},{"not_picked":["Feel No Pain"],"picked":"SKIP","floor":22.0},{"not_picked":["Hemokinesis+1"],"picked":"SKIP","floor":22.0},{"not_picked":["Iron Wave"],"picked":"SKIP","floor":24.0},{"not_picked":[],"picked":"Pommel Strike","floor":27.0},{"not_picked":["Blood for Blood"],"picked":"SKIP","floor":29},{"not_picked":["Armaments+1"],"picked":"SKIP","floor":29},{"not_picked":[],"picked":"Ghostly Armor+1","floor":35},{"not_picked":["Rupture"],"picked":"SKIP","floor":35},{"not_picked":["Infernal Blade+1"],"picked":"SKIP","floor":37},{"not_picked":["Clothesline+1"],"picked":"SKIP","floor":37},{"not_picked":[],"picked":"Pommel Strike+1","floor":38},{"not_picked":[],"picked":"Shockwave+1","floor":38},{"not_picked":[],"picked":"Metallicize","floor":41},{"not_picked":[],"picked":"Shockwave+1","floor":44},{"not_picked":[],"picked":"Flex+1","floor":46},{"not_picked":["Uppercut+1"],"picked":"SKIP","floor":46},{"not_picked":[],"picked":"Seeing Red+1","floor":47},{"not_picked":["Cleave"],"picked":"SKIP","floor":47}],"player_experience":320247,"relics_obtained":[{"floor":9.0,"key":"Toxic Egg 2"},{"floor":14.0,"key":"Thread and Needle"},{"floor":19.0,"key":"Prayer Wheel"},{"floor":24.0,"key":"Letter Opener"},{"floor":26.0,"key":"Oddly Smooth Stone"},{"floor":27.0,"key":"MawBank"},{"floor":31,"key":"Shuriken"},{"floor":36,"key":"Champion Belt"},{"floor":41,"key":"Pen Nib"},{"floor":43,"key":"Gambling Chip"},{"floor":44,"key":"Juzu Bracelet"}],"event_choices":[{"cards_removed":["Strike_R"],"damage_healed":0.0,"max_hp_gain":0.0,"max_hp_loss":0.0,"gold_gain":0.0,"event_name":"The Cleric","player_choice":"Card Removal","floor":3.0,"gold_loss":50.0,"damage_taken":0.0},{"cards_removed":["Strike_R"],"damage_healed":0.0,"max_hp_gain":0.0,"max_hp_loss":0.0,"gold_gain":0.0,"event_name":"Bonfire Elementals","player_choice":"Offered Basic","floor":4.0,"gold_loss":0.0,"damage_taken":0.0},{"damage_healed":0,"gold_gain":0,"player_choice":"Ignored","damage_taken":0,"max_hp_gain":0,"max_hp_loss":0,"event_name":"Vampires","floor":30,"gold_loss":0},{"damage_healed":0,"gold_gain":0,"player_choice":"Fight","damage_taken":0,"max_hp_gain":0,"max_hp_loss":0,"event_name":"Mysterious Sphere","floor":36,"gold_loss":0},{"cards_removed":["Metallicize"],"damage_healed":0,"gold_gain":0,"player_choice":"Removed Power","damage_taken":0,"max_hp_gain":0,"max_hp_loss":0,"event_name":"Falling","floor":45,"gold_loss":0}],"is_beta":false,"boss_relics":[{"not_picked":["Lizard Tail","Fusion Hammer"],"picked":"Busted Crown"},{"not_picked":["Snecko Eye","Coffee Dripper"],"picked":"Philosopher\u0027s Stone"}],"items_purged_floors":[8,25,39],"is_endless":false,"potions_floor_spawned":[1,10,14,20,22,24,33,35,36,47],"ascension_level":5}