{"gold_per_floor":[209,220,91,166,166,166,86,96,96,122,122,122,122,136,136,259,259,280,303,303,303,322,322,340,353,353,396,396,31,31,51,51,174,174,197,197,213,88,88,88,112,112,138,138,162,181,181,181,181,181,181,181,0,39,39],"floor_reached":55,"playtime":2387,"items_purged":["Strike_R","Strike_R","Shame"],"score":635,"play_id":"fd1cd5f9-3596-4f88-a8a6-ee669be0e112","local_time":"20190310163927","is_ascension_mode":false,"campfire_choices":[{"data":"Bash","floor":6,"key":"SMITH"},{"data":"Shrug It Off","floor":11,"key":"SMITH"},{"data":"Inflame","floor":13,"key":"SMITH"},{"data":"Blood for Blood","floor":15,"key":"SMITH"},{"data":"Bludgeon","floor":23,"key":"SMITH"},{"data":"Dark Embrace","floor":28,"key":"SMITH"},{"data":"Rage","floor":32,"key":"SMITH"},{"data":"Fiend Fire","floor":40,"key":"SMITH"},{"floor":44,"key":"RECALL"},{"data":"Power Through","floor":47,"key":"SMITH"},{"floor":49,"key":"REST"},{"data":"Seeing Red","floor":52,"key":"SMITH"}],"neow_cost":"NONE","seed_source_timestamp":1301319196359797,"circlet_count":0,"master_deck":["Strike_R","Strike_R","Defend_R","Defend_R","Defend_R","Defend_R","Bash+1","Shrug It Off+1","Headbutt","Inflame+1","Seeing Red+1","Thunderclap","Blood for Blood+1","Bludgeon+1","Iron Wave+1","Dark Embrace+1","Brutality","Flex+1","Rage+1","Fiend Fire+1","Dual Wield+1","Whirlwind","Writhe","Pummel+1","Power Through+1","Inflame","Sword Boomerang","Hemokinesis+1"],"relics":["Burning Blood","Ginger","Mummified Hand","Bag of Marbles","Golden Idol","Busted Crown","Enchiridion","Kunai","Vajra","Bottled Tornado","Cursed Key","Happy Flower","Oddly Smooth Stone"],"potions_floor_usage":[27,41,45,50,54,54,55],"damage_taken":[{"damage":6,"enemies":"Jaw Worm","floor":1,"turns":3},{"damage":5,"enemies":"Small Slimes","floor":2,"turns":3},{"damage":6,"enemies":"Cultist","floor":8,"turns":3},{"damage":23,"enemies":"3 Sentries","floor":10,"turns":12},{"damage":1,"enemies":"Blue Slaver","floor":14,"turns":3},{"damage":12,"enemies":"Hexaghost","floor":16,"turns":9},{"damage":0,"enemies":"Chosen","floor":18,"turns":3},{"damage":16,"enemies":"Shell Parasite","floor":19,"turns":3},{"damage":12,"enemies":"Shelled Parasite and Fungi","floor":22,"turns":2},{"damage":10,"enemies":"Cultist and Chosen","floor":24,"turns":3},{"damage":1,"enemies":"Snecko","floor":25,"turns":2},{"damage":15,"enemies":"Book of Stabbing","floor":27,"turns":2},{"damage":6,"enemies":"Sentry and Sphere","floor":31,"turns":3},{"damage":23,"enemies":"Collector","floor":33,"turns":6},{"damage":8,"enemies":"3 Shapes","floor":35,"turns":2},{"damage":8,"enemies":"3 Darklings","floor":37,"turns":2},{"damage":1,"enemies":"Spire Growth","floor":41,"turns":2},{"damage":7,"enemies":"Transient","floor":45,"turns":5},{"damage":35,"enemies":"4 Shapes","floor":46,"turns":4},{"damage":59,"enemies":"Time Eater","floor":50,"turns":9},{"damage":19,"enemies":"Shield and Spear","floor":54,"turns":3},{"damage":67,"enemies":"The Heart","floor":55,"turns":7}],"seed_played":"-5225327581099242373","potions_obtained":[{"floor":14,"key":"Swift Potion"},{"floor":16,"key":"LiquidBronze"},{"floor":19,"key":"Poison Potion"},{"floor":25,"key":"SpeedPotion"},{"floor":27,"key":"Weak Potion"},{"floor":46,"key":"SteroidPotion"}],"is_trial":false,"path_per_floor":["M","M","$","?","?","R","$","M","T","E","R","?","R","M","R","B",null,"M","M","?","?","M","R","M","M","T","E","R","$","?","M","R","B",null,"M","T","M","$","?","R","M","?","T","R","M","M","R","?","R","B",null,"R","$","E","B"],"character_chosen":"IRONCLAD","items_purchased":["Headbutt","Inflame","Flex","Bottled Tornado","Inflame","Sword Boomerang","Dexterity Potion","Fire Potion"],"campfire_rested":1,"item_purchase_floors":[3,7,29,29,53,53,53,53],"current_hp_per_floor":[80,80,80,69,66,66,66,66,66,49,49,29,29,34,34,28,80,80,70,54,54,48,48,44,49,49,40,40,40,40,40,40,23,80,78,78,76,76,80,80,80,80,80,80,79,50,50,50,74,21,80,80,80,67,0],"gold":39,"neow_bonus":"HUNDRED_GOLD","is_prod":false,"is_daily":false,"chose_seed":false,"campfire_upgraded":10,"win_rate":0,"timestamp":1552207167,"path_taken":["M","M","$","?","?","R","?","M","T","E","R","?","R","M","R","BOSS","M","M","?","?","?","R","M","M","T","E","R","$","?","M","R","BOSS","M","?","M","$","?","R","?","?","T","R","M","M","R","?","R","BOSS","R","$","E","BOSS"],"build_version":"2019-01-23","purchased_purges":3,"victory":false,"max_hp_per_floor":[80,80,80,80,80,80,80,80,80,80,80,80,80,80,80,80,80,80,80,80,80,80,80,80,80,80,80,80,80,80,80,80,80,80,80,80,80,80,80,80,80,80,80,80,80,80,80,80,80,80,80,80,80,80,80],"card_choices":[{"not_picked":["Thunderclap","Pommel Strike"],"picked":"Shrug It Off","floor":1},{"not_picked":["Warcry","Anger","Perfected Strike"],"picked":"SKIP","floor":2},{"not_picked":["Ghostly Armor","Warcry"],"picked":"Seeing Red","floor":8},{"not_picked":["Evolve","Clothesline"],"picked":"Thunderclap","floor":10},{"not_picked":["Shockwave","Clothesline"],"picked":"Blood for Blood","floor":14},{"not_picked":["Impervious","Exhume"],"picked":"Bludgeon","floor":16},{"not_picked":[],"picked":"Iron Wave+1","floor":18},{"not_picked":["Headbutt"],"picked":"SKIP","floor":19},{"not_picked":["Twin Strike"],"picked":"SKIP","floor":22},{"not_picked":["Second Wind"],"picked":"SKIP","floor":24},{"not_picked":["Entrench+1"],"picked":"SKIP","floor":25},{"not_picked":[],"picked":"Brutality","floor":27},{"not_picked":[],"picked":"Rage","floor":31},{"not_picked":[],"picked":"Fiend Fire","floor":33},{"not_picked":[],"picked":"Dual Wield+1","floor":35},{"not_picked":["Clothesline"],"picked":"SKIP","floor":37},{"not_picked":[],"picked":"Whirlwind","floor":41},{"not_picked":[],"picked":"Pummel+1","floor":45},{"not_picked":[],"picked":"Power Through","floor":46},{"not_picked":[],"picked":"Hemokinesis+1","floor":54}],"player_experience":791728,"relics_obtained":[{"floor":9,"key":"Mummified Hand"},{"floor":10,"key":"Bag of Marbles"},{"floor":20,"key":"Enchiridion"},{"floor":26,"key":"Kunai"},{"floor":27,"key":"Vajra"},{"floor":43,"key":"Happy Flower"},{"floor":54,"key":"Oddly Smooth Stone"}],"event_choices":[{"damage_healed":0,"gold_gain":75,"player_choice":"Gather Gold","damage_taken":11,"max_hp_gain":0,"max_hp_loss":0,"event_name":"World of Goop","floor":4,"gold_loss":0},{"damage_healed":0,"gold_gain":0,"player_choice":"Success","damage_taken":3,"relics_obtained":["Ginger"],"max_hp_gain":0,"max_hp_loss":0,"event_name":"Scrap Ooze","floor":5,"gold_loss":0},{"damage_healed":0,"gold_gain":0,"player_choice":"Take Damage","damage_taken":20,"relics_obtained":["Golden Idol"],"max_hp_gain":0,"max_hp_loss":0,"event_name":"Golden Idol","floor":12,"gold_loss":0},{"damage_healed":0,"gold_gain":0,"player_choice":"Obtained Book","damage_taken":16,"max_hp_gain":0,"max_hp_loss":0,"event_name":"Cursed Tome","floor":20,"gold_loss":0},{"damage_healed":0,"gold_gain":0,"cards_transformed":["Strike_R"],"player_choice":"Transformed","damage_taken":0,"max_hp_gain":0,"max_hp_loss":0,"event_name":"Transmorgrifier","floor":21,"gold_loss":0,"cards_obtained":["Dark Embrace"]},{"damage_healed":0,"gold_gain":0,"player_choice":"Forge","damage_taken":0,"max_hp_gain":0,"max_hp_loss":0,"event_name":"Accursed Blacksmith","floor":30,"gold_loss":0,"cards_upgraded":["Flex"]},{"damage_healed":4,"gold_gain":0,"player_choice":"Full Heal","damage_taken":0,"max_hp_gain":0,"max_hp_loss":0,"event_name":"Wheel of Change","floor":39,"gold_loss":0},{"damage_healed":0,"gold_gain":0,"player_choice":"Ignored","damage_taken":0,"max_hp_gain":0,"max_hp_loss":0,"event_name":"The Moai Head","floor":42,"gold_loss":0},{"damage_healed":0,"gold_gain":0,"player_choice":"Ignored","damage_taken":0,"max_hp_gain":0,"max_hp_loss":0,"event_name":"Tomb of Lord Red Mask","floor":48,"gold_loss":0}],"is_beta":false,"boss_relics":[{"not_picked":["Black Blood","Empty Cage"],"picked":"Busted Crown"},{"not_picked":["White Beast Statue","Eternal Feather"],"picked":"Cursed Key"}],"items_purged_floors":[3,29,38],"is_endless":false,"potions_floor_spawned":[14,16,19,25,27,35,46],"killed_by":"The Heart","ascension_level":0}