{"path_per_floor":["M","M","M","$","M","R","M","R","T","M","R","E","R","$","R","B",null,"M","?","?","?"],"character_chosen":"IRONCLAD","items_purchased":["War Paint"],"gold_per_floor":[113,126,144,69,87,87,106,106,132,149,149,179,179,27,27,122,122,137,137,62,62],"floor_reached":22,"campfire_rested":1,"playtime":629,"current_hp_per_floor":[80,80,80,80,76,76,68,68,68,70,70,35,59,59,59,35,80,64,64,64,56],"items_purged":["Strike_R"],"gold":62,"score":210,"play_id":"e03dffc8-c477-484d-95a3-fe95d9cfd820","local_time":"20180322230418","is_prod":false,"is_daily":false,"is_ascension_mode":false,"campfire_upgraded":4,"timestamp":1521731058,"path_taken":["M","M","M","$","M","R","M","R","T","M","R","E","R","$","R","BOSS","M","?","?","?","?"],"build_version":"2018-03-15v3","purchased_purges":1,"victory":false,"master_deck":["Defend_R","Defend_R+1","Defend_R","Defend_R+1","Bash+1","Juggernaut+1","Headbutt","Inflame+1","Immolate","Shrug It Off+1","Shrug It Off","Rupture","Double Tap","Cleave","Infernal Blade","Bite","Bite","Bite","Bite","Bite"],"max_hp_per_floor":[80,80,80,80,80,80,80,80,80,80,80,80,80,80,80,80,80,80,80,80,56],"relics":["Burning Blood","Pen Nib","Sundial","War Paint","Black Star"],"card_choices":[{"not_picked":["Shockwave","True Grit"],"picked":"Headbutt"},{"not_picked":["Sever Soul","Fire Breathing"],"picked":"Inflame"},{"not_picked":["Sentinel","Havoc"],"picked":"Immolate"},{"not_picked":["Rupture","Evolve"],"picked":"Shrug It Off"},{"not_picked":["Entrench","Sword Boomerang"],"picked":"Shrug It Off"},{"not_picked":["Warcry","Burning Pact"],"picked":"Rupture"},{"not_picked":["Immolate","Fiend Fire"],"picked":"Double Tap"},{"not_picked":["Clothesline","Heavy Blade"],"picked":"Cleave"}],"player_experience":364813,"potions_floor_usage":[],"damage_taken":[{"damage":1,"enemies":"Jaw Worm","floor":1,"turns":3},{"damage":5,"enemies":"Cultist","floor":2,"turns":4},{"damage":0,"enemies":"2 Louse","floor":3,"turns":2},{"damage":10,"enemies":"Looter","floor":5,"turns":3},{"damage":14,"enemies":"2 Fungi Beasts","floor":7,"turns":3},{"damage":4,"enemies":"Blue Slaver","floor":10,"turns":5},{"damage":41,"enemies":"Gremlin Nob","floor":12,"turns":5},{"damage":30,"enemies":"Slime Boss","floor":16,"turns":9},{"damage":22,"enemies":"Spheric Guardian","floor":18,"turns":8},{"damage":0,"enemies":"2 Thieves","floor":22,"turns":1}],"event_choices":[{"event_name":"Transmorgrifier","player_choice":"Transform","floor":19,"damage_taken":0},{"event_name":"Beggar","player_choice":"Gave Gold","floor":20,"damage_taken":0},{"event_name":"Vampires","player_choice":"Became a vampire","floor":21,"damage_taken":0}],"boss_relics":[{"not_picked":["Calling Bell","White Beast Statue"],"picked":"Black Star"}],"potions_floor_spawned":[1,5,10,16],"seed_played":"-1763992029994946029","killed_by":"2 Thieves","ascension_level":0,"is_trial":false}