{"gold_per_floor":[112,129,129,204,217,247,267,267],"floor_reached":8,"playtime":1304,"items_purged":[],"score":64,"play_id":"373c8801-45cb-4240-a9d7-dcdd77b87ee0","local_time":"20190224205316","is_ascension_mode":true,"campfire_choices":[],"neow_cost":"NONE","seed_source_timestamp":759193341081325,"circlet_count":0,"master_deck":["Strike_B","Strike_B","Strike_B","Strike_B","Defend_B","Defend_B","Defend_B","Defend_B","Zap","Dualcast","Cold Snap","Leap","Storm","Defragment","Cold Snap"],"relics":["Inserter","Shuriken","Dream Catcher"],"potions_floor_usage":[8],"damage_taken":[{"damage":0,"enemies":"Small Slimes","floor":1,"turns":3},{"damage":8,"enemies":"2 Louse","floor":2,"turns":2},{"damage":6,"enemies":"Jaw Worm","floor":5,"turns":4},{"damage":16,"enemies":"3 Sentries","floor":6,"turns":11},{"damage":4,"enemies":"3 Louse","floor":7,"turns":6},{"damage":30,"enemies":"Gremlin Nob","floor":8,"turns":5}],"seed_played":"9124982490867067523","potions_obtained":[{"floor":1,"key":"Dexterity Potion"},{"floor":2,"key":"Dexterity Potion"}],"is_trial":false,"path_per_floor":["M","M","?","?","M","E","M","E"],"character_chosen":"DEFECT","items_purchased":[],"campfire_rested":0,"item_purchase_floors":[],"current_hp_per_floor":[75,67,55,44,38,22,18,0],"gold":267,"neow_bonus":"BOSS_RELIC","is_prod":false,"is_daily":false,"chose_seed":false,"campfire_upgraded":0,"win_rate":0,"timestamp":1551063196,"path_taken":["M","M","?","?","M","E","M","E"],"build_version":"2019-01-23","purchased_purges":0,"victory":false,"max_hp_per_floor":[75,75,75,75,75,75,75,75],"card_choices":[{"not_picked":["Self Repair","Force Field"],"picked":"Cold Snap","floor":1},{"not_picked":["Stack","Barrage"],"picked":"Leap","floor":2},{"not_picked":["Gash","Rebound"],"picked":"Storm","floor":5},{"not_picked":["Chaos","Genetic Algorithm"],"picked":"Defragment","floor":6},{"not_picked":["Rip and Tear","Meteor Strike"],"picked":"Cold Snap","floor":7}],"player_experience":196011,"relics_obtained":[{"floor":6,"key":"Dream Catcher"}],"event_choices":[{"damage_healed":0,"gold_gain":0,"player_choice":"Success","damage_taken":12,"relics_obtained":["Shuriken"],"max_hp_gain":0,"max_hp_loss":0,"event_name":"Scrap Ooze","floor":3,"gold_loss":0},{"damage_healed":0,"gold_gain":75,"player_choice":"Gather Gold","damage_taken":11,"max_hp_gain":0,"max_hp_loss":0,"event_name":"World of Goop","floor":4,"gold_loss":0}],"is_beta":false,"boss_relics":[],"items_purged_floors":[],"is_endless":false,"potions_floor_spawned":[1,2],"killed_by":"Gremlin Nob","ascension_level":2}