{"gold_per_floor":[17,31,106,119,119,119,154,154,180,180,180,193,42,73,73,73],"floor_reached":16,"playtime":687,"items_purged":[],"score":135,"play_id":"bdb0a6c9-1c14-4ccc-a00e-3b1a98594fcd","local_time":"20190330234327","is_ascension_mode":true,"campfire_choices":[{"data":"Fire Breathing","floor":6,"key":"SMITH"},{"floor":15,"key":"REST"}],"neow_cost":"NO_GOLD","seed_source_timestamp":113103967002400,"circlet_count":0,"master_deck":["Strike_R","Strike_R","Strike_R","Strike_R","Defend_R","Defend_R","Defend_R","Defend_R","Bash","Enlightenment","Deep Breath","Inflame","Heavy Blade","Fire Breathing+1","Seeing Red","Parasite","Iron Wave"],"relics":["Burning Blood","Ancient Tea Set","Juzu Bracelet","Letter Opener","Regal Pillow","PreservedInsect","Toxic Egg 2"],"potions_floor_usage":[7,14,14],"damage_taken":[{"damage":13,"enemies":"2 Louse","floor":1,"turns":2},{"damage":3,"enemies":"Jaw Worm","floor":2,"turns":4},{"damage":0,"enemies":"Small Slimes","floor":4,"turns":4},{"damage":39,"enemies":"Gremlin Nob","floor":7,"turns":5},{"damage":15,"enemies":"2 Fungi Beasts","floor":12,"turns":4},{"damage":19,"enemies":"3 Sentries","floor":14,"turns":6},{"damage":56,"enemies":"Hexaghost","floor":16,"turns":9}],"seed_played":"4971510120521185054","potions_obtained":[{"floor":1,"key":"Dexterity Potion"},{"floor":4,"key":"GamblersBrew"},{"floor":12,"key":"Ancient Potion"},{"floor":14,"key":"SneckoOil"}],"is_trial":false,"path_per_floor":["M","M","?","M","?","R","E","?","T","T","?","M","$","E","R","B"],"character_chosen":"IRONCLAD","items_purchased":["PreservedInsect"],"campfire_rested":1,"item_purchase_floors":[13],"current_hp_per_floor":[73,76,65,71,64,64,31,51,51,51,39,30,30,17,56,0],"gold":73,"neow_bonus":"RANDOM_COLORLESS_2","is_prod":false,"is_daily":false,"chose_seed":false,"campfire_upgraded":1,"win_rate":0,"timestamp":1553985807,"path_taken":["M","M","?","M","?","R","E","?","T","?","?","M","$","E","R","BOSS"],"build_version":"2019-01-23","purchased_purges":0,"victory":false,"max_hp_per_floor":[80,80,80,80,80,80,80,80,80,80,80,80,80,80,80,80],"card_choices":[{"not_picked":["Uppercut","Wild Strike"],"picked":"Inflame","floor":1},{"not_picked":["Havoc","Pummel"],"picked":"Heavy Blade","floor":2},{"not_picked":["True Grit","Sever Soul"],"picked":"Fire Breathing","floor":4},{"not_picked":["Burning Pact","Twin Strike"],"picked":"Seeing Red","floor":7},{"not_picked":["Pommel Strike","Power Through"],"picked":"Iron Wave","floor":12},{"not_picked":["Sword Boomerang","Corruption","Sentinel"],"picked":"SKIP","floor":14}],"player_experience":501156,"relics_obtained":[{"floor":7,"key":"Ancient Tea Set"},{"floor":9,"key":"Juzu Bracelet"},{"floor":10,"key":"Letter Opener"},{"floor":14,"key":"Toxic Egg 2"}],"event_choices":[{"damage_healed":0,"gold_gain":75,"player_choice":"Gather Gold","damage_taken":11,"max_hp_gain":0,"max_hp_loss":0,"event_name":"World of Goop","floor":3,"gold_loss":0},{"cards_removed":["Strike_R"],"damage_healed":0,"gold_gain":0,"player_choice":"Card Removal","damage_taken":7,"max_hp_gain":0,"max_hp_loss":0,"event_name":"Golden Wing","floor":5,"gold_loss":0},{"damage_healed":20,"gold_gain":0,"player_choice":"Healed and dodged fight","damage_taken":0,"max_hp_gain":0,"max_hp_loss":0,"event_name":"Mushrooms","floor":8,"gold_loss":0,"cards_obtained":["Parasite"]},{"damage_healed":0,"gold_gain":0,"player_choice":"Success","damage_taken":12,"relics_obtained":["Regal Pillow"],"max_hp_gain":0,"max_hp_loss":0,"event_name":"Scrap Ooze","floor":11,"gold_loss":0}],"is_beta":false,"boss_relics":[],"items_purged_floors":[],"is_endless":false,"potions_floor_spawned":[1,4,12,14],"killed_by":"Hexaghost","ascension_level":5}