{"path_per_floor":["M","M","M","M","?","E","R","?","T","R","?","$","M","M","R","B",null,"M","M","M","$","M","R","M","R","T","$","M","R","M","M","R","B",null,"M","?","?","M","M","$","R","M","T","?","M","R","M","?","R","B"],"character_chosen":"IRONCLAD","items_purchased":["Armaments","Limit Break","Spot Weakness","Lantern"],"gold_per_floor":[111,131,146,161,161,195,195,175,175,175,250,199,214,227,227,330,330,344,364,378,167,185,185,203,203,284,106,121,121,140,159,159,260,260,276,276,276,296,313,33,33,51,51,51,70,70,88,88,88,88],"floor_reached":51,"campfire_rested":4,"playtime":3673,"current_hp_per_floor":[80,78,80,80,80,54,54,54,54,54,43,43,41,46,46,16,80,66,72,70,70,65,65,41,41,41,41,33,57,69,39,63,29,80,54,54,54,52,24,24,48,46,46,66,44,44,36,36,60,12],"items_purged":["Strike_R","Strike_R","Defend_R"],"gold":88,"score":630,"play_id":"2fbbce4b-7a0a-4a93-abd8-20f9e8c08dbc","local_time":"20180317004823","is_prod":false,"is_daily":false,"is_ascension_mode":false,"campfire_upgraded":6,"timestamp":1521218903,"path_taken":["M","M","M","M","?","E","R","?","T","R","?","$","M","?","R","BOSS","M","M","M","$","M","R","M","R","T","$","M","R","M","M","R","BOSS","M","?","?","M","M","$","R","M","T","?","?","R","M","?","R","BOSS"],"build_version":"2018-03-15","purchased_purges":3,"victory":true,"master_deck":["Strike_R","Strike_R","Defend_R","Defend_R","Defend_R","Bash+1","Iron Wave","Seeing Red+1","Battle Trance","Brutality","Whirlwind","Armaments+1","Shrug It Off","Metallicize","Dark Embrace","Blood for Blood","True Grit+1","Inflame+1","Limit Break+1","Seeing Red+1","Spot Weakness","Spot Weakness","Sword Boomerang","Exhume+1","Headbutt","Shrug It Off+1","Sword Boomerang+1","Writhe","Pommel Strike+1"],"max_hp_per_floor":[80,80,80,80,80,80,80,80,80,80,80,80,80,80,80,80,80,80,80,80,80,80,80,80,80,80,80,80,80,80,80,80,80,80,80,80,80,80,80,80,80,80,80,80,80,80,80,80,80,80],"relics":["Burning Blood","Blood Vial","Toolbox","Du-Vu Doll","Runic Cube","Frozen Egg 2","Question Card","Lantern","Frozen Eye"],"card_choices":[{"not_picked":["True Grit","Pummel"],"picked":"Iron Wave"},{"not_picked":["Carnage","Entrench"],"picked":"Seeing Red"},{"not_picked":["Havoc","Twin Strike"],"picked":"Battle Trance"},{"not_picked":["Flex","Clothesline"],"picked":"Iron Wave"},{"not_picked":["Intimidate","Hemokinesis"],"picked":"Whirlwind"},{"not_picked":["Battle Trance","Body Slam"],"picked":"Shrug It Off"},{"not_picked":["Sword Boomerang","Body Slam"],"picked":"Metallicize"},{"not_picked":["Juggernaut","Bludgeon"],"picked":"Dark Embrace"},{"not_picked":["Wild Strike","Carnage"],"picked":"Blood for Blood"},{"not_picked":["Clothesline","Armaments"],"picked":"True Grit"},{"not_picked":["Clothesline","Cleave"],"picked":"Inflame"},{"not_picked":["Havoc","Warcry"],"picked":"Seeing Red"},{"not_picked":["Shrug It Off","Entrench"],"picked":"Spot Weakness"},{"not_picked":["Flex","Sentinel"],"picked":"Sword Boomerang"},{"not_picked":["Immolate","Feed"],"picked":"Exhume"},{"not_picked":["True Grit","Twin Strike","Corruption"],"picked":"Headbutt"},{"not_picked":["Anger","Headbutt","Entrench"],"picked":"Shrug It Off"},{"not_picked":["Perfected Strike","Power Through","Bloodletting"],"picked":"Sword Boomerang"},{"not_picked":["Sword Boomerang","Armaments","Rampage"],"picked":"Pommel Strike"}],"player_experience":316218,"potions_floor_usage":[16,16,16,30,45,50,50,50],"damage_taken":[{"damage":0,"enemies":"Small Slimes","floor":1,"turns":3},{"damage":8,"enemies":"Jaw Worm","floor":2,"turns":3},{"damage":5,"enemies":"2 Louse","floor":3,"turns":2},{"damage":6,"enemies":"Lots of Slimes","floor":4,"turns":6},{"damage":32,"enemies":"Lagavulin","floor":6,"turns":7},{"damage":10,"enemies":"Blue Slaver","floor":13,"turns":3},{"damage":3,"enemies":"Looter","floor":14,"turns":5},{"damage":38,"enemies":"Slime Boss","floor":16,"turns":10},{"damage":20,"enemies":"Shell Parasite","floor":18,"turns":11},{"damage":2,"enemies":"3 Byrds","floor":19,"turns":3},{"damage":14,"enemies":"Sentry and Sphere","floor":20,"turns":11},{"damage":13,"enemies":"Chosen and Byrds","floor":22,"turns":4},{"damage":32,"enemies":"Cultist and Chosen","floor":24,"turns":7},{"damage":16,"enemies":"Snecko","floor":28,"turns":5},{"damage":5,"enemies":"Centurion and Healer","floor":30,"turns":5},{"damage":38,"enemies":"3 Cultists","floor":31,"turns":5},{"damage":42,"enemies":"Automaton","floor":33,"turns":8},{"damage":32,"enemies":"Orb Walker","floor":35,"turns":6},{"damage":10,"enemies":"3 Shapes","floor":38,"turns":6},{"damage":36,"enemies":"Maw","floor":39,"turns":6},{"damage":10,"enemies":"4 Shapes","floor":42,"turns":6},{"damage":30,"enemies":"3 Darklings","floor":45,"turns":5},{"damage":16,"enemies":"Maw","floor":47,"turns":7},{"damage":56,"enemies":"Time Eater","floor":50,"turns":9}],"event_choices":[{"event_name":"Living Wall","player_choice":"Change","floor":5,"damage_taken":0},{"event_name":"The Woman in Blue","player_choice":"Bought 1 Potion","floor":8,"damage_taken":0},{"event_name":"World of Goop","player_choice":"Gather Gold","floor":11,"damage_taken":0},{"event_name":"Mysterious Sphere","player_choice":"Ignore","floor":36,"damage_taken":0},{"event_name":"Winding Halls","player_choice":"Writhe","floor":44,"damage_taken":0},{"event_name":"The Lab","player_choice":"Got Potions","floor":48,"damage_taken":0}],"boss_relics":[{"not_picked":["Philosopher\u0027s Stone","Runic Dome"],"picked":"Runic Cube"},{"not_picked":["Black Star","Snecko Eye"],"picked":"Question Card"}],"potions_floor_spawned":[4,14,16,19,22,28,42,45,47],"seed_played":"1531963300735147511","ascension_level":0,"is_trial":false}