{"gold_per_floor":[118,42,55,71,90,120,120,45,45,45,55,85,85,104,104,209,209,224,224,212,224,124,159,159,184,184,199,216,216],"floor_reached":29,"playtime":6613,"items_purged":["Strike_G","Night Terror"],"score":332,"play_id":"66e56e65-6114-43de-ba10-15280eaf9326","local_time":"20190330162138","is_ascension_mode":true,"campfire_choices":[{"floor":7,"key":"REST"},{"floor":10,"key":"REST"},{"data":"Footwork","floor":13,"key":"SMITH"},{"data":"Night Terror","floor":15,"key":"SMITH"},{"data":"Blur","floor":24,"key":"SMITH"}],"neow_cost":"PERCENT_DAMAGE","seed_source_timestamp":80677065002300,"circlet_count":0,"master_deck":["Survivor","Neutralize","Footwork+1","Noxious Fumes","Noxious Fumes","Riddle With Holes","Die Die Die","Poisoned Stab","PiercingWail","Night Terror+1","Envenom","Blur+1","Backflip","Dodge and Roll","Predator","Outmaneuver","Bouncing Flask","Acrobatics","Leg Sweep+1","Well Laid Plans","Eviscerate","Prepared+1","Dodge and Roll+1","Blade Dance","Blade Dance","Blade Dance+1"],"relics":["Ring of the Snake","Kunai","Tingsha","Prayer Wheel","Pandora\u0027s Box","Blood Vial","Juzu Bracelet","Letter Opener"],"potions_floor_usage":[3,6,16,21,23,28],"damage_taken":[{"damage":0,"enemies":"Cultist","floor":1,"turns":4},{"damage":2,"enemies":"Jaw Worm","floor":3,"turns":6},{"damage":0,"enemies":"2 Louse","floor":4,"turns":4},{"damage":15,"enemies":"Exordium Thugs","floor":5,"turns":4},{"damage":47,"enemies":"Gremlin Nob","floor":6,"turns":5},{"damage":6,"enemies":"Large Slime","floor":11,"turns":7},{"damage":9,"enemies":"Lagavulin","floor":12,"turns":7},{"damage":2,"enemies":"Red Slaver","floor":14,"turns":5},{"damage":2,"enemies":"Hexaghost","floor":16,"turns":9},{"damage":6,"enemies":"Chosen","floor":18,"turns":6},{"damage":8,"enemies":"2 Thieves","floor":20,"turns":4},{"damage":8,"enemies":"Snake Plant","floor":21,"turns":6},{"damage":18,"enemies":"Gremlin Leader","floor":23,"turns":10},{"damage":44,"enemies":"Slavers","floor":25,"turns":8},{"damage":0,"enemies":"Snecko","floor":27,"turns":4},{"damage":3,"enemies":"Centurion and Healer","floor":28,"turns":8},{"damage":6,"enemies":"Sentry and Sphere","floor":29,"turns":2}],"seed_played":"-3414781852237314756","potions_obtained":[{"floor":1,"key":"Regen Potion"},{"floor":5,"key":"Energy Potion"},{"floor":12,"key":"SkillPotion"},{"floor":14,"key":"Weak Potion"},{"floor":20,"key":"Energy Potion"},{"floor":27,"key":"SkillPotion"}],"is_trial":false,"path_per_floor":["M","$","M","M","M","E","R","$","T","R","M","E","R","M","R","B",null,"M","?","M","M","$","E","R","E","T","M","M","M"],"character_chosen":"THE_SILENT","items_purchased":["Noxious Fumes"],"campfire_rested":2,"item_purchase_floors":[2],"current_hp_per_floor":[63,63,75,75,60,13,38,38,38,63,57,48,48,46,46,44,84,78,78,70,62,62,44,44,2,2,4,3,0],"gold":216,"neow_bonus":"TWENTY_PERCENT_HP_BONUS","is_prod":false,"is_daily":false,"chose_seed":false,"campfire_upgraded":3,"win_rate":0,"timestamp":1553959298,"path_taken":["M","$","M","M","?","E","R","$","T","R","?","E","R","M","R","BOSS","M","?","?","M","$","E","R","E","T","M","M","M"],"build_version":"2019-01-23","purchased_purges":2,"victory":false,"max_hp_per_floor":[84,84,84,84,84,84,84,84,84,84,84,84,84,84,84,84,84,84,84,84,84,84,84,84,84,84,84,84,84],"card_choices":[{"not_picked":["Tactician","Outmaneuver"],"picked":"Footwork","floor":1},{"not_picked":["Dodge and Roll","Dagger Throw"],"picked":"Noxious Fumes","floor":3},{"not_picked":["Catalyst","PiercingWail"],"picked":"Riddle With Holes","floor":4},{"not_picked":["Setup","Predator","Dagger Throw"],"picked":"SKIP","floor":5},{"not_picked":["PiercingWail","Bouncing Flask"],"picked":"Die Die Die","floor":6},{"not_picked":["Riddle With Holes","Reflex"],"picked":"Poisoned Stab","floor":11},{"not_picked":["Poisoned Stab","Slice"],"picked":"PiercingWail","floor":12},{"not_picked":["Dagger Spray","Prepared"],"picked":"Night Terror","floor":14},{"not_picked":["PiercingWail","Dagger Spray","Dagger Throw"],"picked":"SKIP","floor":14},{"not_picked":["Corpse Explosion","A Thousand Cuts"],"picked":"Envenom","floor":16},{"not_picked":["Noxious Fumes+1","Poisoned Stab"],"picked":"Leg Sweep+1","floor":18},{"not_picked":["Deadly Poison","Terror"],"picked":"Well Laid Plans","floor":18},{"not_picked":["Noxious Fumes","Deflect"],"picked":"Prepared+1","floor":20},{"not_picked":["Concentrate","Quick Slash","Deadly Poison"],"picked":"SKIP","floor":20},{"not_picked":["Prepared","Dagger Throw"],"picked":"Dodge and Roll+1","floor":21},{"not_picked":["Deadly Poison","Acrobatics","Outmaneuver"],"picked":"SKIP","floor":21},{"not_picked":["Dagger Throw","Expertise","Skewer"],"picked":"SKIP","floor":23},{"not_picked":["Caltrops","Tools of the Trade","Masterful Stab"],"picked":"SKIP","floor":25},{"not_picked":["Expertise","Caltrops"],"picked":"Blade Dance","floor":27},{"not_picked":["Sucker Punch","Dagger Throw"],"picked":"Blade Dance","floor":27},{"not_picked":["Leg Sweep","Predator"],"picked":"Blade Dance+1","floor":28},{"not_picked":["Acrobatics+1","Flying Knee","Outmaneuver"],"picked":"SKIP","floor":28}],"player_experience":469098,"relics_obtained":[{"floor":6,"key":"Kunai"},{"floor":9,"key":"Tingsha"},{"floor":12,"key":"Prayer Wheel"},{"floor":23,"key":"Blood Vial"},{"floor":25,"key":"Juzu Bracelet"},{"floor":26,"key":"Letter Opener"}],"event_choices":[{"damage_healed":0,"gold_gain":0,"cards_transformed":["Night Terror"],"player_choice":"Transformed","damage_taken":0,"max_hp_gain":0,"max_hp_loss":0,"event_name":"Transmorgrifier","floor":19,"gold_loss":0,"cards_obtained":["Eviscerate"]}],"is_beta":false,"boss_relics":[{"not_picked":["Empty Cage","Astrolabe"],"picked":"Pandora\u0027s Box"}],"items_purged_floors":[8,22],"is_endless":false,"potions_floor_spawned":[1,5,12,14,20,27],"killed_by":"Sentry and Sphere","ascension_level":4}