{"gold_per_floor":[111,74,90,109,127,157,157,189,189,189,43,43,54,72,72,171,171,183,42,42,52,52],"floor_reached":22,"playtime":1259,"items_purged":["Strike_G","Strike_G"],"score":206,"play_id":"e5b97709-f193-4b35-a49c-b9e7e7d00879","local_time":"20190301002538","is_ascension_mode":true,"campfire_choices":[{"data":"Envenom","floor":7,"key":"SMITH"},{"floor":12,"key":"REST"},{"floor":15,"key":"REST"}],"neow_cost":"NONE","seed_source_timestamp":899637519800,"circlet_count":0,"master_deck":["Defend_G","Defend_G","Defend_G","Defend_G","Defend_G","Strike_G","Strike_G","Strike_G","Survivor","Neutralize+1","Poisoned Stab","Noxious Fumes","Blur","Dagger Throw","Calculated Gamble","Envenom+1","Bouncing Flask","Night Terror","Sucker Punch","Corpse Explosion","Footwork","Endless Agony","Distraction","Crippling Poison","Caltrops","Flying Knee"],"relics":["Ring of the Snake","NeowsBlessing","Snake Skull","Vajra","Orrery"],"potions_floor_usage":[8,16,22],"damage_taken":[{"damage":0,"enemies":"Small Slimes","floor":1,"turns":2},{"damage":0,"enemies":"Cultist","floor":3,"turns":1},{"damage":0,"enemies":"2 Louse","floor":4,"turns":1},{"damage":3,"enemies":"Blue Slaver","floor":5,"turns":4},{"damage":34,"enemies":"Gremlin Nob","floor":6,"turns":5},{"damage":16,"enemies":"Lagavulin","floor":8,"turns":5},{"damage":8,"enemies":"Exordium Wildlife","floor":13,"turns":4},{"damage":0,"enemies":"2 Fungi Beasts","floor":14,"turns":4},{"damage":30,"enemies":"Slime Boss","floor":16,"turns":9},{"damage":8,"enemies":"Chosen","floor":18,"turns":5},{"damage":39,"enemies":"3 Byrds","floor":21,"turns":3},{"damage":12,"enemies":"Snake Plant","floor":22,"turns":2}],"seed_played":"-7410937549630536221","potions_obtained":[{"floor":3,"key":"FearPotion"},{"floor":4,"key":"Poison Potion"},{"floor":8,"key":"Energy Potion"},{"floor":14,"key":"SkillPotion"},{"floor":16,"key":"Block Potion"}],"is_trial":false,"path_per_floor":["M","$","M","M","M","E","R","E","T","?","$","R","M","M","R","B",null,"M","$","?","M","M"],"character_chosen":"THE_SILENT","items_purchased":["Noxious Fumes","Night Terror","Caltrops"],"campfire_rested":2,"item_purchase_floors":[2,11,19],"current_hp_per_floor":[70,70,70,70,67,33,33,17,17,17,17,38,30,30,51,21,70,62,62,49,10,0],"gold":52,"neow_bonus":"THREE_ENEMY_KILL","is_prod":false,"is_daily":false,"chose_seed":false,"campfire_upgraded":1,"win_rate":0,"timestamp":1551396338,"path_taken":["M","$","M","M","M","E","R","E","T","?","?","R","M","?","R","BOSS","M","$","?","M","M"],"build_version":"2019-01-23","purchased_purges":2,"victory":false,"max_hp_per_floor":[70,70,70,70,70,70,70,70,70,70,70,70,70,70,70,70,70,70,70,75,75,75],"card_choices":[{"not_picked":["Prepared","Distraction"],"picked":"Poisoned Stab","floor":1},{"not_picked":["Distraction","Bouncing Flask"],"picked":"Blur","floor":3},{"not_picked":["Blade Dance","Quick Slash"],"picked":"Dagger Throw","floor":4},{"not_picked":["Dodge and Roll","Quick Slash"],"picked":"Calculated Gamble","floor":5},{"not_picked":["Phantasmal Killer","Outmaneuver"],"picked":"Envenom","floor":6},{"not_picked":["Blade Dance","Underhanded Strike"],"picked":"Bouncing Flask","floor":8},{"not_picked":["Endless Agony","Well Laid Plans"],"picked":"Sucker Punch","floor":13},{"not_picked":["Sucker Punch","Poisoned Stab","Quick Slash"],"picked":"SKIP","floor":14},{"not_picked":["Phantasmal Killer","Wraith Form v2"],"picked":"Corpse Explosion","floor":16},{"not_picked":["Sucker Punch","Bane"],"picked":"Footwork","floor":17},{"not_picked":["Acrobatics","Deadly Poison"],"picked":"Endless Agony","floor":17},{"not_picked":["Concentrate","Cloak And Dagger"],"picked":"Distraction","floor":17},{"not_picked":["Dodge and Roll","Poisoned Stab"],"picked":"Crippling Poison","floor":18},{"not_picked":["Quick Slash","Deflect"],"picked":"Flying Knee","floor":21}],"player_experience":296723,"relics_obtained":[{"floor":6,"key":"Snake Skull"},{"floor":8,"key":"Vajra"}],"event_choices":[{"damage_healed":0,"gold_gain":0,"player_choice":"Upgraded","damage_taken":0,"max_hp_gain":0,"max_hp_loss":0,"event_name":"Upgrade Shrine","floor":10,"gold_loss":0,"cards_upgraded":["Neutralize"]},{"damage_healed":0,"gold_gain":0,"player_choice":"Shed Blood","damage_taken":18,"max_hp_gain":5,"max_hp_loss":0,"event_name":"Forgotten Altar","floor":20,"gold_loss":0}],"is_beta":false,"boss_relics":[{"not_picked":["Lizard Tail","Velvet Choker"],"picked":"Orrery"}],"items_purged_floors":[11,19],"is_endless":false,"potions_floor_spawned":[3,4,8,14,16,21],"killed_by":"Snake Plant","ascension_level":1}