{"gold_per_floor":[117,137,18,28,28,28,58,58,84,108,128,128,128,141,141,232,232,247,162,41,66,87,87,121,121,121,140,161,176,301,47,47,146,146,166,191,205,226,51,51,51,75,75,96,96,111,125,166,166,166],"floor_reached":50,"playtime":2970,"items_purged":["Strike_R","Strike_R"],"score":898,"play_id":"c7ddd035-9ebb-4246-87a5-d08a7b867e47","local_time":"20190421222409","is_ascension_mode":true,"campfire_choices":[{"data":"Flame Barrier","floor":6,"key":"SMITH"},{"data":"Bash","floor":12,"key":"SMITH"},{"data":"Shockwave","floor":15,"key":"SMITH"},{"data":"True Grit","floor":23,"key":"SMITH"},{"data":"Impervious","floor":25,"key":"SMITH"},{"data":"Feel No Pain","floor":32,"key":"SMITH"},{"data":"Heavy Blade","floor":40,"key":"SMITH"},{"floor":45,"key":"REST"},{"floor":49,"key":"REST"}],"neow_cost":"TEN_PERCENT_HP_LOSS","seed_source_timestamp":780861329279700,"circlet_count":0,"master_deck":["AscendersBane","Strike_R","Strike_R","Strike_R","Defend_R","Defend_R","Defend_R","Defend_R","Bash+1","Heavy Blade+1","Shrug It Off","Whirlwind+1","Flame Barrier+1","Shockwave+1","Impervious+1","Uppercut+1","True Grit+1","Ghostly Armor","Offering","Feel No Pain+1","Spot Weakness+1","Chrysalis+1","Inflame","Parasite","Inflame","Madness+1","Madness+1","Pain","Metallicize+1","Disarm+1","Inflame+1"],"relics":["Burning Blood","Du-Vu Doll","Odd Mushroom","Golden Idol","Pen Nib","Anchor","Runic Dome","Dodecahedron","Bag of Preparation","Thread and Needle","Bird Faced Urn","Toxic Egg 2","Cursed Key","Singing Bowl","Lantern"],"potions_floor_usage":[16,18,18,33,33,48,50,50],"damage_taken":[{"damage":0,"enemies":"Small Slimes","floor":1,"turns":3},{"damage":1,"enemies":"2 Louse","floor":2,"turns":4},{"damage":6,"enemies":"Jaw Worm","floor":4,"turns":4},{"damage":0,"enemies":"The Mushroom Lair","floor":7,"turns":2},{"damage":0,"enemies":"Large Slime","floor":11,"turns":5},{"damage":0,"enemies":"3 Louse","floor":14,"turns":1},{"damage":28,"enemies":"Slime Boss","floor":16,"turns":8},{"damage":22,"enemies":"Spheric Guardian","floor":18,"turns":4},{"damage":1,"enemies":"Shell Parasite","floor":21,"turns":6},{"damage":0,"enemies":"Cultist and Chosen","floor":22,"turns":3},{"damage":26,"enemies":"Slavers","floor":24,"turns":5},{"damage":9,"enemies":"Centurion and Healer","floor":27,"turns":3},{"damage":7,"enemies":"Snake Plant","floor":28,"turns":4},{"damage":0,"enemies":"Chosen and Byrds","floor":29,"turns":4},{"damage":6,"enemies":"Colosseum Slavers","floor":30,"turns":2},{"damage":0,"enemies":"Colosseum Nobs","floor":30,"turns":3},{"damage":32,"enemies":"Champ","floor":33,"turns":13},{"damage":14,"enemies":"3 Darklings","floor":35,"turns":3},{"damage":13,"enemies":"Orb Walker","floor":36,"turns":5},{"damage":17,"enemies":"Writhing Mass","floor":37,"turns":6},{"damage":3,"enemies":"4 Shapes","floor":38,"turns":12},{"damage":6,"enemies":"Maw","floor":42,"turns":5},{"damage":26,"enemies":"Writhing Mass","floor":44,"turns":5},{"damage":0,"enemies":"Jaw Worm Horde","floor":46,"turns":3},{"damage":15,"enemies":"Maw","floor":47,"turns":7},{"damage":60,"enemies":"Reptomancer","floor":48,"turns":11},{"damage":51,"enemies":"Time Eater","floor":50,"turns":3}],"seed_played":"-181477428022915506","potions_obtained":[{"floor":7,"key":"Block Potion"},{"floor":16,"key":"EntropicBrew"},{"floor":24,"key":"Weak Potion"},{"floor":30,"key":"PowerPotion"},{"floor":38,"key":"PowerPotion"},{"floor":44,"key":"Block Potion"},{"floor":48,"key":"Poison Potion"}],"is_trial":false,"path_per_floor":["M","M","$","M","?","R","?","?","T","T","M","R","?","M","R","B",null,"M","?","$","M","M","R","E","R","T","M","M","M","?","$","R","B",null,"M","M","M","M","$","R","?","M","T","M","R","M","M","E","R","B"],"character_chosen":"IRONCLAD","items_purchased":["Whirlwind","Flame Barrier","True Grit","Spot Weakness+1","Chrysalis+1","Inflame"],"campfire_rested":2,"item_purchase_floors":[3,3,20,31,31,39],"current_hp_per_floor":[68,68,68,68,68,68,68,45,45,45,51,51,51,57,57,35,60,50,50,50,55,61,61,41,41,41,38,37,43,49,49,49,27,58,52,47,40,47,47,47,35,39,39,25,45,57,56,14,35,0],"gold":166,"neow_bonus":"ONE_RARE_RELIC","is_prod":false,"is_daily":false,"chose_seed":false,"campfire_upgraded":7,"win_rate":0,"timestamp":1555878249,"path_taken":["M","M","$","M","?","R","?","?","T","?","?","R","?","M","R","BOSS","M","?","$","M","M","R","E","R","T","M","M","M","?","?","R","BOSS","M","?","?","M","$","R","?","M","T","M","R","M","M","E","R","BOSS"],"build_version":"2019-01-23","purchased_purges":2,"victory":false,"max_hp_per_floor":[68,68,68,68,68,68,68,68,68,68,68,68,68,68,68,68,68,68,68,68,68,68,68,68,68,68,68,68,68,68,68,68,68,68,68,68,68,68,68,68,68,68,68,68,68,68,68,70,70,70],"card_choices":[{"not_picked":["Wild Strike","Headbutt"],"picked":"Heavy Blade","floor":1},{"not_picked":["Reckless Charge","Twin Strike"],"picked":"Shrug It Off","floor":2},{"not_picked":["Barricade","Heavy Blade","Body Slam"],"picked":"SKIP","floor":4},{"not_picked":["Barricade","Heavy Blade","Body Slam"],"picked":"SKIP","floor":4},{"not_picked":["Anger","Power Through","Havoc"],"picked":"SKIP","floor":11},{"not_picked":["Iron Wave","Wild Strike"],"picked":"Shockwave","floor":14},{"not_picked":["Offering","Barricade"],"picked":"Impervious","floor":16},{"not_picked":["Armaments","Thunderclap"],"picked":"Uppercut+1","floor":18},{"not_picked":["Twin Strike","Searing Blow"],"picked":"Ghostly Armor","floor":21},{"not_picked":["Uppercut","Sword Boomerang","Intimidate"],"picked":"SKIP","floor":22},{"not_picked":["Rupture","Pommel Strike","Corruption"],"picked":"SKIP","floor":24},{"not_picked":["Dual Wield","Infernal Blade+1"],"picked":"Offering","floor":27},{"not_picked":["Sword Boomerang","Iron Wave"],"picked":"Feel No Pain","floor":28},{"not_picked":["Shockwave","Twin Strike","Headbutt"],"picked":"SKIP","floor":29},{"not_picked":["Clash","Perfected Strike","Havoc+1"],"picked":"SKIP","floor":35},{"not_picked":["Searing Blow","Second Wind+1"],"picked":"Inflame","floor":36},{"not_picked":["Sword Boomerang+1","Combust","Seeing Red+1"],"picked":"SKIP","floor":37},{"not_picked":["Shrug It Off+1","Hemokinesis","Infernal Blade+1"],"picked":"SKIP","floor":38},{"not_picked":["Armaments+1","Anger","Thunderclap+1"],"picked":"SKIP","floor":42},{"not_picked":["Armaments+1","Thunderclap"],"picked":"Metallicize+1","floor":44},{"not_picked":["True Grit+1","Shrug It Off+1"],"picked":"Disarm+1","floor":46},{"not_picked":["Bludgeon","True Grit+1"],"picked":"Inflame+1","floor":47},{"not_picked":["Intimidate+1","Shrug It Off+1","Rampage"],"picked":"Singing Bowl","floor":48}],"player_experience":263575,"relics_obtained":[{"floor":7,"key":"Odd Mushroom"},{"floor":9,"key":"Pen Nib"},{"floor":10,"key":"Anchor"},{"floor":24,"key":"Bag of Preparation"},{"floor":26,"key":"Thread and Needle"},{"floor":30,"key":"Bird Faced Urn"},{"floor":30,"key":"Toxic Egg 2"},{"floor":43,"key":"Singing Bowl"},{"floor":48,"key":"Lantern"}],"event_choices":[{"damage_healed":0,"gold_gain":0,"player_choice":"Grow","damage_taken":0,"max_hp_gain":0,"max_hp_loss":0,"event_name":"Living Wall","floor":5,"gold_loss":0,"cards_upgraded":["Whirlwind"]},{"damage_healed":0,"gold_gain":0,"player_choice":"Fought Mushrooms","damage_taken":0,"max_hp_gain":0,"max_hp_loss":0,"event_name":"Mushrooms","floor":7,"gold_loss":0},{"damage_healed":0,"gold_gain":0,"player_choice":"Take Damage","damage_taken":23,"relics_obtained":["Golden Idol"],"max_hp_gain":0,"max_hp_loss":0,"event_name":"Golden Idol","floor":8,"gold_loss":0},{"damage_healed":0,"gold_gain":0,"player_choice":"Ignored","damage_taken":0,"max_hp_gain":0,"max_hp_loss":0,"event_name":"Liars Game","floor":13,"gold_loss":0},{"damage_healed":0,"gold_gain":0,"player_choice":"Obtained Relic","damage_taken":0,"relics_obtained":["Dodecahedron"],"max_hp_gain":0,"max_hp_loss":0,"event_name":"Addict","floor":19,"gold_loss":85},{"damage_healed":0,"gold_gain":0,"player_choice":"Fight","damage_taken":0,"max_hp_gain":0,"max_hp_loss":0,"event_name":"Colosseum","floor":30,"gold_loss":0},{"damage_healed":0,"gold_gain":0,"player_choice":"Fought Nobs","damage_taken":0,"max_hp_gain":0,"max_hp_loss":0,"event_name":"Colosseum","floor":30,"gold_loss":0},{"damage_healed":0,"gold_gain":0,"player_choice":"Embrace Madness","damage_taken":12,"max_hp_gain":0,"max_hp_loss":0,"event_name":"Winding Halls","floor":41,"gold_loss":0,"cards_obtained":["Madness","Madness"]}],"is_beta":false,"boss_relics":[{"not_picked":["Runic Pyramid","Calling Bell"],"picked":"Runic Dome"},{"not_picked":["Fusion Hammer","Orrery"],"picked":"Cursed Key"}],"items_purged_floors":[20,39],"is_endless":false,"potions_floor_spawned":[7,16,24,29,30,30,38,44,46,47,48],"killed_by":"Time Eater","ascension_level":15}