{"gold_per_floor":[368,78,94,108,108,108,134,134,134,145,145,163,163,180,180,282,282,293,361,361,380,395,727,76,76,76,76,88,104,104,114,114,215,215,225,15,15,115,126,126,156,156,203,203,229,229,256,7,7,7,7,7,7,32,32],"floor_reached":55,"playtime":3044,"items_purged":["Parasite","Strike_R","Strike_R"],"score":793,"play_id":"f19b6f6b-ca3a-49c2-99f7-2cab9335e933","local_time":"20190309170633","is_ascension_mode":false,"campfire_choices":[{"data":"Bash","floor":6,"key":"SMITH"},{"data":"Pommel Strike","floor":8,"key":"SMITH"},{"data":"Flex","floor":13,"key":"SMITH"},{"data":"Shrug It Off","floor":15,"key":"SMITH"},{"floor":25,"key":"RECALL"},{"data":"Strike_R","floor":27,"key":"PURGE"},{"data":"Strike_R","floor":30,"key":"PURGE"},{"data":"Strike_R","floor":32,"key":"PURGE"},{"data":"Defend_R","floor":40,"key":"PURGE"},{"data":"Madness","floor":42,"key":"PURGE"},{"data":"Metallicize","floor":44,"key":"PURGE"},{"data":"Feed+1","floor":46,"key":"PURGE"},{"data":"Defend_R","floor":49,"key":"PURGE"},{"data":"Defend_R","floor":52,"key":"PURGE"}],"neow_cost":"CURSE","seed_source_timestamp":1215892818229959,"circlet_count":0,"master_deck":["Defend_R","Bash+1","Apotheosis+1","Shrug It Off+1","Pommel Strike+1","Twin Strike+1","Flex+1","Immolate","Disarm+1","Shrug It Off","Uppercut+1","Offering","Rage","Battle Trance","Burning Pact+1","Finesse","Madness","Pummel+1","Entrench+1","Inflame","Spot Weakness+1"],"relics":["Burning Blood","Dream Catcher","Ornamental Fan","Fusion Hammer","Old Coin","Kunai","Incense Burner","Peace Pipe","Busted Crown","Prayer Wheel","Whetstone","Happy Flower","Lantern","MawBank","Medical Kit","Self Forming Clay"],"potions_floor_usage":[12,18,23,28,50,55,55,55],"damage_taken":[{"damage":8,"enemies":"Jaw Worm","floor":1,"turns":3},{"damage":3,"enemies":"Cultist","floor":3,"turns":4},{"damage":0,"enemies":"2 Louse","floor":4,"turns":3},{"damage":6,"enemies":"Lagavulin","floor":7,"turns":7},{"damage":4,"enemies":"Gremlin Gang","floor":10,"turns":6},{"damage":3,"enemies":"Lots of Slimes","floor":12,"turns":3},{"damage":2,"enemies":"Looter","floor":14,"turns":3},{"damage":23,"enemies":"The Guardian","floor":16,"turns":11},{"damage":5,"enemies":"3 Byrds","floor":18,"turns":3},{"damage":6,"enemies":"Spheric Guardian","floor":21,"turns":4},{"damage":16,"enemies":"Centurion and Healer","floor":22,"turns":4},{"damage":0,"enemies":"Book of Stabbing","floor":23,"turns":5},{"damage":2,"enemies":"Snecko","floor":28,"turns":5},{"damage":1,"enemies":"3 Cultists","floor":29,"turns":3},{"damage":6,"enemies":"Centurion and Healer","floor":31,"turns":4},{"damage":16,"enemies":"Collector","floor":33,"turns":7},{"damage":6,"enemies":"3 Darklings","floor":35,"turns":4},{"damage":1,"enemies":"Mind Bloom Boss Battle","floor":38,"turns":7},{"damage":10,"enemies":"3 Shapes","floor":39,"turns":4},{"damage":1,"enemies":"Reptomancer","floor":41,"turns":6},{"damage":9,"enemies":"Giant Head","floor":45,"turns":7},{"damage":11,"enemies":"Donu and Deca","floor":50,"turns":6},{"damage":39,"enemies":"Shield and Spear","floor":54,"turns":7},{"damage":48,"enemies":"The Heart","floor":55,"turns":8}],"seed_played":"-6625207747094335347","potions_obtained":[{"floor":1,"key":"Regen Potion"},{"floor":4,"key":"Weak Potion"},{"floor":11,"key":"Fire Potion"},{"floor":11,"key":"Poison Potion"},{"floor":12,"key":"SteroidPotion"},{"floor":14,"key":"Fire Potion"},{"floor":16,"key":"SkillPotion"},{"floor":22,"key":"FearPotion"},{"floor":23,"key":"FearPotion"},{"floor":29,"key":"BloodPotion"},{"floor":33,"key":"PowerPotion"},{"floor":54,"key":"Block Potion"}],"is_trial":false,"path_per_floor":["M","$","M","M","?","R","E","R","T","M","?","M","R","M","R","B",null,"M","T","?","M","M","E","$","R","T","R","M","M","R","M","R","B",null,"M","$","?","?","M","R","E","R","T","R","E","R","T","$","R","B",null,"R","$","E","B"],"character_chosen":"IRONCLAD","items_purchased":["Apotheosis","Metallicize","Kunai","Incense Burner","Finesse","Medical Kit","Inflame"],"campfire_rested":0,"item_purchase_floors":[2,2,24,24,36,48,48],"current_hp_per_floor":[78,77,77,77,77,77,77,77,77,77,77,77,77,77,77,60,77,77,77,77,77,67,73,73,73,73,73,77,77,77,77,77,67,77,77,77,67,72,71,71,76,76,76,76,73,73,73,73,73,68,80,80,80,47,0],"gold":32,"neow_bonus":"TWO_FIFTY_GOLD","is_prod":false,"is_daily":false,"chose_seed":false,"campfire_upgraded":4,"win_rate":0,"timestamp":1552122393,"path_taken":["M","$","M","M","?","R","E","R","T","M","?","M","R","M","R","BOSS","M","?","?","?","M","E","$","R","T","R","?","M","R","M","R","BOSS","M","$","?","?","M","R","E","R","T","R","E","R","?","?","R","BOSS","R","$","E","BOSS"],"build_version":"2019-01-23","purchased_purges":3,"victory":false,"max_hp_per_floor":[80,77,77,77,77,77,77,77,77,77,77,77,77,77,77,77,77,77,77,77,77,77,77,77,77,77,77,77,77,77,77,77,77,77,77,77,77,77,80,80,80,80,80,80,80,80,80,80,80,80,80,80,80,80,80],"card_choices":[{"not_picked":["Warcry","Perfected Strike","Wild Strike"],"picked":"SKIP","floor":1},{"not_picked":["Sword Boomerang","Evolve"],"picked":"Shrug It Off","floor":3},{"not_picked":["Havoc","Dropkick"],"picked":"Pommel Strike","floor":4},{"not_picked":["Iron Wave","Reckless Charge"],"picked":"Twin Strike","floor":7},{"not_picked":["Heavy Blade","Shrug It Off"],"picked":"Flex","floor":10},{"not_picked":["Rampage","Anger","Reckless Charge"],"picked":"SKIP","floor":12},{"not_picked":["Heavy Blade","Wild Strike","Sever Soul"],"picked":"SKIP","floor":14},{"not_picked":["Fiend Fire","Berserk"],"picked":"Immolate","floor":16},{"not_picked":["Body Slam","Sentinel+1"],"picked":"Disarm+1","floor":18},{"not_picked":["Flex","Cleave"],"picked":"Shrug It Off","floor":21},{"not_picked":["Cleave","Anger"],"picked":"Uppercut+1","floor":22},{"not_picked":["Heavy Blade","Pommel Strike+1"],"picked":"Offering","floor":23},{"not_picked":["Flame Barrier","Infernal Blade"],"picked":"Rage","floor":28},{"not_picked":["Uppercut+1","Warcry"],"picked":"Battle Trance","floor":29},{"not_picked":["Sword Boomerang","Sever Soul","Wild Strike"],"picked":"SKIP","floor":31},{"not_picked":["Immolate","Impervious"],"picked":"Feed","floor":33},{"not_picked":[],"picked":"Burning Pact+1","floor":35},{"not_picked":["Uppercut+1"],"picked":"SKIP","floor":39},{"not_picked":["Clothesline+1"],"picked":"SKIP","floor":39},{"not_picked":[],"picked":"Pummel+1","floor":41},{"not_picked":[],"picked":"Entrench+1","floor":45},{"not_picked":[],"picked":"Spot Weakness+1","floor":54}],"player_experience":772846,"relics_obtained":[{"floor":7,"key":"Dream Catcher"},{"floor":9,"key":"Ornamental Fan"},{"floor":23,"key":"Old Coin"},{"floor":26,"key":"Peace Pipe"},{"floor":38,"key":"Prayer Wheel"},{"floor":41,"key":"Whetstone"},{"floor":43,"key":"Happy Flower"},{"floor":45,"key":"Lantern"},{"floor":47,"key":"MawBank"},{"floor":54,"key":"Self Forming Clay"}],"event_choices":[{"damage_healed":0,"gold_gain":0,"player_choice":"Grow","damage_taken":0,"max_hp_gain":0,"max_hp_loss":0,"event_name":"Living Wall","floor":5,"gold_loss":0,"cards_upgraded":["Apotheosis"]},{"damage_healed":0,"gold_gain":0,"player_choice":"Got Potions","damage_taken":0,"max_hp_gain":0,"max_hp_loss":0,"event_name":"Lab","floor":11,"gold_loss":0},{"cards_removed":["Strike_R"],"damage_healed":0,"gold_gain":0,"player_choice":"Took Card","damage_taken":0,"max_hp_gain":0,"max_hp_loss":0,"event_name":"NoteForYourself","floor":20,"gold_loss":0,"cards_obtained":["Strike_R"]},{"damage_healed":0,"gold_gain":0,"player_choice":"Embrace Madness","damage_taken":10,"max_hp_gain":0,"max_hp_loss":0,"event_name":"Winding Halls","floor":37,"gold_loss":0,"cards_obtained":["Madness","Madness"]},{"damage_healed":0,"gold_gain":0,"player_choice":"Fight","damage_taken":0,"max_hp_gain":0,"max_hp_loss":0,"event_name":"MindBloom","floor":38,"gold_loss":0}],"is_beta":false,"boss_relics":[{"not_picked":["Lizard Tail","Astrolabe"],"picked":"Fusion Hammer"},{"not_picked":["Cursed Key","Tiny House"],"picked":"Busted Crown"}],"items_purged_floors":[2,24,36],"is_endless":false,"potions_floor_spawned":[1,4,12,14,16,22,23,29,33,41,45,54],"killed_by":"The Heart","ascension_level":0}