{"gold_per_floor":[111,111,121,47,47,47,70,103,103,28,28,59,59,78,78,180,180,191,201,416,137,137,166,166,186,186,196,196,1,26,40,40,144,144,160,179,196,126,140,165,165,200,252,102,112,128,128,128,128,128],"floor_reached":50,"playtime":4151,"items_purged":["Strike_R","Strike_R","Strike_R","Doubt"],"score":710,"play_id":"65aa3093-f1a4-47f1-925e-551d2896c878","local_time":"20190325214200","is_ascension_mode":true,"campfire_choices":[{"data":"Cleave","floor":6,"key":"SMITH"},{"data":"Uppercut","floor":11,"key":"SMITH"},{"data":"Iron Wave","floor":13,"key":"SMITH"},{"floor":15,"key":"REST"},{"floor":24,"key":"REST"},{"floor":28,"key":"REST"},{"floor":32,"key":"REST"},{"floor":41,"key":"REST"},{"floor":47,"key":"REST"},{"floor":49,"key":"REST"}],"neow_cost":"NONE","seed_source_timestamp":427642859563300,"circlet_count":0,"master_deck":["Strike_R+1","Defend_R+1","Defend_R","Defend_R+1","Defend_R","Bash+1","Cleave+1","Shrug It Off","Double Tap+1","Iron Wave+1","Uppercut+1","Inflame","Juggernaut","Armaments+1","Havoc+1","Shrug It Off","Dual Wield","Infernal Blade+1","Flex+1","Inflame","Seeing Red","Demon Form","Shockwave","Warcry+1","Dropkick+1","Body Slam+1","Anger+1","Shrug It Off+1","Magnetism","Metamorphosis+1","Finesse+1"],"relics":["Burning Blood","Odd Mushroom","Bag of Marbles","Pear","War Paint","Fusion Hammer","Old Coin","Strawberry","Oddly Smooth Stone","Matryoshka","Orichalcum","Cursed Key","Happy Flower","Toxic Egg 2","Singing Bowl","Lantern"],"potions_floor_usage":[12,27,35,35,40,50],"damage_taken":[{"damage":3,"enemies":"Jaw Worm","floor":1,"turns":4},{"damage":1,"enemies":"Cultist","floor":3,"turns":3},{"damage":8,"enemies":"The Mushroom Lair","floor":7,"turns":3},{"damage":24,"enemies":"Lagavulin","floor":8,"turns":7},{"damage":9,"enemies":"3 Sentries","floor":12,"turns":5},{"damage":0,"enemies":"2 Louse","floor":14,"turns":1},{"damage":64,"enemies":"Hexaghost","floor":16,"turns":12},{"damage":0,"enemies":"3 Byrds","floor":18,"turns":4},{"damage":19,"enemies":"Spheric Guardian","floor":19,"turns":4},{"damage":13,"enemies":"Book of Stabbing","floor":23,"turns":5},{"damage":2,"enemies":"3 Cultists","floor":25,"turns":4},{"damage":8,"enemies":"Cultist and Chosen","floor":27,"turns":6},{"damage":21,"enemies":"Gremlin Leader","floor":30,"turns":7},{"damage":7,"enemies":"Snecko","floor":31,"turns":5},{"damage":20,"enemies":"Collector","floor":33,"turns":8},{"damage":37,"enemies":"3 Darklings","floor":35,"turns":3},{"damage":4,"enemies":"Orb Walker","floor":36,"turns":3},{"damage":1,"enemies":"Jaw Worm Horde","floor":37,"turns":4},{"damage":3,"enemies":"Transient","floor":39,"turns":5},{"damage":24,"enemies":"Nemesis","floor":40,"turns":7},{"damage":22,"enemies":"Giant Head","floor":42,"turns":7},{"damage":27,"enemies":"4 Shapes","floor":45,"turns":4},{"damage":9,"enemies":"Jaw Worm Horde","floor":46,"turns":4},{"damage":126,"enemies":"Time Eater","floor":50,"turns":9}],"seed_played":"-1185401330890289662","potions_obtained":[{"floor":1,"key":"Energy Potion"},{"floor":16,"key":"Explosive Potion"},{"floor":19,"key":"Weak Potion"},{"floor":25,"key":"Swift Potion"},{"floor":33,"key":"Explosive Potion"},{"floor":35,"key":"Energy Potion"},{"floor":42,"key":"Regen Potion"}],"is_trial":false,"path_per_floor":["M","?","M","$","?","R","?","E","T","$","R","E","R","M","R","B",null,"M","M","?","$","?","E","R","M","T","M","R","$","E","M","R","B",null,"M","M","M","$","M","E","R","E","T","$","M","M","R","?","R","B"],"character_chosen":"IRONCLAD","items_purchased":["Double Tap","Shrug It Off","Strawberry","Inflame","Shockwave"],"campfire_rested":7,"item_purchase_floors":[4,21,21,29,38],"current_hp_per_floor":[80,80,80,80,64,64,62,44,54,54,54,51,51,57,84,26,74,80,67,67,74,55,48,78,82,82,80,102,102,87,86,102,88,99,68,70,75,75,78,60,90,74,74,74,53,50,80,70,100,0],"gold":128,"neow_bonus":"UPGRADE_CARD","is_prod":false,"is_daily":false,"chose_seed":false,"campfire_upgraded":3,"win_rate":0,"timestamp":1553546520,"path_taken":["M","?","?","$","?","R","?","E","T","$","R","E","R","M","R","BOSS","M","M","?","$","?","E","R","M","T","M","R","$","E","M","R","BOSS","M","M","M","$","M","E","R","E","T","$","M","M","R","?","R","BOSS"],"build_version":"2019-01-23","purchased_purges":4,"victory":false,"max_hp_per_floor":[80,80,80,80,80,80,80,80,90,90,90,90,90,90,90,90,90,90,90,90,97,102,102,102,102,102,102,102,102,102,102,102,102,102,102,102,102,102,102,102,102,102,102,102,102,102,102,102,102,102],"card_choices":[{"not_picked":["Blood for Blood","Clash"],"picked":"Cleave","floor":1},{"not_picked":["Clash","Feel No Pain"],"picked":"Shrug It Off","floor":3},{"not_picked":["Headbutt","Flex"],"picked":"Iron Wave","floor":7},{"not_picked":["Power Through","Iron Wave"],"picked":"Uppercut","floor":8},{"not_picked":["Body Slam","Carnage"],"picked":"Inflame","floor":12},{"not_picked":["Berserk","Reckless Charge","Wild Strike"],"picked":"SKIP","floor":14},{"not_picked":["Double Tap","Feed"],"picked":"Juggernaut","floor":16},{"not_picked":["Flame Barrier","Heavy Blade"],"picked":"Armaments+1","floor":18},{"not_picked":["Perfected Strike","Sword Boomerang"],"picked":"Havoc+1","floor":19},{"not_picked":["Brutality","Headbutt"],"picked":"Dual Wield","floor":23},{"not_picked":["True Grit","Combust+1"],"picked":"Infernal Blade+1","floor":25},{"not_picked":["Shrug It Off","Warcry"],"picked":"Flex+1","floor":27},{"not_picked":["True Grit","Dark Embrace","Sever Soul"],"picked":"SKIP","floor":30},{"not_picked":["Clothesline","Cleave"],"picked":"Seeing Red","floor":31},{"not_picked":["Immolate","Berserk"],"picked":"Demon Form","floor":33},{"not_picked":["Body Slam","Sentinel","Pommel Strike"],"picked":"SKIP","floor":35},{"not_picked":["Power Through","Iron Wave+1","Clash"],"picked":"SKIP","floor":36},{"not_picked":["Entrench","Iron Wave","Combust"],"picked":"SKIP","floor":37},{"not_picked":["Sever Soul","Cleave"],"picked":"Warcry+1","floor":39},{"not_picked":["Rupture","Headbutt+1"],"picked":"Dropkick+1","floor":40},{"not_picked":["Iron Wave+1","Armaments+1"],"picked":"Body Slam+1","floor":42},{"not_picked":["Sword Boomerang+1","Shrug It Off+1"],"picked":"Anger+1","floor":45},{"not_picked":["Pommel Strike+1","Immolate"],"picked":"Shrug It Off+1","floor":46},{"not_picked":["Bandage Up+1","PanicButton+1"],"picked":"Magnetism","floor":48},{"not_picked":["Dramatic Entrance","The Bomb+1"],"picked":"Metamorphosis+1","floor":48},{"not_picked":["Mind Blast","Purity+1"],"picked":"Finesse+1","floor":48}],"player_experience":438166,"relics_obtained":[{"floor":7,"key":"Odd Mushroom"},{"floor":8,"key":"Bag of Marbles"},{"floor":9,"key":"Pear"},{"floor":12,"key":"War Paint"},{"floor":23,"key":"Oddly Smooth Stone"},{"floor":26,"key":"Matryoshka"},{"floor":30,"key":"Orichalcum"},{"floor":40,"key":"Happy Flower"},{"floor":42,"key":"Toxic Egg 2"},{"floor":43,"key":"Singing Bowl"},{"floor":43,"key":"Lantern"}],"event_choices":[{"cards_removed":["Strike_R"],"damage_healed":0,"gold_gain":0,"player_choice":"Offered Basic","damage_taken":0,"max_hp_gain":0,"max_hp_loss":0,"event_name":"Bonfire Elementals","floor":2,"gold_loss":0},{"damage_healed":0,"gold_gain":0,"player_choice":"Entered Light","damage_taken":16,"max_hp_gain":0,"max_hp_loss":0,"event_name":"Shining Light","floor":5,"gold_loss":0,"cards_upgraded":["Defend_R","Strike_R"]},{"damage_healed":0,"gold_gain":0,"player_choice":"Fought Mushrooms","damage_taken":0,"max_hp_gain":0,"max_hp_loss":0,"event_name":"Mushrooms","floor":7,"gold_loss":0},{"damage_healed":0,"gold_gain":0,"player_choice":"Obtained Relic","damage_taken":0,"relics_obtained":["Old Coin"],"max_hp_gain":0,"max_hp_loss":0,"event_name":"Addict","floor":20,"gold_loss":85},{"damage_healed":0,"gold_gain":0,"player_choice":"Shed Blood","damage_taken":24,"max_hp_gain":5,"max_hp_loss":0,"event_name":"Forgotten Altar","floor":22,"gold_loss":0},{"damage_healed":0,"gold_gain":0,"player_choice":"Memory 3","damage_taken":10,"max_hp_gain":0,"max_hp_loss":0,"event_name":"SensoryStone","floor":48,"gold_loss":0}],"is_beta":false,"boss_relics":[{"not_picked":["Coffee Dripper","Eternal Feather"],"picked":"Fusion Hammer"},{"not_picked":["Mark of Pain","Velvet Choker"],"picked":"Cursed Key"}],"items_purged_floors":[10,21,29,44],"is_endless":false,"potions_floor_spawned":[1,16,19,25,33,35,42],"killed_by":"Time Eater","ascension_level":5}