{"gold_per_floor":[20,30,40,60,60,60,91,16,16,16,16,32,32,67,67,164,164,139,139,49,64,64,64,74,74],"floor_reached":25,"playtime":1046,"items_purged":["Strike_B"],"score":327,"play_id":"9bf491a6-3a34-47d2-a6d3-058e389584a3","local_time":"20181221171400","is_ascension_mode":true,"campfire_choices":[{"data":"Zap","floor":6,"key":"SMITH"},{"data":"Dualcast","floor":11,"key":"SMITH"},{"data":"Capacitor","floor":13,"key":"SMITH"},{"floor":15,"key":"REST"},{"data":"Blizzard","floor":23,"key":"SMITH"}],"neow_cost":"NO_GOLD","seed_source_timestamp":30736142769800,"circlet_count":0,"master_deck":["AscendersBane","Strike_B","Defend_B","Defend_B","Defend_B","Zap+1","Dualcast+1","Reboot","Cold Snap","Conserve Battery","Glacier","Capacitor+1","FTL","Conserve Battery","Multi-Cast","Conserve Battery","Blizzard+1","Cold Snap","FTL","Capacitor","Cold Snap"],"relics":["Cracked Core","Shovel","Pocketwatch","Kunai","Question Card","Cursed Key","Nilry\u0027s Codex"],"potions_floor_usage":[14,14,24,25,25],"damage_taken":[{"damage":2,"enemies":"Jaw Worm","floor":1,"turns":3},{"damage":0,"enemies":"Small Slimes","floor":2,"turns":3},{"damage":0,"enemies":"Cultist","floor":3,"turns":4},{"damage":14,"enemies":"3 Louse","floor":4,"turns":4},{"damage":5,"enemies":"3 Sentries","floor":7,"turns":10},{"damage":0,"enemies":"Blue Slaver","floor":12,"turns":3},{"damage":16,"enemies":"Gremlin Nob","floor":14,"turns":4},{"damage":18,"enemies":"Slime Boss","floor":16,"turns":15},{"damage":25,"enemies":"2 Thieves","floor":18,"turns":5},{"damage":0,"enemies":"Chosen","floor":21,"turns":5},{"damage":6,"enemies":"Snake Plant","floor":24,"turns":6},{"damage":16,"enemies":"Cultist and Chosen","floor":25,"turns":4}],"seed_played":"-8997314157398983868","potions_obtained":[{"floor":1,"key":"GamblersBrew"},{"floor":4,"key":"Swift Potion"},{"floor":12,"key":"Swift Potion"},{"floor":18,"key":"Swift Potion"},{"floor":21,"key":"EssenceOfSteel"},{"floor":24,"key":"AttackPotion"}],"is_trial":false,"path_per_floor":["M","M","M","M","?","R","E","$","T","?","R","M","R","E","R","B",null,"M","?","$","M","?","R","M","M"],"character_chosen":"DEFECT","items_purchased":["Blizzard","Cold Snap"],"campfire_rested":1,"item_purchase_floors":[20,20],"current_hp_per_floor":[66,66,66,52,45,45,40,40,40,40,40,40,40,24,46,28,63,38,22,22,22,22,22,16,0],"gold":74,"neow_bonus":"THREE_RARE_CARDS","is_prod":false,"is_daily":false,"chose_seed":false,"campfire_upgraded":4,"win_rate":0,"timestamp":1545408840,"path_taken":["M","M","M","M","?","R","E","$","T","?","R","?","R","E","R","BOSS","M","?","$","M","?","R","M","M"],"build_version":"2018-12-20","purchased_purges":1,"victory":false,"max_hp_per_floor":[75,75,75,75,75,75,75,75,75,75,75,75,75,75,75,75,75,75,75,75,75,75,75,75,75],"card_choices":[{"not_picked":["Creative AI","All For One"],"picked":"Reboot","floor":0},{"not_picked":["Auto Shields","Streamline"],"picked":"Cold Snap","floor":1},{"not_picked":["Compile Driver","White Noise"],"picked":"Conserve Battery","floor":2},{"not_picked":["Redo","Rebound"],"picked":"Glacier","floor":3},{"not_picked":["Barrage","Undo","Rebound"],"picked":"SKIP","floor":4},{"not_picked":["Hello World","Auto Shields"],"picked":"Capacitor","floor":7},{"not_picked":["Hyperbeam","Leap"],"picked":"FTL","floor":12},{"not_picked":["Hologram","Rainbow"],"picked":"Conserve Battery","floor":14},{"not_picked":["Fission","Hyperbeam","Reboot"],"picked":"Multi-Cast","floor":16},{"not_picked":["Consume","Streamline","Turbo"],"picked":"Conserve Battery","floor":18},{"not_picked":["Stack+1","Sweeping Beam","Steam Power","Reprogram+1"],"picked":"SKIP","floor":21},{"not_picked":["Genetic Algorithm","Redo","BootSequence"],"picked":"Cold Snap","floor":24}],"player_experience":300125,"relics_obtained":[{"floor":7,"key":"Shovel"},{"floor":9,"key":"Pocketwatch"},{"floor":14,"key":"Question Card"},{"floor":19,"key":"Nilry\u0027s Codex"}],"event_choices":[{"cards_removed":["Defend_B"],"damage_healed":0,"gold_gain":0,"player_choice":"Card Removal","damage_taken":7,"max_hp_gain":0,"max_hp_loss":0,"event_name":"Golden Wing","floor":5,"gold_loss":0},{"damage_healed":0,"gold_gain":0,"player_choice":"Gave Potion","damage_taken":0,"relics_obtained":["Kunai"],"max_hp_gain":0,"max_hp_loss":0,"event_name":"WeMeetAgain","floor":10,"gold_loss":0},{"damage_healed":0,"gold_gain":0,"player_choice":"Obtained Book","damage_taken":16,"max_hp_gain":0,"max_hp_loss":0,"event_name":"Cursed Tome","floor":19,"gold_loss":0},{"damage_healed":0,"gold_gain":0,"cards_transformed":["Strike_B","Strike_B"],"player_choice":"Became Test Subject","damage_taken":0,"max_hp_gain":0,"max_hp_loss":0,"event_name":"Drug Dealer","floor":22,"gold_loss":0,"cards_obtained":["FTL","Capacitor"]}],"is_beta":false,"boss_relics":[{"not_picked":["Black Star","Velvet Choker"],"picked":"Cursed Key"}],"items_purged_floors":[8],"is_endless":false,"potions_floor_spawned":[1,4,12,18,21,24],"killed_by":"Cultist and Chosen","ascension_level":11}