{"gold_per_floor":[115,132,148,4,4,36,36,36,36,55,55,67,67,67,67,169,169,182,202,202,214,228,228,243,256,256,256,268,268,268,284,284,389,389,406,233,253,253,263,288,288],"floor_reached":41,"playtime":16943,"items_purged":["Pain"],"score":477,"play_id":"55c555e8-2cc9-48d1-93cd-16e12b28b6fe","local_time":"20190212011921","is_ascension_mode":false,"campfire_choices":[{"data":"Barricade","floor":11,"key":"SMITH"},{"data":"Limit Break","floor":13,"key":"SMITH"},{"data":"True Grit","floor":15,"key":"SMITH"},{"data":"Limit Break","floor":23,"key":"SMITH"},{"data":"Heavy Blade","floor":29,"key":"SMITH"},{"floor":32,"key":"REST"}],"neow_cost":"NONE","seed_source_timestamp":1144068043950200,"circlet_count":0,"master_deck":["Strike_R","Strike_R","Defend_R","Defend_R","Defend_R","Defend_R","Bash","Barricade+1","Havoc","Pommel Strike","Bludgeon","Pummel","Warcry","Regret","Body Slam","Limit Break+1","True Grit+1","Flame Barrier","Parasite","Demon Form","Armaments+1","Feed","Body Slam","Heavy Blade+1","Limit Break+1","Uppercut","Seeing Red","Intimidate","Rupture","Iron Wave","Rampage","Flex+1","Entrench","Shrug It Off+1","Sword Boomerang","Carnage","Anger","Fire Breathing","Berserk","Shrug It Off+1","Flex+1","Dramatic Entrance","Infernal Blade+1","Dropkick+1","Anger","Sentinel+1","Feel No Pain+1"],"relics":["Burning Blood","Anchor","Prayer Wheel","Oddly Smooth Stone","Du-Vu Doll","Cursed Key","Ginger","Runic Pyramid","Potion Belt"],"potions_floor_usage":[6,16,16,22,25,28,33,40,40,40],"damage_taken":[{"damage":1,"enemies":"Cultist","floor":1,"turns":4},{"damage":5,"enemies":"Small Slimes","floor":2,"turns":4},{"damage":15,"enemies":"Jaw Worm","floor":3,"turns":5},{"damage":41,"enemies":"3 Sentries","floor":6,"turns":9},{"damage":2,"enemies":"Large Slime","floor":10,"turns":3},{"damage":2,"enemies":"3 Louse","floor":12,"turns":4},{"damage":54,"enemies":"The Guardian","floor":16,"turns":10},{"damage":13,"enemies":"Chosen","floor":18,"turns":7},{"damage":10,"enemies":"2 Thieves","floor":19,"turns":4},{"damage":2,"enemies":"Snecko","floor":21,"turns":4},{"damage":23,"enemies":"Shelled Parasite and Fungi","floor":22,"turns":6},{"damage":17,"enemies":"Centurion and Healer","floor":24,"turns":7},{"damage":4,"enemies":"3 Cultists","floor":25,"turns":5},{"damage":11,"enemies":"Snecko","floor":28,"turns":4},{"damage":3,"enemies":"Centurion and Healer","floor":31,"turns":5},{"damage":64,"enemies":"Collector","floor":33,"turns":9},{"damage":46,"enemies":"3 Darklings","floor":35,"turns":6},{"damage":4,"enemies":"3 Shapes","floor":37,"turns":6},{"damage":17,"enemies":"Maw","floor":39,"turns":5},{"damage":37,"enemies":"Nemesis","floor":40,"turns":8},{"damage":21,"enemies":"Transient","floor":41,"turns":4}],"seed_played":"-3749375009958487294","potions_obtained":[{"floor":1,"key":"SteroidPotion"},{"floor":3,"key":"Energy Potion"},{"floor":6,"key":"Dexterity Potion"},{"floor":10,"key":"AttackPotion"},{"floor":18,"key":"Swift Potion"},{"floor":21,"key":"BloodPotion"},{"floor":24,"key":"LiquidBronze"},{"floor":28,"key":"Fire Potion"},{"floor":33,"key":"PowerPotion"},{"floor":37,"key":"SpeedPotion"}],"is_trial":false,"path_per_floor":["M","M","M","$","?","E","?","$","T","M","R","M","R","?","R","B",null,"M","M","?","M","M","R","M","M","T","?","M","R","?","M","R","B",null,"M","$","M","?","M","E","M"],"character_chosen":"IRONCLAD","items_purchased":["Anchor","Dramatic Entrance"],"campfire_rested":1,"item_purchase_floors":[4,36],"current_hp_per_floor":[80,80,71,71,71,36,36,36,36,40,40,44,44,64,64,16,80,73,69,69,73,64,64,56,61,61,44,39,39,39,42,69,11,91,51,51,56,56,49,18,0],"gold":288,"neow_bonus":"ONE_RANDOM_RARE_CARD","is_prod":false,"is_daily":false,"chose_seed":false,"campfire_upgraded":5,"win_rate":0,"timestamp":1549930761,"path_taken":["M","?","M","$","?","E","?","?","T","M","R","M","R","?","R","BOSS","M","M","?","M","M","R","M","M","T","?","M","R","?","M","R","BOSS","M","$","M","?","M","E","?"],"build_version":"2019-01-23","purchased_purges":1,"victory":false,"max_hp_per_floor":[80,80,80,80,80,80,80,80,80,80,80,80,80,80,80,80,80,80,80,80,80,80,80,83,86,86,91,91,91,91,91,91,91,91,91,91,94,94,98,98,98],"card_choices":[{"not_picked":["Fire Breathing","Sever Soul"],"picked":"Havoc","floor":1},{"not_picked":["Flex","Iron Wave"],"picked":"Pommel Strike","floor":2},{"not_picked":["Wild Strike","Pommel Strike"],"picked":"Bludgeon","floor":3},{"not_picked":["Sword Boomerang","Perfected Strike"],"picked":"Warcry","floor":6},{"not_picked":["Anger","Armaments"],"picked":"Body Slam","floor":10},{"not_picked":["Hemokinesis","Anger"],"picked":"Limit Break","floor":10},{"not_picked":["Iron Wave","Perfected Strike"],"picked":"True Grit","floor":12},{"not_picked":["Body Slam","Armaments"],"picked":"Flame Barrier","floor":12},{"not_picked":["Reaper","Fiend Fire"],"picked":"Demon Form","floor":16},{"not_picked":["Cleave","True Grit"],"picked":"Armaments+1","floor":18},{"not_picked":["Heavy Blade","Shrug It Off"],"picked":"Feed","floor":18},{"not_picked":["Perfected Strike","Havoc"],"picked":"Body Slam","floor":19},{"not_picked":["Searing Blow","Barricade"],"picked":"Heavy Blade","floor":19},{"not_picked":["Dropkick+1","Pommel Strike+1"],"picked":"Seeing Red","floor":21},{"not_picked":["Clash","Disarm+1"],"picked":"Intimidate","floor":21},{"not_picked":["Thunderclap","Cleave"],"picked":"Rupture","floor":22},{"not_picked":["Cleave","Limit Break"],"picked":"Iron Wave","floor":22},{"not_picked":["Power Through","Carnage+1"],"picked":"Rampage","floor":24},{"not_picked":["Body Slam","Sever Soul"],"picked":"Flex+1","floor":24},{"not_picked":["Sentinel","Armaments"],"picked":"Entrench","floor":25},{"not_picked":["Flame Barrier","Iron Wave"],"picked":"Shrug It Off+1","floor":25},{"not_picked":["Havoc","Wild Strike"],"picked":"Sword Boomerang","floor":28},{"not_picked":["Havoc","Shrug It Off"],"picked":"Carnage","floor":28},{"not_picked":["Sever Soul+1","True Grit"],"picked":"Anger","floor":31},{"not_picked":["Perfected Strike","Pommel Strike"],"picked":"Fire Breathing","floor":31},{"not_picked":["Offering","Barricade"],"picked":"Berserk","floor":33},{"not_picked":["Twin Strike+1","Warcry"],"picked":"Shrug It Off+1","floor":35},{"not_picked":["Berserk","Flame Barrier"],"picked":"Flex+1","floor":35},{"not_picked":["Twin Strike+1","Pommel Strike"],"picked":"Infernal Blade","floor":37},{"not_picked":["Heavy Blade+1","Perfected Strike"],"picked":"Dropkick+1","floor":37},{"not_picked":["Sword Boomerang","Thunderclap"],"picked":"Anger","floor":39},{"not_picked":["Clothesline","Ghostly Armor"],"picked":"Sentinel+1","floor":39},{"not_picked":["Entrench","Whirlwind"],"picked":"Feel No Pain+1","floor":40}],"player_experience":48891,"relics_obtained":[{"floor":6,"key":"Prayer Wheel"},{"floor":9,"key":"Du-Vu Doll"},{"floor":26,"key":"Ginger"},{"floor":40,"key":"Potion Belt"}],"event_choices":[{"damage_healed":0,"gold_gain":0,"cards_transformed":["Strike_R"],"player_choice":"Change","damage_taken":0,"max_hp_gain":0,"max_hp_loss":0,"event_name":"Living Wall","floor":5,"gold_loss":0,"cards_obtained":["Pummel"]},{"damage_healed":0,"gold_gain":0,"player_choice":"Box","damage_taken":0,"relics_obtained":["Oddly Smooth Stone"],"max_hp_gain":0,"max_hp_loss":0,"event_name":"Big Fish","floor":7,"gold_loss":0,"cards_obtained":["Regret"]},{"damage_healed":20,"gold_gain":0,"player_choice":"Healed and dodged fight","damage_taken":0,"max_hp_gain":0,"max_hp_loss":0,"event_name":"Mushrooms","floor":14,"gold_loss":0,"cards_obtained":["Parasite"]},{"damage_healed":0,"gold_gain":0,"cards_transformed":["Strike_R","Strike_R"],"player_choice":"Became Test Subject","damage_taken":0,"max_hp_gain":0,"max_hp_loss":0,"event_name":"Drug Dealer","floor":20,"gold_loss":0,"cards_obtained":["Limit Break","Uppercut"]},{"damage_healed":0,"gold_gain":0,"player_choice":"Shed Blood","damage_taken":22,"max_hp_gain":5,"max_hp_loss":0,"event_name":"Forgotten Altar","floor":27,"gold_loss":0},{"damage_healed":0,"gold_gain":0,"player_choice":"Ignored","damage_taken":0,"max_hp_gain":0,"max_hp_loss":0,"event_name":"Vampires","floor":30,"gold_loss":0},{"damage_healed":0,"gold_gain":0,"player_choice":"Upgraded","damage_taken":0,"max_hp_gain":0,"max_hp_loss":0,"event_name":"Upgrade Shrine","floor":38,"gold_loss":0,"cards_upgraded":["Infernal Blade"]}],"is_beta":false,"boss_relics":[{"not_picked":["Calling Bell","Fusion Hammer"],"picked":"Cursed Key"},{"not_picked":["Sozu","Velvet Choker"],"picked":"Runic Pyramid"}],"items_purged_floors":[36],"is_endless":false,"potions_floor_spawned":[1,3,6,10,18,21,24,28,33,37,39],"killed_by":"Transient","ascension_level":0}