{"gold_per_floor":[215,235,247,7,7,39,39,39],"floor_reached":8,"playtime":319,"items_purged":[],"score":67,"play_id":"89e79d0b-17e6-46af-b8f8-0718d6385837","local_time":"20190330004321","is_ascension_mode":true,"campfire_choices":[],"neow_cost":"NONE","seed_source_timestamp":30664728605500,"circlet_count":0,"master_deck":["Defend_G","Defend_G","Defend_G","Defend_G","Defend_G","Strike_G","Strike_G","Strike_G","Strike_G","Strike_G","Survivor","Neutralize","Noxious Fumes","Flying Knee","Poisoned Stab","Terror","Tools of the Trade"],"relics":["Ring of the Snake","TwistedFunnel","Peace Pipe","Juzu Bracelet"],"potions_floor_usage":[],"damage_taken":[{"damage":1,"enemies":"Jaw Worm","floor":1,"turns":6},{"damage":0,"enemies":"2 Louse","floor":2,"turns":4},{"damage":7,"enemies":"Small Slimes","floor":3,"turns":3},{"damage":20,"enemies":"Lagavulin","floor":6,"turns":6},{"damage":30,"enemies":"Gremlin Nob","floor":8,"turns":3}],"seed_played":"4192091520986066819","potions_obtained":[{"floor":1,"key":"FearPotion"}],"is_trial":false,"path_per_floor":["M","M","M","$","?","E","?","E"],"character_chosen":"THE_SILENT","items_purchased":["TwistedFunnel","Terror"],"campfire_rested":0,"item_purchase_floors":[4,4],"current_hp_per_floor":[69,69,62,62,67,47,22,0],"gold":39,"neow_bonus":"HUNDRED_GOLD","is_prod":false,"is_daily":false,"chose_seed":false,"campfire_upgraded":0,"win_rate":0,"timestamp":1553903001,"path_taken":["M","M","M","$","?","E","?","E"],"build_version":"2019-01-23","purchased_purges":0,"victory":false,"max_hp_per_floor":[70,70,70,70,75,75,75,75],"card_choices":[{"not_picked":["Riddle With Holes","Prepared"],"picked":"Noxious Fumes","floor":1},{"not_picked":["Masterful Stab","Endless Agony"],"picked":"Flying Knee","floor":2},{"not_picked":["Acrobatics","Dagger Throw"],"picked":"Poisoned Stab","floor":3},{"not_picked":["Deadly Poison","Poisoned Stab"],"picked":"Tools of the Trade","floor":6}],"player_experience":452984,"relics_obtained":[{"floor":6,"key":"Peace Pipe"}],"event_choices":[{"damage_healed":0,"gold_gain":0,"player_choice":"Donut","damage_taken":0,"max_hp_gain":5,"max_hp_loss":0,"event_name":"Big Fish","floor":5,"gold_loss":0},{"damage_healed":0,"gold_gain":0,"player_choice":"Success","damage_taken":25,"relics_obtained":["Juzu Bracelet"],"max_hp_gain":0,"max_hp_loss":0,"event_name":"Scrap Ooze","floor":7,"gold_loss":0}],"is_beta":false,"boss_relics":[],"items_purged_floors":[],"is_endless":false,"potions_floor_spawned":[1],"killed_by":"Gremlin Nob","ascension_level":4}