{"gold_per_floor":[111,124,124,142,162,190,206,217,268,268,324,324,334,68,68,170,170,181,181,164,79,89,89,100,100,100,113,0,0,35,45,45,146,146,165,165,265,265,277,306,352,98,98,98,110,110,122,132,132,132],"floor_reached":51,"playtime":2670,"items_purged":["Strike_B","Strike_B+1"],"score":933,"play_id":"4fff35a0-1405-43d2-9c35-41461e70b16d","local_time":"20181219105658","is_ascension_mode":true,"campfire_choices":[{"data":"Capacitor","floor":10,"key":"SMITH"},{"floor":12,"key":"REST"},{"data":"Blizzard","floor":15,"key":"SMITH"},{"data":"Seek","floor":23,"key":"SMITH"},{"data":"Echo Form","floor":25,"key":"SMITH"},{"data":"Capacitor","floor":32,"key":"SMITH"},{"data":"Loop","floor":44,"key":"SMITH"},{"data":"Madness","floor":46,"key":"SMITH"},{"floor":49,"key":"REST"}],"neow_cost":"NONE","seed_source_timestamp":135991516038200,"circlet_count":0,"master_deck":["Strike_B+1","Defend_B+1","Defend_B+1","Defend_B+1","Defend_B+1","Zap+1","Dualcast","Ball Lightning","Blizzard+1","Cold Snap","FTL","Capacitor+1","Leap","Seek+1","Glacier","Echo Form+1","Coolheaded","Capacitor+1","FTL","Loop+1","Turbo+1","Cold Snap+1","Madness+1","Coolheaded","Shame","Barrage"],"relics":["FrozenCore","Bronze Scales","Blood Vial","Strawberry","Tiny Chest","Medical Kit","Mercury Hourglass","DataDisk","Cables","Orichalcum","Cursed Key","Mango","Ornamental Fan","Peace Pipe","Ancient Tea Set","Question Card"],"potions_floor_usage":[6,16,33,33,35,40,41,50,50],"damage_taken":[{"damage":0,"enemies":"Cultist","floor":1,"turns":3},{"damage":5,"enemies":"Small Slimes","floor":2,"turns":2},{"damage":2,"enemies":"Jaw Worm","floor":4,"turns":3},{"damage":7,"enemies":"Looter","floor":5,"turns":3},{"damage":13,"enemies":"Lagavulin","floor":6,"turns":6},{"damage":8,"enemies":"Large Slime","floor":7,"turns":4},{"damage":5,"enemies":"3 Louse","floor":8,"turns":2},{"damage":30,"enemies":"Gremlin Nob","floor":11,"turns":4},{"damage":9,"enemies":"Looter","floor":13,"turns":2},{"damage":17,"enemies":"The Guardian","floor":16,"turns":10},{"damage":6,"enemies":"Chosen","floor":18,"turns":6},{"damage":10,"enemies":"2 Thieves","floor":20,"turns":4},{"damage":1,"enemies":"Chosen and Byrds","floor":22,"turns":5},{"damage":3,"enemies":"Centurion and Healer","floor":24,"turns":7},{"damage":0,"enemies":"Sentry and Sphere","floor":27,"turns":5},{"damage":16,"enemies":"Gremlin Leader","floor":30,"turns":7},{"damage":1,"enemies":"3 Cultists","floor":31,"turns":5},{"damage":3,"enemies":"Champ","floor":33,"turns":11},{"damage":4,"enemies":"3 Darklings","floor":35,"turns":4},{"damage":0,"enemies":"Mind Bloom Boss Battle","floor":37,"turns":5},{"damage":2,"enemies":"Orb Walker","floor":39,"turns":4},{"damage":0,"enemies":"Giant Head","floor":40,"turns":12},{"damage":23,"enemies":"2 Orb Walkers","floor":41,"turns":5},{"damage":20,"enemies":"4 Shapes","floor":45,"turns":4},{"damage":7,"enemies":"Spire Growth","floor":47,"turns":6},{"damage":15,"enemies":"3 Darklings","floor":48,"turns":6},{"damage":22,"enemies":"Time Eater","floor":50,"turns":10}],"seed_played":"-3183143270630435803","potions_obtained":[{"floor":1,"key":"Block Potion"},{"floor":4,"key":"Energy Potion"},{"floor":7,"key":"Regen Potion"},{"floor":13,"key":"Dexterity Potion"},{"floor":22,"key":"Explosive Potion"},{"floor":33,"key":"LiquidBronze"},{"floor":35,"key":"FocusPotion"},{"floor":39,"key":"SkillPotion"},{"floor":41,"key":"PowerPotion"},{"floor":45,"key":"GamblersBrew"}],"is_trial":false,"path_per_floor":["M","M","T","M","M","E","M","M","T","R","E","R","M","$","R","B",null,"M","?","M","?","M","R","M","R","T","M","$","T","E","M","R","B",null,"M","?","?","?","M","E","?","$","T","R","M","R","M","M","R","B",null],"character_chosen":"DEFECT","items_purchased":["Medical Kit","Capacitor","FTL","Ancient Tea Set"],"campfire_rested":2,"item_purchase_floors":[14,28,28,42],"current_hp_per_floor":[75,70,70,68,61,48,42,39,46,46,18,42,35,35,35,35,70,66,66,58,58,59,59,58,58,58,60,60,60,46,47,47,46,73,71,71,87,87,87,89,68,68,68,68,50,50,45,32,60,40],"gold":132,"neow_bonus":"UPGRADE_CARD","is_prod":false,"is_daily":false,"chose_seed":false,"campfire_upgraded":7,"win_rate":0,"timestamp":1545213418,"path_taken":["M","M","?","M","M","E","M","M","T","R","E","R","M","$","R","BOSS","M","?","M","?","M","R","M","R","T","M","$","?","E","M","R","BOSS","M","?","?","?","M","E","?","?","T","R","M","R","M","M","R","BOSS"],"build_version":"2018-12-13","purchased_purges":2,"victory":true,"max_hp_per_floor":[75,75,75,75,75,75,75,75,82,82,82,82,82,82,82,82,82,82,82,82,82,82,82,82,82,82,82,82,82,82,82,82,82,82,82,82,96,96,96,96,96,96,96,96,96,96,96,96,96,96],"card_choices":[{"not_picked":["Skim","Reprogram"],"picked":"Ball Lightning","floor":1},{"not_picked":["Redo","Streamline","Steam Power"],"picked":"SKIP","floor":2},{"not_picked":["Steam","Go for the Eyes"],"picked":"Blizzard","floor":4},{"not_picked":["Hologram","Leap"],"picked":"Cold Snap","floor":5},{"not_picked":["Amplify","Darkness"],"picked":"FTL","floor":6},{"not_picked":["Conserve Battery","Auto Shields"],"picked":"Capacitor","floor":7},{"not_picked":["Steam","Beam Cell","White Noise"],"picked":"SKIP","floor":8},{"not_picked":["Rebound","Rip and Tear","Beam Cell"],"picked":"SKIP","floor":11},{"not_picked":["Doom and Gloom","Rebound"],"picked":"Leap","floor":13},{"not_picked":["Reboot","Rainbow"],"picked":"Seek","floor":16},{"not_picked":["Steam","Tempest"],"picked":"Glacier","floor":18},{"not_picked":["Steam Power+1","Conserve Battery","Sweeping Beam+1"],"picked":"SKIP","floor":20},{"not_picked":["Ball Lightning","Sunder+1","Go for the Eyes"],"picked":"SKIP","floor":22},{"not_picked":["Streamline","Hologram"],"picked":"Echo Form","floor":24},{"not_picked":["Recycle+1","Leap+1"],"picked":"Coolheaded","floor":27},{"not_picked":["Steam","Ball Lightning"],"picked":"Loop","floor":30},{"not_picked":["Conserve Battery","Darkness+1","Rebound"],"picked":"SKIP","floor":31},{"not_picked":["Compile Driver","Gash+1"],"picked":"Turbo+1","floor":35},{"not_picked":["Heatsinks+1","Compile Driver+1"],"picked":"Cold Snap+1","floor":37},{"not_picked":["Dramatic Entrance","Mind Blast"],"picked":"Madness","floor":38},{"not_picked":["Storm","Compile Driver","Sweeping Beam"],"picked":"SKIP","floor":39},{"not_picked":["Barrage","Beam Cell+1"],"picked":"Coolheaded","floor":40},{"not_picked":["Gash+1","Go for the Eyes+1","Ball Lightning+1","Hologram"],"picked":"SKIP","floor":45},{"not_picked":["Rainbow","Gash","Rebound","Double Energy"],"picked":"SKIP","floor":47},{"not_picked":["Doom and Gloom+1","Self Repair","Hologram"],"picked":"Barrage","floor":48}],"player_experience":273273,"relics_obtained":[{"floor":3,"key":"Bronze Scales"},{"floor":6,"key":"Blood Vial"},{"floor":9,"key":"Strawberry"},{"floor":11,"key":"Tiny Chest"},{"floor":26,"key":"DataDisk"},{"floor":29,"key":"Cables"},{"floor":30,"key":"Orichalcum"},{"floor":37,"key":"Mango"},{"floor":40,"key":"Ornamental Fan"},{"floor":41,"key":"Peace Pipe"},{"floor":43,"key":"Question Card"}],"event_choices":[{"damage_healed":0,"gold_gain":0,"player_choice":"Simplicity","damage_taken":0,"max_hp_gain":0,"max_hp_loss":0,"event_name":"Back to Basics","floor":19,"gold_loss":0,"cards_upgraded":["Strike_B","Strike_B","Strike_B","Defend_B","Defend_B","Defend_B","Defend_B"]},{"damage_healed":0,"gold_gain":0,"player_choice":"Obtained Relic","damage_taken":0,"relics_obtained":["Mercury Hourglass"],"max_hp_gain":0,"max_hp_loss":0,"event_name":"Addict","floor":21,"gold_loss":85},{"cards_removed":["Strike_B"],"damage_healed":0,"gold_gain":0,"player_choice":"Removed Attack","damage_taken":0,"max_hp_gain":0,"max_hp_loss":0,"event_name":"Falling","floor":36,"gold_loss":0},{"damage_healed":0,"gold_gain":0,"player_choice":"Fight","damage_taken":0,"max_hp_gain":0,"max_hp_loss":0,"event_name":"MindBloom","floor":37,"gold_loss":0},{"damage_healed":0,"gold_gain":0,"player_choice":"Memory 1","damage_taken":0,"max_hp_gain":0,"max_hp_loss":0,"event_name":"SensoryStone","floor":38,"gold_loss":0},{"damage_healed":0,"gold_gain":0,"player_choice":"Fight","damage_taken":0,"max_hp_gain":0,"max_hp_loss":0,"event_name":"Mysterious Sphere","floor":41,"gold_loss":0}],"is_beta":false,"boss_relics":[{"not_picked":["Astrolabe","Empty Cage"],"picked":"FrozenCore"},{"not_picked":["Velvet Choker","Inserter"],"picked":"Cursed Key"}],"items_purged_floors":[14,42],"is_endless":false,"potions_floor_spawned":[1,4,7,13,22,24,33,35,39,41,45],"ascension_level":5}