{"gold_per_floor":[209,221,235,247,39,67,84,84,107,135,135,146,174,191,191,263,263,276,69,82,100,47,79,79,97,97,97,97,107,137,151,151,229,229,246,216,226,151,170,170,198,0,0,34,53,68,87,47,47,47],"floor_reached":51,"playtime":4885,"items_purged":["Writhe"],"score":1300,"play_id":"108c6e74-15e7-4a04-8cb5-a28ef14a9abd","local_time":"20190418013128","is_ascension_mode":true,"campfire_choices":[{"data":"Bludgeon","floor":8,"key":"SMITH"},{"data":"True Grit","floor":11,"key":"SMITH"},{"data":"Inflame","floor":15,"key":"SMITH"},{"data":"Corruption","floor":28,"key":"SMITH"},{"data":"True Grit","floor":32,"key":"SMITH"},{"data":"Demon Form","floor":40,"key":"SMITH"},{"data":"Feel No Pain","floor":49,"key":"SMITH"}],"neow_cost":"NONE","seed_source_timestamp":608705761085145,"circlet_count":0,"master_deck":["AscendersBane","Strike_R","Strike_R","Defend_R","Defend_R","Defend_R","Defend_R","Bash","Feel No Pain","Battle Trance","Heavy Blade","Cleave","Bludgeon+1","Inflame+1","Feel No Pain+1","True Grit+1","Sever Soul","Pummel","Reaper","Reckless Charge","Fiend Fire","Corruption+1","Inflame+1","Disarm+1","Barricade+1","True Grit+1","Feel No Pain+1","Carnage","Sentinel","Demon Form+1","Entrench+1","Corruption+1","Sword Boomerang+1","Seeing Red","Heavy Blade+1","Shockwave","Shrug It Off","Metallicize","Flame Barrier+1"],"relics":["Burning Blood","Question Card","Anchor","Strawberry","Vajra","Runic Pyramid","DollysMirror","PreservedInsect","Oddly Smooth Stone","Mercury Hourglass","Astrolabe","Bottled Tornado","Red Mask","Ginger","Bag of Preparation"],"potions_floor_usage":[6,7,13,23,23,27,33,33,36,41,41,47,50],"damage_taken":[{"damage":6,"enemies":"Cultist","floor":1,"turns":3},{"damage":7,"enemies":"Small Slimes","floor":2,"turns":4},{"damage":12,"enemies":"2 Louse","floor":3,"turns":4},{"damage":19,"enemies":"Blue Slaver","floor":4,"turns":4},{"damage":20,"enemies":"Lagavulin","floor":6,"turns":6},{"damage":3,"enemies":"Lots of Slimes","floor":7,"turns":3},{"damage":16,"enemies":"Gremlin Nob","floor":10,"turns":3},{"damage":1,"enemies":"Looter","floor":12,"turns":2},{"damage":15,"enemies":"3 Sentries","floor":13,"turns":8},{"damage":0,"enemies":"3 Louse","floor":14,"turns":2},{"damage":6,"enemies":"Slime Boss","floor":16,"turns":10},{"damage":1,"enemies":"Spheric Guardian","floor":18,"turns":4},{"damage":4,"enemies":"Shell Parasite","floor":20,"turns":2},{"damage":0,"enemies":"Centurion and Healer","floor":21,"turns":6},{"damage":30,"enemies":"Slavers","floor":23,"turns":6},{"damage":0,"enemies":"Snake Plant","floor":25,"turns":2},{"damage":19,"enemies":"Colosseum Slavers","floor":27,"turns":3},{"damage":15,"enemies":"Shelled Parasite and Fungi","floor":29,"turns":7},{"damage":0,"enemies":"Gremlin Leader","floor":30,"turns":6},{"damage":8,"enemies":"3 Cultists","floor":31,"turns":5},{"damage":38,"enemies":"Automaton","floor":33,"turns":10},{"damage":32,"enemies":"3 Darklings","floor":35,"turns":5},{"damage":2,"enemies":"Orb Walker","floor":37,"turns":3},{"damage":25,"enemies":"Sphere and 2 Shapes","floor":39,"turns":4},{"damage":8,"enemies":"Reptomancer","floor":41,"turns":6},{"damage":3,"enemies":"Giant Head","floor":44,"turns":5},{"damage":0,"enemies":"Spire Growth","floor":45,"turns":4},{"damage":14,"enemies":"3 Darklings","floor":46,"turns":5},{"damage":16,"enemies":"Sphere and 2 Shapes","floor":47,"turns":7},{"damage":73,"enemies":"Awakened One","floor":50,"turns":10}],"seed_played":"5245242108357173805","potions_obtained":[{"floor":1,"key":"Weak Potion"},{"floor":3,"key":"Energy Potion"},{"floor":10,"key":"Strength Potion"},{"floor":12,"key":"Swift Potion"},{"floor":16,"key":"Strength Potion"},{"floor":25,"key":"AttackPotion"},{"floor":30,"key":"SkillPotion"},{"floor":31,"key":"SpeedPotion"},{"floor":36,"key":"Fruit Juice"},{"floor":36,"key":"GamblersBrew"},{"floor":37,"key":"GamblersBrew"},{"floor":39,"key":"PowerPotion"},{"floor":41,"key":"GamblersBrew"},{"floor":46,"key":"EssenceOfSteel"}],"is_trial":false,"path_per_floor":["M","M","M","M","$","E","M","R","T","E","R","M","E","M","R","B",null,"M","$","M","M","$","E","?","M","T","?","R","M","E","M","R","B",null,"M","?","M","$","M","R","E","?","T","E","M","M","M","?","R","B",null],"character_chosen":"IRONCLAD","items_purchased":["Bludgeon","Inflame","DollysMirror","True Grit"],"campfire_rested":0,"item_purchase_floors":[5,5,19,22],"current_hp_per_floor":[72,71,65,52,52,38,41,41,41,38,38,43,34,53,53,69,83,87,87,87,87,87,74,74,80,80,67,67,66,72,83,83,68,82,56,61,65,65,57,57,92,92,92,92,92,85,92,92,92,53],"gold":47,"neow_bonus":"HUNDRED_GOLD","is_prod":false,"is_daily":false,"chose_seed":false,"campfire_upgraded":7,"win_rate":0,"timestamp":1555576288,"path_taken":["M","M","M","M","$","E","M","R","T","E","R","M","E","M","R","BOSS","M","?","M","?","$","E","?","M","T","?","R","M","E","M","R","BOSS","M","?","M","$","?","R","E","?","T","E","M","M","M","?","R","BOSS"],"build_version":"2019-01-23","purchased_purges":1,"victory":true,"max_hp_per_floor":[80,80,80,80,80,80,80,80,80,87,87,87,87,87,87,87,87,87,87,87,87,87,87,87,87,87,87,87,87,87,87,87,87,87,87,92,92,92,92,92,92,92,92,92,92,92,92,92,92,92],"card_choices":[{"not_picked":["Flex","Twin Strike"],"picked":"Feel No Pain","floor":1},{"not_picked":["Heavy Blade","Dropkick"],"picked":"Battle Trance","floor":2},{"not_picked":["Cleave","Clash"],"picked":"Heavy Blade","floor":3},{"not_picked":["Wild Strike","Dual Wield"],"picked":"Cleave","floor":4},{"not_picked":["Burning Pact","Rupture"],"picked":"Feel No Pain","floor":6},{"not_picked":["Cleave","Clothesline","Iron Wave"],"picked":"True Grit","floor":7},{"not_picked":["Havoc","Dual Wield","Thunderclap"],"picked":"Sever Soul","floor":10},{"not_picked":["Clothesline","Hemokinesis","Entrench"],"picked":"Pummel","floor":12},{"not_picked":["Shrug It Off","Flex","Armaments"],"picked":"Reaper","floor":13},{"not_picked":["Blood for Blood","Twin Strike","Iron Wave"],"picked":"Reckless Charge","floor":14},{"not_picked":["Feed","Immolate","Bludgeon"],"picked":"Fiend Fire","floor":16},{"not_picked":["Shrug It Off","Flame Barrier","Combust"],"picked":"Corruption","floor":18},{"not_picked":["Feel No Pain","Flame Barrier","True Grit"],"picked":"Disarm+1","floor":20},{"not_picked":["Ghostly Armor","Heavy Blade","Headbutt"],"picked":"Barricade","floor":21},{"not_picked":["Warcry","Infernal Blade","Sword Boomerang"],"picked":"Feel No Pain+1","floor":23},{"not_picked":["True Grit","Combust","Berserk"],"picked":"Carnage","floor":25},{"not_picked":["True Grit","Perfected Strike+1","Power Through","Headbutt"],"picked":"SKIP","floor":29},{"not_picked":["Searing Blow+1","Sword Boomerang+1","Evolve","Heavy Blade"],"picked":"SKIP","floor":30},{"not_picked":["Twin Strike","Ghostly Armor","Rage"],"picked":"Sentinel","floor":31},{"not_picked":["Reaper","Immolate","Brutality"],"picked":"Demon Form","floor":33},{"not_picked":["Searing Blow","Iron Wave","Havoc","Fire Breathing"],"picked":"SKIP","floor":35},{"not_picked":["Pommel Strike","Rage+1","Iron Wave"],"picked":"Seeing Red","floor":37},{"not_picked":["Power Through","Iron Wave+1","Rage+1","Inflame+1"],"picked":"SKIP","floor":39},{"not_picked":["Pommel Strike+1","Twin Strike","Power Through"],"picked":"Heavy Blade+1","floor":41},{"not_picked":["Flex","Iron Wave","Uppercut"],"picked":"Shockwave","floor":44},{"not_picked":["Heavy Blade","Bludgeon","Flex+1"],"picked":"Shrug It Off","floor":45},{"not_picked":["Whirlwind","Clash+1","Bloodletting"],"picked":"Metallicize","floor":46},{"not_picked":["Intimidate","Rage+1","Infernal Blade"],"picked":"Flame Barrier+1","floor":47}],"player_experience":408773,"relics_obtained":[{"floor":6,"key":"Question Card"},{"floor":9,"key":"Anchor"},{"floor":10,"key":"Strawberry"},{"floor":13,"key":"Vajra"},{"floor":23,"key":"PreservedInsect"},{"floor":30,"key":"Mercury Hourglass"},{"floor":41,"key":"Bottled Tornado"},{"floor":43,"key":"Ginger"},{"floor":44,"key":"Bag of Preparation"}],"event_choices":[{"damage_healed":0,"gold_gain":0,"player_choice":"Opened","damage_taken":0,"relics_obtained":["Oddly Smooth Stone"],"max_hp_gain":0,"max_hp_loss":0,"event_name":"The Mausoleum","floor":24,"gold_loss":0,"cards_obtained":["Writhe"]},{"damage_healed":0,"gold_gain":0,"player_choice":"Fight","damage_taken":0,"max_hp_gain":0,"max_hp_loss":0,"event_name":"Colosseum","floor":27,"gold_loss":0},{"damage_healed":0,"gold_gain":0,"player_choice":"Fled From Nobs","damage_taken":0,"max_hp_gain":0,"max_hp_loss":0,"event_name":"Colosseum","floor":27,"gold_loss":0},{"damage_healed":0,"gold_gain":0,"player_choice":"Bought 2 Potions","damage_taken":0,"max_hp_gain":0,"max_hp_loss":0,"event_name":"The Woman in Blue","floor":36,"gold_loss":0},{"damage_healed":0,"gold_gain":0,"player_choice":"Paid","damage_taken":0,"relics_obtained":["Red Mask"],"max_hp_gain":0,"max_hp_loss":0,"event_name":"Tomb of Lord Red Mask","floor":42,"gold_loss":198},{"damage_healed":0,"gold_gain":0,"player_choice":"Upgrade","damage_taken":0,"max_hp_gain":0,"max_hp_loss":0,"event_name":"Designer","floor":48,"gold_loss":40,"cards_upgraded":["Barricade"]}],"is_beta":false,"boss_relics":[{"not_picked":["Velvet Choker","Black Blood"],"picked":"Runic Pyramid"},{"not_picked":["Orrery","Empty Cage"],"picked":"Astrolabe"}],"items_purged_floors":[38],"is_endless":false,"potions_floor_spawned":[1,3,10,12,16,20,25,27,30,31,37,39,41,46],"ascension_level":13}