{"gold_per_floor":[117,134,134,148,163,163,197,53,105,138,153,153,168,188,188,292,292,312,164,124,138,149,149,164,164,164,164],"floor_reached":27,"playtime":1200,"items_purged":["Strike_G","Doubt"],"score":341,"play_id":"a627c9e6-d4f1-47d3-943a-9fec0f3f2c29","local_time":"20190126173245","is_ascension_mode":true,"campfire_choices":[{"floor":6,"key":"REST"},{"floor":12,"key":"REST"},{"floor":15,"key":"REST"},{"floor":23,"key":"REST"},{"data":"Catalyst","floor":25,"key":"SMITH"}],"neow_cost":"NONE","seed_source_timestamp":178529624708400,"circlet_count":0,"master_deck":["AscendersBane","Defend_G","Defend_G","Defend_G","Defend_G","Defend_G","Strike_G","Strike_G","Strike_G","Strike_G","Survivor","Neutralize","Panacea","Cloak And Dagger","Dodge and Roll","Bouncing Flask","PiercingWail","Dash","Footwork","Catalyst+1","Deadly Poison","Deadly Poison","Bane","Corpse Explosion","Writhe","Writhe","Dodge and Roll","Backflip","PiercingWail","Dagger Spray","Escape Plan"],"relics":["Ring of the Snake","Gremlin Horn","Anchor","PreservedInsect","StoneCalendar","Calling Bell","Strawberry","Matryoshka","Tough Bandages","Toxic Egg 2","Letter Opener"],"potions_floor_usage":[7,7,7,10,14,16,16,24,24],"damage_taken":[{"damage":0,"enemies":"2 Louse","floor":1,"turns":4},{"damage":2,"enemies":"Cultist","floor":2,"turns":5},{"damage":5,"enemies":"Jaw Worm","floor":4,"turns":7},{"damage":38,"enemies":"Gremlin Gang","floor":5,"turns":5},{"damage":51,"enemies":"Gremlin Nob","floor":7,"turns":6},{"damage":14,"enemies":"Lagavulin","floor":10,"turns":8},{"damage":1,"enemies":"Red Slaver","floor":11,"turns":5},{"damage":0,"enemies":"3 Louse","floor":13,"turns":3},{"damage":1,"enemies":"Large Slime","floor":14,"turns":7},{"damage":27,"enemies":"Slime Boss","floor":16,"turns":7},{"damage":4,"enemies":"Shell Parasite","floor":18,"turns":6},{"damage":25,"enemies":"Spheric Guardian","floor":21,"turns":5},{"damage":17,"enemies":"Snake Plant","floor":22,"turns":7},{"damage":4,"enemies":"Centurion and Healer","floor":24,"turns":7},{"damage":53,"enemies":"Cultist and Chosen","floor":27,"turns":6}],"seed_played":"-3424074998044657615","potions_obtained":[{"floor":1,"key":"SteroidPotion"},{"floor":5,"key":"EntropicBrew"},{"floor":10,"key":"SpeedPotion"},{"floor":11,"key":"Fire Potion"},{"floor":14,"key":"Weak Potion"},{"floor":20,"key":"PowerPotion"},{"floor":20,"key":"Block Potion"},{"floor":20,"key":"SteroidPotion"},{"floor":21,"key":"Strength Potion"},{"floor":24,"key":"FearPotion"}],"is_trial":false,"path_per_floor":["M","M","?","M","M","R","E","$","T","E","M","R","M","M","R","B",null,"M","$","?","M","M","R","M","R","T","M"],"character_chosen":"THE_SILENT","items_purchased":["Footwork","Backflip"],"campfire_rested":4,"item_purchase_floors":[8,19],"current_hp_per_floor":[63,61,61,56,18,39,3,3,3,4,3,24,24,23,44,17,64,60,60,60,35,18,41,37,37,37,0],"gold":164,"neow_bonus":"RANDOM_COLORLESS","is_prod":false,"is_daily":false,"chose_seed":false,"campfire_upgraded":1,"win_rate":0,"timestamp":1548520365,"path_taken":["M","M","?","M","M","R","E","?","T","E","M","R","M","M","R","BOSS","M","$","?","M","M","R","M","R","T","M"],"build_version":"2019-01-23","purchased_purges":2,"victory":false,"max_hp_per_floor":[70,70,70,70,70,70,70,70,70,70,70,70,70,70,70,70,77,77,77,77,77,77,77,77,77,77,77],"card_choices":[{"not_picked":["Quick Slash","Slice"],"picked":"Cloak And Dagger","floor":1},{"not_picked":["Sucker Punch","Dagger Throw"],"picked":"Dodge and Roll","floor":2},{"not_picked":["Flying Knee","Deflect"],"picked":"Bouncing Flask","floor":4},{"not_picked":["Riddle With Holes","Flying Knee"],"picked":"PiercingWail","floor":5},{"not_picked":["Masterful Stab","Blade Dance"],"picked":"Dash","floor":7},{"not_picked":["Night Terror","Dash"],"picked":"Catalyst","floor":10},{"not_picked":["All Out Attack","Underhanded Strike"],"picked":"Deadly Poison","floor":11},{"not_picked":["Eviscerate","Accuracy"],"picked":"Deadly Poison","floor":13},{"not_picked":["Outmaneuver","Caltrops"],"picked":"Bane","floor":14},{"not_picked":["Night Terror","Envenom"],"picked":"Corpse Explosion","floor":16},{"not_picked":["Backflip","Cloak And Dagger+1"],"picked":"Dodge and Roll","floor":18},{"not_picked":["Quick Slash","Prepared"],"picked":"PiercingWail","floor":21},{"not_picked":["Masterful Stab","Quick Slash"],"picked":"Dagger Spray","floor":22},{"not_picked":["All Out Attack","Acrobatics"],"picked":"Escape Plan","floor":24}],"player_experience":388030,"relics_obtained":[{"floor":7,"key":"Anchor"},{"floor":9,"key":"PreservedInsect"},{"floor":10,"key":"StoneCalendar"},{"floor":17,"key":"Strawberry"},{"floor":17,"key":"Matryoshka"},{"floor":17,"key":"Tough Bandages"},{"floor":26,"key":"Toxic Egg 2"},{"floor":26,"key":"Letter Opener"}],"event_choices":[{"damage_healed":0,"gold_gain":0,"player_choice":"Gave Potion","damage_taken":0,"relics_obtained":["Gremlin Horn"],"max_hp_gain":0,"max_hp_loss":0,"event_name":"WeMeetAgain","floor":3,"gold_loss":0},{"damage_healed":0,"gold_gain":0,"player_choice":"Bought 3 Potions","damage_taken":0,"max_hp_gain":0,"max_hp_loss":0,"event_name":"The Woman in Blue","floor":20,"gold_loss":0}],"is_beta":false,"boss_relics":[{"not_picked":["Coffee Dripper","Philosopher\u0027s Stone"],"picked":"Calling Bell"}],"items_purged_floors":[8,19],"is_endless":false,"potions_floor_spawned":[1,5,10,11,14,21,24],"killed_by":"Cultist and Chosen","ascension_level":10}