{"path_per_floor":["M","?","?","M","$","E","M","M","T","M","?","R","E","M","R","B",null,"M","?","$","?","$","M","E","R","T","R","M","R","M","$","R","B",null,"M","?","?","T","$","E","M","R","T","R","M","M","$","?","R","B"],"character_chosen":"IRONCLAD","items_purchased":["Flex","Apotheosis","Shrug It Off","Seeing Red","Headbutt","Inflame","Madness"],"gold_per_floor":[117,117,117,140,114,149,173,187,187,206,206,206,237,252,252,383,383,396,396,321,321,27,48,81,81,81,81,106,106,124,24,24,154,154,172,172,505,505,332,364,378,378,404,404,414,433,110,110,110,110],"floor_reached":51,"campfire_rested":1,"playtime":4461,"current_hp_per_floor":[80,60,53,59,59,65,71,76,76,80,80,80,68,74,74,38,80,74,74,74,74,74,73,62,62,62,62,62,62,54,54,78,70,80,76,76,76,76,76,72,70,70,70,70,70,68,68,68,68,62],"items_purged":["Strike_R","Strike_R","Regret","Defend_R"],"gold":110,"score":602,"play_id":"763afe5d-8ef1-4cc9-bc1d-2ae26ba2e937","is_prod":false,"is_daily":false,"is_ascension_mode":false,"campfire_upgraded":8,"path_taken":["M","?","?","M","$","E","M","M","T","?","?","R","E","M","R","BOSS","M","?","$","?","$","M","E","R","T","R","M","R","M","$","R","BOSS","M","?","?","?","$","E","M","R","T","R","M","M","$","?","R","BOSS"],"build_version":"2018-02-22-PROD2","purchased_purges":6,"victory":true,"master_deck":["Strike_R","Strike_R","Defend_R","Defend_R","Defend_R","Bash+1","Headbutt","Armaments+1","Flex","Battle Trance","Reckless Charge","Impervious","Warcry+1","Havoc","Blood for Blood","Brutality+1","Metallicize","Seeing Red+1","Apotheosis+1","Shrug It Off","Seeing Red+1","Warcry+1","Dropkick+1","True Grit+1","Offering","Shrug It Off","Limit Break","Second Wind","Burning Pact+1","Headbutt","Inflame","Thunderclap+1","Doubt","Headbutt","Twin Strike","Armaments+1","Inflame","Madness"],"max_hp_per_floor":[80,80,80,80,80,80,80,80,80,80,80,80,80,80,80,80,80,80,80,80,80,80,80,80,80,80,80,80,80,80,80,80,80,80,80,80,80,80,80,80,80,80,80,80,80,80,80,80,80,80],"relics":["Burning Blood","NeowsBlessing","Calipers","Lantern","Prayer Wheel","Pen Nib","Cursed Key","Shuriken","Ginger","Mark of Pain","Thread and Needle","Centennial Puzzle","Bronze Scales","Spirit Poop"],"card_choices":[{"not_picked":["Armaments","Body Slam"],"picked":"Headbutt"},{"not_picked":["Wild Strike","True Grit"],"picked":"Armaments"},{"not_picked":["Dual Wield","Pommel Strike"],"picked":"Battle Trance"},{"not_picked":["Perfected Strike","Entrench"],"picked":"Reckless Charge"},{"not_picked":["Twin Strike","Infernal Blade"],"picked":"Impervious"},{"not_picked":["Heavy Blade","Rupture"],"picked":"Warcry"},{"not_picked":["Wild Strike","Feel No Pain"],"picked":"Havoc"},{"not_picked":["Flame Barrier","Combust"],"picked":"Blood for Blood"},{"not_picked":["Impervious","Exhume"],"picked":"Brutality"},{"not_picked":["Warcry","Wild Strike"],"picked":"Metallicize"},{"not_picked":["Twin Strike","Flex"],"picked":"Warcry"},{"not_picked":["Havoc","Wild Strike"],"picked":"Dropkick"},{"not_picked":["Sentinel","Anger"],"picked":"True Grit"},{"not_picked":["Dropkick","Seeing Red"],"picked":"Offering"},{"not_picked":["Wild Strike","Carnage"],"picked":"Shrug It Off"},{"not_picked":["Double Tap","Feed"],"picked":"Limit Break"},{"not_picked":["Havoc","Reckless Charge"],"picked":"Second Wind"},{"not_picked":["Headbutt","Shrug It Off"],"picked":"Burning Pact"},{"not_picked":["Blood for Blood","Sever Soul"],"picked":"Inflame"},{"not_picked":["True Grit","Corruption"],"picked":"Thunderclap"},{"not_picked":["Heavy Blade","Cleave"],"picked":"Headbutt"},{"not_picked":["Rampage","Whirlwind"],"picked":"Twin Strike"},{"not_picked":["Twin Strike","Havoc"],"picked":"Armaments"}],"player_experience":156123,"potions_floor_usage":[14,16,24,30,33,50,50],"damage_taken":[{"damage":0,"enemies":"2 Louse","floor":1,"turns":1},{"damage":0,"enemies":"Small Slimes","floor":4,"turns":1},{"damage":0,"enemies":"3 Sentries","floor":6,"turns":1},{"damage":0,"enemies":"Cultist","floor":7,"turns":2},{"damage":1,"enemies":"2 Fungi Beasts","floor":8,"turns":3},{"damage":0,"enemies":"Blue Slaver","floor":10,"turns":3},{"damage":18,"enemies":"Lagavulin","floor":13,"turns":7},{"damage":0,"enemies":"Gremlin Gang","floor":14,"turns":2},{"damage":42,"enemies":"Hexaghost","floor":16,"turns":7},{"damage":12,"enemies":"3 Byrds","floor":18,"turns":5},{"damage":7,"enemies":"Shell Parasite","floor":23,"turns":4},{"damage":17,"enemies":"Slavers","floor":24,"turns":6},{"damage":6,"enemies":"Snecko","floor":28,"turns":4},{"damage":14,"enemies":"Centurion and Healer","floor":30,"turns":3},{"damage":14,"enemies":"Champ","floor":33,"turns":9},{"damage":10,"enemies":"Orb Walker","floor":35,"turns":5},{"damage":10,"enemies":"Nemesis","floor":40,"turns":7},{"damage":8,"enemies":"3 Shapes","floor":41,"turns":5},{"damage":6,"enemies":"3 Darklings","floor":45,"turns":3},{"damage":8,"enemies":"Maw","floor":46,"turns":5},{"damage":12,"enemies":"Donu and Deca","floor":50,"turns":8}],"event_choices":[{"event_name":"Golden Idol","player_choice":"Take Damage","floor":2,"damage_taken":0},{"event_name":"Scrap Ooze","player_choice":"success","floor":3,"damage_taken":7},{"event_name":"Liars Game","player_choice":"disagreed","floor":11,"damage_taken":0},{"event_name":"The Library","player_choice":"Read","floor":19,"damage_taken":0},{"event_name":"Back to Basics","player_choice":"Elegance","floor":21,"damage_taken":0},{"event_name":"Tomb of Lord Red Mask","player_choice":"Ignored","floor":36,"damage_taken":0},{"event_name":"The Moai Head","player_choice":"Gave Idol","floor":37,"damage_taken":0},{"event_name":"Bonfire Elementals","player_choice":"CURSE","floor":48,"damage_taken":0}],"boss_relics":[{"not_picked":["Eternal Feather","Velvet Choker"],"picked":"Cursed Key"},{"not_picked":["Runic Pyramid","Black Blood"],"picked":"Mark of Pain"}],"potions_floor_spawned":[7,8,10,13,16,18,28,40,45,46],"seed_played":"852294602780038623","ascension_level":0,"is_trial":false}