{"path_per_floor":["M","M","M","?","M","R","E","R","T","M","?","E","R","$","R","B",null,"M","?","M","?","M","R","M","M","T","M","R","$","M","?","R","B",null,"M","M","?","?","M","R","E","R","T","R","?","R","M","M","R"],"character_chosen":"IRONCLAD","items_purchased":["Dream Catcher","Prayer Wheel"],"gold_per_floor":[109,125,136,136,150,150,179,179,179,191,191,219,219,72,72,167,167,184,184,195,95,109,109,125,140,140,150,150,4,22,22,22,127,127,140,160,160,160,176,176,208,208,208,208,208,208,221,237,237],"floor_reached":50,"campfire_rested":4,"playtime":4129,"current_hp_per_floor":[80,79,80,73,71,71,68,68,68,76,60,47,47,47,71,45,80,74,58,70,70,78,78,66,59,59,67,67,67,63,63,63,30,80,76,64,64,64,24,48,43,67,67,80,70,70,57,64,64],"items_purged":[],"gold":237,"score":459,"play_id":"56d57485-c466-44ac-a79a-5875cd5b0562","is_prod":false,"is_daily":false,"is_ascension_mode":false,"campfire_upgraded":5,"path_taken":["M","M","M","?","M","R","E","R","T","M","?","E","R","$","R","BOSS","M","?","M","?","M","R","M","M","T","M","R","$","M","?","R","BOSS","M","M","?","?","M","R","E","R","T","R","?","R","M","M","R","BOSS"],"build_version":"2018-02-15-PROD1","purchased_purges":0,"victory":false,"master_deck":["Strike_R","Strike_R","Strike_R","Strike_R","Strike_R","Defend_R","Defend_R+1","Defend_R","Bash+1","Shrug It Off+1","Cleave","Shrug It Off","Perfected Strike+1","Bloodletting","Perfected Strike","Infernal Blade+1","Dual Wield+1","Double Tap+1","Headbutt","Necronomicurse","Clash","J.A.X.","Metallicize","Warcry","Seeing Red+1","Offering","Shrug It Off+1","Writhe","Impervious","Iron Wave+1","Armaments+1","Iron Wave","Fire Breathing+1","Pommel Strike+1","Cleave+1","Rupture+1","Rage+1","Madness","Madness","Seeing Red+1","Flex+1"],"max_hp_per_floor":[80,80,80,80,80,80,80,80,80,80,80,80,80,80,80,80,80,80,80,80,80,80,80,80,80,80,80,80,80,80,80,80,80,80,80,80,80,80,80,80,80,80,80,80,80,80,80,80,80],"relics":["Black Blood","Blood Vial","Dodecahedron","Girya","Sundial","Dream Catcher","Necronomicon","Bird Faced Urn","Prayer Wheel","Bag of Preparation","Runic Cube","Omamori","Juzu Bracelet"],"card_choices":[{"not_picked":["Shockwave","Feel No Pain"],"picked":"Shrug It Off"},{"not_picked":["Sword Boomerang","Dropkick"],"picked":"Cleave"},{"not_picked":["Intimidate","Sever Soul"],"picked":"Shrug It Off"},{"not_picked":["Thunderclap","Juggernaut"],"picked":"Perfected Strike"},{"not_picked":["Cleave","Thunderclap"],"picked":"Bloodletting"},{"not_picked":["Rampage","Wild Strike"],"picked":"Perfected Strike"},{"not_picked":["Corruption","Feel No Pain"],"picked":"Infernal Blade"},{"not_picked":["Flex","Clash"],"picked":"Dual Wield"},{"not_picked":["Brutality","Immolate"],"picked":"Double Tap"},{"not_picked":["Flex","Burning Pact"],"picked":"Headbutt"},{"not_picked":["Sever Soul","Warcry"],"picked":"Clash"},{"not_picked":["Warcry","Clothesline"],"picked":"Metallicize"},{"not_picked":["Wild Strike","Sever Soul"],"picked":"Warcry"},{"not_picked":["Second Wind","Shrug It Off"],"picked":"Seeing Red"},{"not_picked":["Thunderclap","Heavy Blade"],"picked":"Offering"},{"not_picked":["Anger","Sword Boomerang"],"picked":"Shrug It Off"},{"not_picked":["Fiend Fire","Dark Embrace"],"picked":"Impervious"},{"not_picked":["Warcry","Corruption"],"picked":"Iron Wave"},{"not_picked":["Warcry","Sword Boomerang"],"picked":"Armaments"},{"not_picked":["Clothesline","Thunderclap"],"picked":"Iron Wave"},{"not_picked":["Cleave","Disarm"],"picked":"Fire Breathing"},{"not_picked":["True Grit","Dark Embrace"],"picked":"Pommel Strike"},{"not_picked":["Feel No Pain","Armaments"],"picked":"Cleave"},{"not_picked":["Anger","Thunderclap"],"picked":"Rupture"},{"not_picked":["Corruption","Feed"],"picked":"Rage"},{"not_picked":["Headbutt","Armaments"],"picked":"Seeing Red"},{"not_picked":["Clothesline","Shockwave"],"picked":"Flex"}],"player_experience":33005,"potions_floor_usage":[27,27,50,50,50],"damage_taken":[{"damage":2,"enemies":"Small Slimes","floor":1,"turns":4},{"damage":7,"enemies":"Jaw Worm","floor":2,"turns":5},{"damage":0,"enemies":"2 Louse","floor":3,"turns":3},{"damage":10,"enemies":"2 Fungi Beasts","floor":5,"turns":3},{"damage":11,"enemies":"3 Sentries","floor":7,"turns":7},{"damage":0,"enemies":"Exordium Wildlife","floor":10,"turns":3},{"damage":21,"enemies":"Lagavulin","floor":12,"turns":5},{"damage":34,"enemies":"Slime Boss","floor":16,"turns":10},{"damage":16,"enemies":"2 Thieves","floor":18,"turns":4},{"damage":0,"enemies":"Chosen","floor":20,"turns":2},{"damage":4,"enemies":"Snecko","floor":22,"turns":4},{"damage":24,"enemies":"Centurion and Healer","floor":24,"turns":5},{"damage":19,"enemies":"Snake Plant","floor":25,"turns":2},{"damage":6,"enemies":"3 Cultists","floor":27,"turns":4},{"damage":18,"enemies":"Chosen and Byrds","floor":30,"turns":5},{"damage":47,"enemies":"Champ","floor":33,"turns":6},{"damage":16,"enemies":"3 Darklings","floor":35,"turns":4},{"damage":26,"enemies":"3 Shapes","floor":36,"turns":3},{"damage":54,"enemies":"Maw","floor":39,"turns":7},{"damage":17,"enemies":"Nemesis","floor":41,"turns":5},{"damage":27,"enemies":"3 Darklings","floor":47,"turns":4},{"damage":9,"enemies":"4 Shapes","floor":48,"turns":4},{"damage":81,"enemies":"Donu and Deca","floor":50,"turns":6}],"event_choices":[{"event_name":"Golden Wing","player_choice":"Card Removal","floor":4,"damage_taken":0},{"event_name":"Shining Light","player_choice":"Entered Light","floor":11,"damage_taken":0},{"event_name":"Cursed Tome","player_choice":"Obtained Book","floor":19,"damage_taken":0},{"event_name":"Drug Dealer","player_choice":"Got JAXXED","floor":21,"damage_taken":0},{"event_name":"The Mausoleum","player_choice":"Yes","floor":31,"damage_taken":0},{"event_name":"Mysterious Sphere","player_choice":"Ignore","floor":37,"damage_taken":0},{"event_name":"Tomb of Lord Red Mask","player_choice":"Ignored","floor":38,"damage_taken":0},{"event_name":"Winding Halls","player_choice":"Embrace Madness","floor":45,"damage_taken":0}],"boss_relics":[{"not_picked":["Snecko Eye","Lizard Tail"],"picked":"Black Blood"},{"not_picked":["Sozu","Eternal Feather"],"picked":"Runic Cube"}],"potions_floor_spawned":[7,12,16,22,24,25,36,47,48],"seed_played":"4192248676705575843","killed_by":"Donu and Deca","ascension_level":0,"is_trial":false}