{"gold_per_floor":[111,128,128,146,146,181,194,194,194,194,214,214,242,23,23,122,122,142,142,142,162,182,210,220,220,245,255,288,238,238,272,272,373,373,384,484,496,406,424,452,452,486,513,524,541,541,541,557,557,557],"floor_reached":51,"playtime":2496,"items_purged":["Strike_R"],"score":977,"play_id":"56ca9313-845c-4fed-9004-efb22725fa12","local_time":"20190421224627","is_ascension_mode":false,"campfire_choices":[{"data":"Armaments","floor":8,"key":"SMITH"},{"data":"Bash","floor":10,"key":"SMITH"},{"data":"Clothesline","floor":15,"key":"SMITH"},{"data":"Corruption","floor":25,"key":"SMITH"},{"data":"Immolate","floor":32,"key":"SMITH"},{"data":"Demon Form","floor":41,"key":"SMITH"},{"data":"Flame Barrier","floor":47,"key":"SMITH"},{"data":"Carnage","floor":49,"key":"SMITH"}],"neow_cost":"PERCENT_DAMAGE","seed_source_timestamp":819043314541200,"circlet_count":0,"master_deck":["Defend_R+1","Defend_R","Defend_R","Defend_R","Bash+1","Shrug It Off","Twin Strike","Feed","Armaments+1","Carnage+1","Flame Barrier+1","Clothesline+1","Immolate+1","Hemokinesis+1","Necronomicurse","Corruption+1","Twin Strike+1","Seeing Red","Demon Form+1","Spot Weakness","Inflame+1","Uppercut+1","Bite","Bite+1","Bite","Bite","Bite","Ghostly Armor","Dark Embrace","Pummel+1","Warcry","Feel No Pain+1","Iron Wave+1","Barricade","Body Slam+1","Sword Boomerang+1","Havoc+1","Madness","Madness","Carnage+1"],"relics":["Burning Blood","Ginger","Smiling Mask","Pantograph","Dead Branch","Letter Opener","Orichalcum","Runic Dome","Necronomicon","Bag of Preparation","Regal Pillow","Oddly Smooth Stone","Bottled Flame","Snecko Eye","Peace Pipe","Charon\u0027s Ashes","Shuriken","Juzu Bracelet"],"potions_floor_usage":[6,13,21,33],"damage_taken":[{"damage":0,"enemies":"2 Louse","floor":1,"turns":4},{"damage":10,"enemies":"Jaw Worm","floor":2,"turns":4},{"damage":0,"enemies":"Small Slimes","floor":4,"turns":3},{"damage":8,"enemies":"Gremlin Nob","floor":6,"turns":3},{"damage":2,"enemies":"Blue Slaver","floor":7,"turns":5},{"damage":5,"enemies":"Looter","floor":11,"turns":2},{"damage":7,"enemies":"Lagavulin","floor":13,"turns":6},{"damage":16,"enemies":"Hexaghost","floor":16,"turns":14},{"damage":5,"enemies":"3 Byrds","floor":18,"turns":2},{"damage":1,"enemies":"Spheric Guardian","floor":21,"turns":3},{"damage":2,"enemies":"Chosen and Byrds","floor":22,"turns":3},{"damage":2,"enemies":"Book of Stabbing","floor":23,"turns":4},{"damage":4,"enemies":"Cultist and Chosen","floor":24,"turns":4},{"damage":2,"enemies":"3 Cultists","floor":27,"turns":3},{"damage":20,"enemies":"Gremlin Leader","floor":28,"turns":3},{"damage":3,"enemies":"Slavers","floor":31,"turns":2},{"damage":24,"enemies":"Collector","floor":33,"turns":5},{"damage":0,"enemies":"Orb Walker","floor":35,"turns":2},{"damage":6,"enemies":"Mind Bloom Boss Battle","floor":36,"turns":4},{"damage":17,"enemies":"3 Shapes","floor":37,"turns":3},{"damage":6,"enemies":"3 Darklings","floor":39,"turns":2},{"damage":2,"enemies":"Giant Head","floor":40,"turns":4},{"damage":27,"enemies":"Nemesis","floor":42,"turns":5},{"damage":18,"enemies":"Jaw Worm Horde","floor":44,"turns":4},{"damage":6,"enemies":"4 Shapes","floor":45,"turns":4},{"damage":2,"enemies":"Writhing Mass","floor":48,"turns":3},{"damage":0,"enemies":"Awakened One","floor":50,"turns":3}],"seed_played":"-8871888693703901316","potions_obtained":[{"floor":2,"key":"Strength Potion"},{"floor":7,"key":"Strength Potion"},{"floor":16,"key":"Block Potion"},{"floor":18,"key":"SpeedPotion"},{"floor":21,"key":"SpeedPotion"},{"floor":27,"key":"PowerPotion"},{"floor":36,"key":"BloodPotion"},{"floor":44,"key":"SteroidPotion"},{"floor":48,"key":"FearPotion"}],"is_trial":false,"path_per_floor":["M","M","?","M","?","E","M","R","T","R","M","?","E","$","R","B",null,"M","?","?","M","M","E","M","R","T","M","E","$","?","E","R","B",null,"M","?","M","?","M","E","R","E","T","M","M","?","R","M","R","B",null],"character_chosen":"IRONCLAD","items_purchased":["Strength Potion","Clothesline","Orichalcum"],"campfire_rested":0,"item_purchase_floors":[14,14,14],"current_hp_per_floor":[62,58,42,48,41,39,46,46,46,46,50,17,16,16,16,35,90,90,74,74,82,89,93,95,95,95,99,85,85,69,72,72,64,72,75,78,74,74,74,81,81,65,65,65,72,61,61,70,70,93],"gold":557,"neow_bonus":"ONE_RARE_RELIC","is_prod":false,"is_daily":false,"chose_seed":false,"campfire_upgraded":8,"win_rate":1,"timestamp":1555911987,"path_taken":["M","M","?","M","?","E","M","R","T","R","M","?","E","$","R","BOSS","M","?","?","M","M","E","M","R","T","M","E","$","?","E","R","BOSS","M","?","M","?","M","E","R","E","T","M","M","?","R","M","R","BOSS"],"build_version":"2019-01-23","purchased_purges":1,"victory":true,"max_hp_per_floor":[80,80,80,80,80,80,83,83,83,83,86,86,86,86,86,90,90,90,90,90,93,96,96,96,96,96,99,99,99,69,72,72,72,72,75,78,81,81,81,81,81,81,81,84,87,87,87,90,90,93],"card_choices":[{"not_picked":["Armaments","Sever Soul"],"picked":"Shrug It Off","floor":1},{"not_picked":["Power Through","Bloodletting"],"picked":"Twin Strike","floor":2},{"not_picked":["Seeing Red","Burning Pact"],"picked":"Twin Strike","floor":4},{"not_picked":["Headbutt","Dropkick"],"picked":"Feed","floor":6},{"not_picked":["Anger","Dual Wield"],"picked":"Armaments","floor":7},{"not_picked":["Flex","Rupture"],"picked":"Carnage","floor":11},{"not_picked":["Headbutt","Body Slam"],"picked":"Flame Barrier","floor":13},{"not_picked":["Reaper","Fiend Fire"],"picked":"Immolate","floor":16},{"not_picked":["Anger","Havoc"],"picked":"Hemokinesis+1","floor":18},{"not_picked":["Flex","Clash"],"picked":"Twin Strike+1","floor":21},{"not_picked":["Warcry","Flex"],"picked":"Seeing Red","floor":22},{"not_picked":["Pommel Strike+1","Twin Strike"],"picked":"Demon Form","floor":23},{"not_picked":["Uppercut","Burning Pact+1"],"picked":"Spot Weakness","floor":24},{"not_picked":["Warcry","Iron Wave"],"picked":"Inflame+1","floor":27},{"not_picked":["Intimidate","Seeing Red"],"picked":"Uppercut+1","floor":28},{"not_picked":["Ghostly Armor","Warcry","Thunderclap+1"],"picked":"SKIP","floor":31},{"not_picked":["Warcry","Thunderclap+1"],"picked":"Ghostly Armor","floor":31},{"not_picked":["Brutality","Double Tap"],"picked":"Dark Embrace","floor":33},{"not_picked":["Dropkick","Perfected Strike+1"],"picked":"Pummel+1","floor":35},{"not_picked":["Perfected Strike","Iron Wave"],"picked":"Warcry","floor":36},{"not_picked":["Pommel Strike","Sword Boomerang+1"],"picked":"Feel No Pain+1","floor":37},{"not_picked":["Reckless Charge","Havoc"],"picked":"Iron Wave+1","floor":39},{"not_picked":["Combust+1","Cleave"],"picked":"Barricade","floor":40},{"not_picked":["Perfected Strike+1","Corruption"],"picked":"Body Slam+1","floor":42},{"not_picked":["Iron Wave","Havoc"],"picked":"Sword Boomerang+1","floor":44},{"not_picked":["Wild Strike+1","Sword Boomerang+1"],"picked":"Havoc+1","floor":45},{"not_picked":["Armaments","Bloodletting"],"picked":"Carnage+1","floor":48}],"player_experience":491574,"relics_obtained":[{"floor":6,"key":"Smiling Mask"},{"floor":9,"key":"Pantograph"},{"floor":13,"key":"Letter Opener"},{"floor":19,"key":"Necronomicon"},{"floor":23,"key":"Bag of Preparation"},{"floor":26,"key":"Regal Pillow"},{"floor":28,"key":"Oddly Smooth Stone"},{"floor":31,"key":"Bottled Flame"},{"floor":36,"key":"Peace Pipe"},{"floor":40,"key":"Charon\u0027s Ashes"},{"floor":42,"key":"Shuriken"},{"floor":43,"key":"Juzu Bracelet"}],"event_choices":[{"damage_healed":0,"gold_gain":0,"player_choice":"Entered Light","damage_taken":16,"max_hp_gain":0,"max_hp_loss":0,"event_name":"Shining Light","floor":3,"gold_loss":0,"cards_upgraded":["Defend_R","Strike_R"]},{"cards_removed":["Strike_R"],"damage_healed":0,"gold_gain":0,"player_choice":"Card Removal","damage_taken":7,"max_hp_gain":0,"max_hp_loss":0,"event_name":"Golden Wing","floor":5,"gold_loss":0},{"damage_healed":0,"gold_gain":0,"player_choice":"Success","damage_taken":33,"relics_obtained":["Dead Branch"],"max_hp_gain":0,"max_hp_loss":0,"event_name":"Scrap Ooze","floor":12,"gold_loss":0},{"damage_healed":0,"gold_gain":0,"player_choice":"Obtained Book","damage_taken":16,"max_hp_gain":0,"max_hp_loss":0,"event_name":"Cursed Tome","floor":19,"gold_loss":0},{"damage_healed":0,"gold_gain":0,"player_choice":"Read","damage_taken":0,"max_hp_gain":0,"max_hp_loss":0,"event_name":"The Library","floor":20,"gold_loss":0,"cards_obtained":["Corruption"]},{"damage_healed":0,"gold_gain":0,"player_choice":"Became a vampire","damage_taken":0,"max_hp_gain":0,"max_hp_loss":30,"event_name":"Vampires","floor":30,"gold_loss":0,"cards_obtained":["Bite","Bite","Bite","Bite","Bite"]},{"damage_healed":0,"gold_gain":0,"player_choice":"Fight","damage_taken":0,"max_hp_gain":0,"max_hp_loss":0,"event_name":"MindBloom","floor":36,"gold_loss":0},{"cards_removed":["Twin Strike"],"damage_healed":0,"gold_gain":0,"player_choice":"Upgrade and Remove","damage_taken":0,"max_hp_gain":0,"max_hp_loss":0,"event_name":"Designer","floor":38,"gold_loss":90,"cards_upgraded":["Bite"]},{"damage_healed":0,"gold_gain":0,"player_choice":"Embrace Madness","damage_taken":11,"max_hp_gain":0,"max_hp_loss":0,"event_name":"Winding Halls","floor":46,"gold_loss":0,"cards_obtained":["Madness","Madness"]}],"is_beta":false,"boss_relics":[{"not_picked":["White Beast Statue","Sozu"],"picked":"Runic Dome"},{"not_picked":["Runic Pyramid","Black Blood"],"picked":"Snecko Eye"}],"items_purged_floors":[29],"is_endless":false,"potions_floor_spawned":[2,7,16,18,21,27,36,39,40,42,44,48],"ascension_level":0}