{"gold_per_floor":[211,231,241,253,264,264,275,275,299,299,329,329,344,519,519,619,619,632,632,648,660,225,225,258,258,312,312,326,337,351,365,365,463,463,480,495,495,509,409,423,423,126,197,197,224,131,131,143,143,143],"floor_reached":51,"playtime":2362,"items_purged":["Strike_B","Doubt"],"score":728,"play_id":"5e1e9bae-ca4c-4389-9651-98f287e147a3","local_time":"20190303225058","is_ascension_mode":false,"campfire_choices":[{"data":"Defragment","floor":6,"key":"SMITH"},{"data":"Zap","floor":8,"key":"SMITH"},{"data":"Dualcast","floor":10,"key":"SMITH"},{"data":"Defragment","floor":15,"key":"SMITH"},{"data":"Electrodynamics","floor":23,"key":"SMITH"},{"data":"Hologram","floor":25,"key":"SMITH"},{"floor":27,"key":"REST"},{"floor":32,"key":"REST"},{"data":"White Noise","floor":41,"key":"SMITH"},{"data":"White Noise","floor":44,"key":"SMITH"},{"floor":49,"key":"REST"}],"neow_cost":"NONE","seed_source_timestamp":718869374288457,"circlet_count":0,"master_deck":["Defend_B","Defend_B","Defend_B","Defend_B","Zap+1","Dualcast+1","Ball Lightning+1","Sweeping Beam+1","Defragment+1","Tempest","Leap","Defragment+1","Multi-Cast","FTL","Electrodynamics+1","White Noise+1","Hologram+1","Tempest","Redo+1","Hologram+1","Go for the Eyes+1","White Noise+1","Hyperbeam","Turbo+1","Tempest","Tempest","Steam Power+1","Steam Power+1","Finesse","Reinforced Body+1"],"relics":["Cracked Core","Art of War","Bronze Scales","Empty Cage","DataDisk","Chemical X","Regal Pillow","Whetstone","Sozu","Ice Cream","Mummified Hand","Bag of Preparation","Cables"],"potions_floor_usage":[11,21,24,33,33,40],"damage_taken":[{"damage":1,"enemies":"Jaw Worm","floor":1,"turns":4},{"damage":0,"enemies":"2 Louse","floor":2,"turns":3},{"damage":1,"enemies":"Cultist","floor":3,"turns":3},{"damage":17,"enemies":"Large Slime","floor":4,"turns":4},{"damage":8,"enemies":"Red Slaver","floor":5,"turns":3},{"damage":2,"enemies":"Blue Slaver","floor":7,"turns":3},{"damage":8,"enemies":"3 Sentries","floor":11,"turns":4},{"damage":5,"enemies":"Looter","floor":13,"turns":2},{"damage":20,"enemies":"The Guardian","floor":16,"turns":8},{"damage":5,"enemies":"Chosen","floor":18,"turns":3},{"damage":1,"enemies":"3 Byrds","floor":20,"turns":2},{"damage":37,"enemies":"Centurion and Healer","floor":21,"turns":3},{"damage":13,"enemies":"Gremlin Leader","floor":24,"turns":4},{"damage":18,"enemies":"Shelled Parasite and Fungi","floor":28,"turns":3},{"damage":0,"enemies":"Snecko","floor":29,"turns":2},{"damage":6,"enemies":"Centurion and Healer","floor":30,"turns":4},{"damage":6,"enemies":"Shelled Parasite and Fungi","floor":31,"turns":3},{"damage":19,"enemies":"Automaton","floor":33,"turns":5},{"damage":6,"enemies":"3 Shapes","floor":35,"turns":2},{"damage":0,"enemies":"Orb Walker","floor":36,"turns":2},{"damage":0,"enemies":"Jaw Worm Horde","floor":38,"turns":3},{"damage":0,"enemies":"Maw","floor":40,"turns":3},{"damage":20,"enemies":"Giant Head","floor":45,"turns":6},{"damage":0,"enemies":"Spire Growth","floor":48,"turns":1},{"damage":38,"enemies":"Awakened One","floor":50,"turns":7}],"seed_played":"-5028525444702122914","potions_obtained":[{"floor":2,"key":"GamblersBrew"},{"floor":3,"key":"PowerPotion"},{"floor":7,"key":"Fire Potion"},{"floor":11,"key":"Ancient Potion"},{"floor":13,"key":"EssenceOfSteel"},{"floor":24,"key":"AttackPotion"},{"floor":30,"key":"GamblersBrew"},{"floor":31,"key":"LiquidBronze"}],"is_trial":false,"path_per_floor":["M","M","M","M","M","R","M","R","T","R","E","?","M","?","R","B",null,"M","?","M","M","$","R","E","R","T","R","M","M","M","M","R","B",null,"M","M","?","M","$","M","R","$","T","R","E","$","T","M","R","B",null],"character_chosen":"DEFECT","items_purchased":["DataDisk","Chemical X","Ice Cream","Finesse"],"campfire_rested":3,"item_purchase_floors":[22,22,42,46],"current_hp_per_floor":[74,74,73,56,48,48,46,46,46,46,38,63,58,58,58,38,75,70,70,69,32,32,32,19,19,19,56,38,38,32,26,63,44,75,69,69,69,69,69,69,69,69,69,69,49,49,49,49,75,37],"gold":143,"neow_bonus":"HUNDRED_GOLD","is_prod":false,"is_daily":false,"chose_seed":false,"campfire_upgraded":8,"win_rate":0,"timestamp":1551624658,"path_taken":["M","M","M","M","M","R","M","R","T","R","E","?","M","?","R","BOSS","M","?","M","M","$","R","E","R","T","R","M","M","M","M","R","BOSS","M","?","?","?","$","M","R","$","T","R","E","$","?","M","R","BOSS"],"build_version":"2019-01-23","purchased_purges":2,"victory":true,"max_hp_per_floor":[75,75,75,75,75,75,75,75,75,75,75,75,75,75,75,75,75,75,75,75,75,75,75,75,75,75,75,75,75,75,75,75,75,75,75,75,75,75,75,75,75,75,75,75,75,75,75,75,75,75],"card_choices":[{"not_picked":["Steam","Heatsinks"],"picked":"Ball Lightning","floor":1},{"not_picked":["Consume","Skim"],"picked":"Sweeping Beam","floor":2},{"not_picked":["Sweeping Beam","Beam Cell"],"picked":"Defragment","floor":3},{"not_picked":["Redo","Steam"],"picked":"Tempest","floor":4},{"not_picked":["Beam Cell","Barrage"],"picked":"Leap","floor":5},{"not_picked":["Barrage","Melter"],"picked":"Defragment","floor":7},{"not_picked":["Compile Driver","Undo"],"picked":"Multi-Cast","floor":11},{"not_picked":["Barrage","Leap"],"picked":"FTL","floor":13},{"not_picked":["Meteor Strike","Creative AI"],"picked":"Electrodynamics","floor":16},{"not_picked":["Steam","Cold Snap","Leap"],"picked":"SKIP","floor":18},{"not_picked":["Beam Cell","Melter"],"picked":"White Noise","floor":20},{"not_picked":["Undo+1","Sweeping Beam"],"picked":"Hologram","floor":21},{"not_picked":["Heatsinks","Hologram"],"picked":"Tempest","floor":24},{"not_picked":["Rip and Tear","Stack"],"picked":"Redo+1","floor":28},{"not_picked":["Reprogram+1","Conserve Battery"],"picked":"Hologram+1","floor":29},{"not_picked":["Stack","Glacier+1"],"picked":"Go for the Eyes+1","floor":30},{"not_picked":["Coolheaded","All For One"],"picked":"White Noise","floor":31},{"not_picked":["Meteor Strike","All For One"],"picked":"Hyperbeam","floor":33},{"not_picked":["Aggregate+1","Compile Driver+1"],"picked":"Turbo+1","floor":35},{"not_picked":["Ball Lightning","Leap","Streamline+1"],"picked":"SKIP","floor":36},{"not_picked":["Turbo","Chaos+1"],"picked":"Tempest","floor":38},{"not_picked":["Aggregate+1","Sweeping Beam"],"picked":"Steam Power+1","floor":40},{"not_picked":["Go for the Eyes","Gash"],"picked":"Steam Power+1","floor":45},{"not_picked":["Conserve Battery","Streamline+1"],"picked":"Reinforced Body+1","floor":48}],"player_experience":741938,"relics_obtained":[{"floor":9,"key":"Art of War"},{"floor":11,"key":"Bronze Scales"},{"floor":24,"key":"Regal Pillow"},{"floor":26,"key":"Whetstone"},{"floor":43,"key":"Mummified Hand"},{"floor":45,"key":"Bag of Preparation"},{"floor":47,"key":"Cables"}],"event_choices":[{"damage_healed":25,"gold_gain":0,"player_choice":"Banana","damage_taken":0,"max_hp_gain":0,"max_hp_loss":0,"event_name":"Big Fish","floor":12,"gold_loss":0},{"damage_healed":0,"gold_gain":175,"player_choice":"AGREE","damage_taken":0,"max_hp_gain":0,"max_hp_loss":0,"event_name":"Liars Game","floor":14,"gold_loss":0,"cards_obtained":["Doubt"]},{"cards_removed":["Strike_B"],"damage_healed":0,"gold_gain":0,"player_choice":"Purged","damage_taken":0,"max_hp_gain":0,"max_hp_loss":0,"event_name":"Purifier","floor":19,"gold_loss":0},{"damage_healed":0,"gold_gain":0,"player_choice":"Copied","damage_taken":0,"max_hp_gain":0,"max_hp_loss":0,"event_name":"Duplicator","floor":37,"gold_loss":0,"cards_obtained":["Tempest"]}],"is_beta":false,"boss_relics":[{"not_picked":["Snecko Eye","Pandora\u0027s Box"],"picked":"Empty Cage"},{"not_picked":["Tiny House","FrozenCore"],"picked":"Sozu"}],"items_purged_floors":[22,39],"is_endless":false,"potions_floor_spawned":[2,3,7,11,13,20,24,30,31,35,48],"ascension_level":0}