{"path_per_floor":["M","$","M","?","M","R","E","R","T","M","?","M","R","E","R","B",null,"M","$","M","?","M","R","E","?","T","E"],"character_chosen":"IRONCLAD","items_purchased":["Whirlwind","Dropkick"],"gold_per_floor":[213,173,187,187,197,197,230,230,230,241,241,253,253,279,279,382,382,393,279,298,223,243,243,274,174,201,534],"floor_reached":28,"campfire_rested":2,"playtime":1247,"current_hp_per_floor":[80,80,80,80,80,80,70,70,70,70,54,56,56,48,72,77,80,61,61,50,50,46,70,80,80,80,47],"items_purged":["Strike_R"],"gold":534,"score":291,"play_id":"5066db18-49af-4e14-a142-675e463c2926","local_time":"20180317221226","is_prod":false,"is_daily":false,"is_ascension_mode":false,"campfire_upgraded":3,"timestamp":1521295946,"path_taken":["M","$","M","?","M","R","E","R","T","M","?","M","R","E","R","BOSS","M","$","M","?","M","R","E","?","T","E","M"],"build_version":"2018-03-15v2","purchased_purges":1,"victory":false,"master_deck":["Strike_R","Strike_R+1","Defend_R+1","Defend_R","Defend_R","Defend_R","Bash+1","Seeing Red","Whirlwind+1","Armaments+1","Metallicize+1","Hemokinesis+1","Pommel Strike","Reaper","Limit Break","Headbutt","Dropkick","True Grit","Pommel Strike","Brutality+1","J.A.X.","Sentinel"],"max_hp_per_floor":[80,80,80,80,80,80,80,80,80,80,80,80,80,80,80,80,80,80,80,80,80,80,80,80,80,80,80],"relics":["Burning Blood","Whetstone","Gambling Chip","Art of War","Black Star","Molten Egg 2","Frozen Egg 2","Bag of Marbles","Charon\u0027s Ashes","Old Coin"],"card_choices":[{"not_picked":["Hemokinesis","Havoc"],"picked":"Seeing Red"},{"not_picked":["Cleave","Evolve"],"picked":"Armaments"},{"not_picked":["Anger","Carnage"],"picked":"Metallicize"},{"not_picked":["Corruption","Disarm"],"picked":"Hemokinesis"},{"not_picked":["Warcry","Armaments"],"picked":"Pommel Strike"},{"not_picked":["Shrug It Off","Twin Strike"],"picked":"Reaper"},{"not_picked":["Juggernaut","Reaper"],"picked":"Limit Break"},{"not_picked":["Warcry","Cleave"],"picked":"Headbutt"},{"not_picked":["Body Slam","Havoc"],"picked":"True Grit"},{"not_picked":["Wild Strike","Warcry"],"picked":"Pommel Strike"},{"not_picked":["Clothesline","Thunderclap"],"picked":"Brutality"},{"not_picked":["Flame Barrier","Hemokinesis"],"picked":"Sentinel"}],"player_experience":330478,"potions_floor_usage":[16,16,22,22,24],"damage_taken":[{"damage":4,"enemies":"Small Slimes","floor":1,"turns":4},{"damage":1,"enemies":"Cultist","floor":3,"turns":3},{"damage":6,"enemies":"Jaw Worm","floor":5,"turns":2},{"damage":16,"enemies":"3 Sentries","floor":7,"turns":6},{"damage":6,"enemies":"Blue Slaver","floor":10,"turns":3},{"damage":4,"enemies":"Looter","floor":12,"turns":3},{"damage":14,"enemies":"Gremlin Nob","floor":14,"turns":3},{"damage":13,"enemies":"Slime Boss","floor":16,"turns":11},{"damage":25,"enemies":"2 Thieves","floor":18,"turns":5},{"damage":21,"enemies":"Spheric Guardian","floor":20,"turns":5},{"damage":10,"enemies":"Snecko","floor":22,"turns":6},{"damage":0,"enemies":"Gremlin Leader","floor":24,"turns":9},{"damage":39,"enemies":"Book of Stabbing","floor":27,"turns":5},{"damage":47,"enemies":"Slaver and Parasite","floor":28,"turns":4}],"event_choices":[{"event_name":"Purifier","player_choice":"One Purge","floor":4,"damage_taken":0},{"event_name":"Shining Light","player_choice":"Entered Light","floor":11,"damage_taken":0},{"event_name":"Beggar","player_choice":"Gave Gold","floor":21,"damage_taken":0},{"event_name":"Drug Dealer","player_choice":"Got JAXXED","floor":25,"damage_taken":0}],"boss_relics":[{"not_picked":["Lizard Tail","White Beast Statue"],"picked":"Black Star"}],"potions_floor_spawned":[1,3,10,18,20],"seed_played":"-1693380844041286254","killed_by":"Slaver and Parasite","ascension_level":0,"is_trial":false}