{"gold_per_floor":[119,136,136,148,148,148,148,175,175,194,207,217,217,251,251,352,352,369,132,47,67,83,83,83],"floor_reached":24,"playtime":2682,"items_purged":["Strike_G"],"score":280,"play_id":"e71526b7-8a16-4f55-a9f1-d2816ab48401","local_time":"20190330014528","is_ascension_mode":true,"campfire_choices":[{"data":"Sucker Punch","floor":6,"key":"SMITH"},{"data":"Dagger Spray","floor":13,"key":"SMITH"},{"floor":15,"key":"REST"},{"data":"Footwork","floor":23,"key":"SMITH"}],"neow_cost":"NONE","seed_source_timestamp":32022879716000,"circlet_count":0,"master_deck":["Defend_G","Defend_G","Defend_G","Defend_G","Defend_G","Strike_G","Strike_G","Strike_G+1","Survivor","Neutralize+1","Footwork+1","Backflip","Infinite Blades","Sucker Punch+1","Prepared+1","Dagger Spray+1","Corpse Explosion+1","Heel Hook","Corpse Explosion+1","Flechettes+1","Sadistic Nature","Blade Dance+1","Outmaneuver+1"],"relics":["Ring of the Snake","Pen Nib","Pantograph","Dodecahedron","Toxic Egg 2","Letter Opener","Black Star","Orichalcum"],"potions_floor_usage":[10,11,12,16,24],"damage_taken":[{"damage":0,"enemies":"Cultist","floor":1,"turns":4},{"damage":0,"enemies":"2 Louse","floor":2,"turns":3},{"damage":2,"enemies":"Jaw Worm","floor":4,"turns":4},{"damage":11,"enemies":"Lagavulin","floor":8,"turns":10},{"damage":0,"enemies":"3 Louse","floor":10,"turns":1},{"damage":0,"enemies":"Exordium Wildlife","floor":11,"turns":5},{"damage":0,"enemies":"Gremlin Gang","floor":12,"turns":5},{"damage":19,"enemies":"Gremlin Nob","floor":14,"turns":4},{"damage":13,"enemies":"The Guardian","floor":16,"turns":12},{"damage":11,"enemies":"Spheric Guardian","floor":18,"turns":4},{"damage":24,"enemies":"Shell Parasite","floor":21,"turns":6},{"damage":9,"enemies":"3 Cultists","floor":22,"turns":3},{"damage":32,"enemies":"Book of Stabbing","floor":24,"turns":5}],"seed_played":"4645793797393972778","potions_obtained":[{"floor":1,"key":"Ancient Potion"},{"floor":4,"key":"Block Potion"},{"floor":8,"key":"Explosive Potion"},{"floor":10,"key":"Poison Potion"},{"floor":11,"key":"SneckoOil"},{"floor":14,"key":"Fruit Juice"}],"is_trial":false,"path_per_floor":["M","M","?","M","?","R","?","E","T","M","M","M","R","E","R","B",null,"M","$","?","M","M","R","E"],"character_chosen":"THE_SILENT","items_purchased":["Sadistic Nature"],"campfire_rested":1,"item_purchase_floors":[19],"current_hp_per_floor":[70,70,70,68,54,54,51,40,40,40,40,40,40,21,42,59,75,64,64,64,40,31,31,0],"gold":83,"neow_bonus":"RANDOM_COMMON_RELIC","is_prod":false,"is_daily":false,"chose_seed":false,"campfire_upgraded":3,"win_rate":0,"timestamp":1553906728,"path_taken":["M","M","?","M","?","R","?","E","T","M","M","M","R","E","R","BOSS","M","$","?","M","M","R","E"],"build_version":"2019-01-23","purchased_purges":1,"victory":false,"max_hp_per_floor":[70,70,70,70,70,70,70,70,70,70,70,70,70,70,70,75,75,75,75,75,75,75,75,75],"card_choices":[{"not_picked":["Flying Knee","Bane"],"picked":"Footwork","floor":1},{"not_picked":["Accuracy","Slice"],"picked":"Backflip","floor":2},{"not_picked":["Catalyst","Backflip"],"picked":"Sucker Punch","floor":4},{"not_picked":["Concentrate","Reflex","Flying Knee"],"picked":"SKIP","floor":8},{"not_picked":["Cloak And Dagger+1","Caltrops"],"picked":"Prepared+1","floor":10},{"not_picked":["Dagger Throw","Riddle With Holes"],"picked":"Dagger Spray","floor":11},{"not_picked":["Sucker Punch","Poisoned Stab"],"picked":"Corpse Explosion+1","floor":12},{"not_picked":["Finisher","Sucker Punch"],"picked":"Heel Hook","floor":14},{"not_picked":["Wraith Form v2","Grand Finale"],"picked":"Corpse Explosion+1","floor":16},{"not_picked":["All Out Attack","Catalyst+1"],"picked":"Flechettes+1","floor":18},{"not_picked":["Underhanded Strike+1","Expertise+1"],"picked":"Blade Dance+1","floor":21},{"not_picked":["Flying Knee","Slice+1"],"picked":"Outmaneuver+1","floor":22}],"player_experience":454309,"relics_obtained":[{"floor":8,"key":"Dodecahedron"},{"floor":9,"key":"Toxic Egg 2"},{"floor":14,"key":"Letter Opener"}],"event_choices":[{"damage_healed":0,"gold_gain":0,"cards_transformed":["Strike_G"],"player_choice":"Change","damage_taken":0,"max_hp_gain":0,"max_hp_loss":0,"event_name":"Living Wall","floor":3,"gold_loss":0,"cards_obtained":["Infinite Blades"]},{"damage_healed":0,"gold_gain":0,"player_choice":"Entered Light","damage_taken":14,"max_hp_gain":0,"max_hp_loss":0,"event_name":"Shining Light","floor":5,"gold_loss":0,"cards_upgraded":["Strike_G","Neutralize"]},{"damage_healed":0,"gold_gain":0,"player_choice":"Success","damage_taken":3,"relics_obtained":["Pantograph"],"max_hp_gain":0,"max_hp_loss":0,"event_name":"Scrap Ooze","floor":7,"gold_loss":0},{"damage_healed":0,"gold_gain":0,"player_choice":"Obtained Relic","damage_taken":0,"relics_obtained":["Orichalcum"],"max_hp_gain":0,"max_hp_loss":0,"event_name":"Addict","floor":20,"gold_loss":85}],"is_beta":false,"boss_relics":[{"not_picked":["Eternal Feather","Orrery"],"picked":"Black Star"}],"items_purged_floors":[19],"is_endless":false,"potions_floor_spawned":[1,4,8,10,11,14],"killed_by":"Book of Stabbing","ascension_level":4}