{"gold_per_floor":[418,438,613,251,267,295,295,325,325,325,344,344,91,103,103,198,198,210,309,234,249,259,259,287,306,333,333,333],"floor_reached":28,"playtime":2780,"items_purged":["Doubt"],"score":384,"play_id":"b46b2553-06cb-4f39-9baf-396a3b4e7af3","local_time":"20190224202015","is_ascension_mode":true,"campfire_choices":[{"data":"Carnage","floor":7,"key":"SMITH"},{"data":"Metallicize","floor":10,"key":"SMITH"},{"data":"Shockwave","floor":12,"key":"SMITH"},{"data":"Metallicize","floor":15,"key":"SMITH"},{"data":"Barricade","floor":23,"key":"SMITH"},{"data":"True Grit","floor":27,"key":"SMITH"}],"neow_cost":"CURSE","seed_source_timestamp":674165875265092,"circlet_count":0,"master_deck":["AscendersBane","Strike_R","Strike_R","Strike_R","Strike_R","Strike_R","Defend_R","Defend_R","Defend_R","Defend_R","Bash+1","Rampage","Anger","Metallicize+1","Carnage+1","Ghostly Armor","Bandage Up","Shrug It Off","Metallicize+1","Shockwave+1","Headbutt","Barricade+1","Spot Weakness","True Grit+1","Cleave+1","Impervious","Inflame"],"relics":["Burning Blood","Old Coin","PreservedInsect","Question Card","Potion Belt","Bottled Tornado","Sozu","Ornamental Fan","Whetstone"],"potions_floor_usage":[6,14,22,28],"damage_taken":[{"damage":5,"enemies":"Small Slimes","floor":1,"turns":4},{"damage":0,"enemies":"2 Louse","floor":2,"turns":5},{"damage":2,"enemies":"Jaw Worm","floor":5,"turns":3},{"damage":17,"enemies":"Gremlin Nob","floor":6,"turns":4},{"damage":16,"enemies":"3 Sentries","floor":8,"turns":8},{"damage":8,"enemies":"3 Louse","floor":11,"turns":5},{"damage":5,"enemies":"Large Slime","floor":14,"turns":5},{"damage":39,"enemies":"The Guardian","floor":16,"turns":12},{"damage":20,"enemies":"2 Thieves","floor":18,"turns":5},{"damage":8,"enemies":"Shell Parasite","floor":21,"turns":4},{"damage":25,"enemies":"Snake Plant","floor":22,"turns":5},{"damage":19,"enemies":"Slavers","floor":24,"turns":7},{"damage":0,"enemies":"Centurion and Healer","floor":25,"turns":7},{"damage":58,"enemies":"Gremlin Leader","floor":28,"turns":4}],"seed_played":"-4215752368614435828","potions_obtained":[{"floor":2,"key":"SkillPotion"},{"floor":6,"key":"EssenceOfSteel"},{"floor":8,"key":"Poison Potion"},{"floor":14,"key":"LiquidBronze"}],"is_trial":false,"path_per_floor":["M","M","?","$","M","E","R","E","T","R","M","R","$","M","R","B",null,"M","?","?","M","M","R","E","M","T","R","E"],"character_chosen":"IRONCLAD","items_purchased":["Metallicize","Carnage","Ghostly Armor","Bandage Up","Bottled Tornado"],"campfire_rested":0,"item_purchase_floors":[4,4,4,4,13],"current_hp_per_floor":[73,79,79,79,80,73,73,67,67,67,69,69,69,74,74,45,71,61,61,61,63,48,48,39,49,49,49,0],"gold":333,"neow_bonus":"ONE_RARE_RELIC","is_prod":false,"is_daily":false,"chose_seed":false,"campfire_upgraded":6,"win_rate":0,"timestamp":1551068415,"path_taken":["M","M","?","$","M","E","R","E","T","R","M","R","$","M","R","BOSS","M","?","?","M","M","R","E","M","T","R","E"],"build_version":"2019-01-23","purchased_purges":1,"victory":false,"max_hp_per_floor":[80,80,80,80,80,80,80,80,80,80,80,80,80,80,80,80,80,80,80,80,80,80,80,80,80,80,80,80],"card_choices":[{"not_picked":["Warcry","Evolve"],"picked":"Rampage","floor":1},{"not_picked":["Dual Wield","Flex"],"picked":"Anger","floor":2},{"not_picked":["Wild Strike","Pommel Strike"],"picked":"Shrug It Off","floor":5},{"not_picked":["Flex","Clothesline"],"picked":"Metallicize","floor":6},{"not_picked":["Sword Boomerang","Spot Weakness"],"picked":"Shockwave","floor":8},{"not_picked":["Flex","Evolve","Bloodletting","Limit Break"],"picked":"SKIP","floor":11},{"not_picked":["Second Wind","Havoc","Twin Strike"],"picked":"Headbutt","floor":14},{"not_picked":["Limit Break","Exhume","Berserk"],"picked":"Barricade","floor":16},{"not_picked":["Hemokinesis","Pommel Strike","Heavy Blade"],"picked":"Spot Weakness","floor":18},{"not_picked":["Warcry+1","Searing Blow","Combust+1"],"picked":"True Grit","floor":21},{"not_picked":["Power Through","Reckless Charge","Anger+1"],"picked":"Cleave","floor":22},{"not_picked":["Pommel Strike","Bloodletting","Uppercut+1"],"picked":"Impervious","floor":24},{"not_picked":["Power Through","Cleave","Wild Strike"],"picked":"Inflame","floor":25}],"player_experience":348865,"relics_obtained":[{"floor":6,"key":"PreservedInsect"},{"floor":8,"key":"Question Card"},{"floor":9,"key":"Potion Belt"},{"floor":24,"key":"Ornamental Fan"},{"floor":26,"key":"Whetstone"}],"event_choices":[{"damage_healed":0,"gold_gain":175,"player_choice":"AGREE","damage_taken":0,"max_hp_gain":0,"max_hp_loss":0,"event_name":"Liars Game","floor":3,"gold_loss":0,"cards_obtained":["Doubt"]},{"damage_healed":0,"gold_gain":99,"player_choice":"Stole From Cult","damage_taken":0,"max_hp_gain":0,"max_hp_loss":0,"event_name":"Nest","floor":19,"gold_loss":0},{"cards_removed":["Shame"],"damage_healed":0,"gold_gain":0,"player_choice":"Gave Gold","damage_taken":0,"max_hp_gain":0,"max_hp_loss":0,"event_name":"Beggar","floor":20,"gold_loss":75}],"is_beta":false,"boss_relics":[{"not_picked":["Philosopher\u0027s Stone","Snecko Eye"],"picked":"Sozu"}],"items_purged_floors":[4],"is_endless":false,"potions_floor_spawned":[2,6,8,14,22],"killed_by":"Gremlin Leader","ascension_level":11}