{"gold_per_floor":[116,291,566,582,594,594,621,222,270,289,289,305,39,55,55,157,157,173,190,14,27,45,73,73,91,91,91,91,106,160,160,160,258,258,275,275,88,0,13,13,113,141,167,182,194,224,234,234,234,234],"floor_reached":51,"playtime":7704,"items_purged":["Regret","Doubt","Strike_G","Defend_G"],"score":764,"play_id":"5a8fc463-52e8-4834-8639-4b59fcc7ce23","local_time":"20190301210931","is_ascension_mode":true,"campfire_choices":[{"data":"Neutralize","floor":6,"key":"SMITH"},{"data":"Noxious Fumes","floor":11,"key":"SMITH"},{"floor":15,"key":"REST"},{"data":"Apotheosis","floor":24,"key":"SMITH"},{"floor":27,"key":"REST"},{"floor":32,"key":"REST"},{"data":"Footwork","floor":40,"key":"SMITH"},{"data":"After Image","floor":49,"key":"SMITH"}],"neow_cost":"NONE","seed_source_timestamp":55709114299700,"circlet_count":0,"master_deck":["Defend_G","Defend_G","Defend_G","Defend_G+1","Strike_G","Strike_G","Survivor+1","Neutralize+1","Bouncing Flask","Endless Agony","Accuracy","Backflip","Noxious Fumes+1","Acrobatics","Infinite Blades","Dash","Apotheosis+1","Deflect","Distraction","Venomology","Slice","After Image+1","Quick Slash+1","PiercingWail","Backflip+1","Good Instincts","Footwork+1","Setup"],"relics":["Ring of the Snake","Bag of Preparation","Membership Card","Oddly Smooth Stone","War Paint","Busted Crown","Snake Skull","Dead Branch","Art of War","Black Star","Orichalcum","Red Mask","Turnip","The Specimen","Paper Crane","Strawberry","Bird Faced Urn","Blue Candle"],"potions_floor_usage":[7,16,21,22,23,23,29,33,33,39,39,44,45,46,46,47,50],"damage_taken":[{"damage":0,"enemies":"Small Slimes","floor":1,"turns":4},{"damage":2,"enemies":"2 Louse","floor":4,"turns":3},{"damage":11,"enemies":"Cultist","floor":5,"turns":4},{"damage":19,"enemies":"Gremlin Nob","floor":7,"turns":5},{"damage":3,"enemies":"Red Slaver","floor":10,"turns":3},{"damage":4,"enemies":"Gremlin Gang","floor":12,"turns":5},{"damage":3,"enemies":"Blue Slaver","floor":14,"turns":4},{"damage":11,"enemies":"Hexaghost","floor":16,"turns":8},{"damage":18,"enemies":"2 Thieves","floor":18,"turns":4},{"damage":0,"enemies":"Chosen","floor":19,"turns":4},{"damage":2,"enemies":"Snake Plant","floor":21,"turns":7},{"damage":5,"enemies":"Snecko","floor":22,"turns":4},{"damage":12,"enemies":"Gremlin Leader","floor":23,"turns":6},{"damage":0,"enemies":"Chosen and Byrds","floor":25,"turns":6},{"damage":6,"enemies":"Sentry and Sphere","floor":29,"turns":5},{"damage":6,"enemies":"Collector","floor":33,"turns":7},{"damage":19,"enemies":"3 Shapes","floor":35,"turns":4},{"damage":0,"enemies":"3 Darklings","floor":39,"turns":5},{"damage":0,"enemies":"Mind Bloom Boss Battle","floor":41,"turns":4},{"damage":0,"enemies":"Nemesis","floor":42,"turns":7},{"damage":0,"enemies":"Sphere and 2 Shapes","floor":44,"turns":5},{"damage":0,"enemies":"Transient","floor":45,"turns":5},{"damage":3,"enemies":"Reptomancer","floor":46,"turns":6},{"damage":4,"enemies":"Jaw Worm Horde","floor":47,"turns":3},{"damage":38,"enemies":"Awakened One","floor":50,"turns":14}],"seed_played":"-1299557777605643429","potions_obtained":[{"floor":5,"key":"EssenceOfSteel"},{"floor":7,"key":"GamblersBrew"},{"floor":12,"key":"Energy Potion"},{"floor":18,"key":"Ancient Potion"},{"floor":22,"key":"Poison Potion"},{"floor":33,"key":"Explosive Potion"},{"floor":35,"key":"Energy Potion"},{"floor":39,"key":"SkillPotion"},{"floor":46,"key":"SteroidPotion"}],"is_trial":false,"path_per_floor":["M","?","?","M","M","R","E","$","T","M","R","M","$","M","R","B",null,"M","M","$","M","M","E","R","M","T","R","?","M","T","?","R","B",null,"M","?","$","?","M","R","?","E","T","M","M","E","M","?","R","B",null],"character_chosen":"THE_SILENT","items_purchased":["Membership Card","Accuracy","Oddly Smooth Stone","Backflip","Infinite Blades","Dash","Apotheosis","Deflect","Regen Potion","Regen Potion","After Image","Footwork","Orichalcum"],"campfire_rested":3,"item_purchase_floors":[8,8,8,8,13,13,13,13,13,20,20,37,37],"current_hp_per_floor":[70,70,70,68,57,57,38,38,38,35,35,31,31,28,49,53,70,52,52,52,65,60,48,48,48,48,69,56,50,50,50,72,66,75,56,56,56,56,56,56,56,56,63,63,63,60,60,60,60,34],"gold":234,"neow_bonus":"REMOVE_CARD","is_prod":false,"is_daily":false,"chose_seed":false,"campfire_upgraded":5,"win_rate":0,"timestamp":1551470971,"path_taken":["M","?","?","M","?","R","E","?","T","M","R","M","$","M","R","BOSS","M","M","$","?","M","E","R","M","T","R","?","M","?","?","R","BOSS","M","?","$","?","M","R","?","E","T","M","M","E","M","?","R","BOSS"],"build_version":"2019-01-23","purchased_purges":4,"victory":true,"max_hp_per_floor":[70,70,70,70,70,70,70,70,70,70,70,70,70,70,70,70,70,70,70,70,70,70,70,70,70,70,70,75,75,75,75,75,75,75,75,75,75,75,75,75,75,75,82,82,82,82,82,82,82,82],"card_choices":[{"not_picked":["Acrobatics","Underhanded Strike"],"picked":"Bouncing Flask","floor":1},{"not_picked":["Poisoned Stab","Outmaneuver"],"picked":"Blade Dance","floor":4},{"not_picked":["Finisher","Poisoned Stab"],"picked":"Endless Agony","floor":5},{"not_picked":["Blade Dance","Quick Slash","Eviscerate"],"picked":"SKIP","floor":7},{"not_picked":["Riddle With Holes","All Out Attack"],"picked":"Noxious Fumes","floor":10},{"not_picked":["Cloak And Dagger","Dodge and Roll"],"picked":"Acrobatics","floor":12},{"not_picked":["Calculated Gamble","Dagger Spray"],"picked":"Distraction","floor":14},{"not_picked":["Unload","Burst"],"picked":"Venomology","floor":16},{"not_picked":[],"picked":"Slice","floor":18},{"not_picked":["Deflect"],"picked":"SKIP","floor":19},{"not_picked":[],"picked":"Quick Slash+1","floor":21},{"not_picked":["PiercingWail"],"picked":"SKIP","floor":22},{"not_picked":[],"picked":"PiercingWail","floor":22},{"not_picked":["Backflip+1"],"picked":"SKIP","floor":23},{"not_picked":["Bane"],"picked":"SKIP","floor":25},{"not_picked":[],"picked":"Backflip+1","floor":29},{"not_picked":["Heel Hook"],"picked":"SKIP","floor":35},{"not_picked":[],"picked":"Good Instincts","floor":36},{"not_picked":["Predator+1"],"picked":"SKIP","floor":39},{"not_picked":["Quick Slash"],"picked":"SKIP","floor":42},{"not_picked":["Quick Slash"],"picked":"SKIP","floor":44},{"not_picked":["Underhanded Strike"],"picked":"SKIP","floor":45},{"not_picked":[],"picked":"Setup","floor":46},{"not_picked":["Poisoned Stab+1"],"picked":"SKIP","floor":47}],"player_experience":304232,"relics_obtained":[{"floor":7,"key":"Bag of Preparation"},{"floor":9,"key":"War Paint"},{"floor":23,"key":"Snake Skull"},{"floor":26,"key":"Dead Branch"},{"floor":30,"key":"Art of War"},{"floor":41,"key":"Turnip"},{"floor":42,"key":"The Specimen"},{"floor":42,"key":"Paper Crane"},{"floor":43,"key":"Strawberry"},{"floor":46,"key":"Bird Faced Urn"},{"floor":46,"key":"Blue Candle"}],"event_choices":[{"damage_healed":0,"gold_gain":175,"player_choice":"AGREE","damage_taken":0,"max_hp_gain":0,"max_hp_loss":0,"event_name":"Liars Game","floor":2,"gold_loss":0,"cards_obtained":["Doubt"]},{"damage_healed":0,"gold_gain":275,"player_choice":"Desecrate","damage_taken":0,"max_hp_gain":0,"max_hp_loss":0,"event_name":"Golden Shrine","floor":3,"gold_loss":0,"cards_obtained":["Regret"]},{"damage_healed":0,"gold_gain":0,"player_choice":"Shed Blood","damage_taken":18,"max_hp_gain":5,"max_hp_loss":0,"event_name":"Forgotten Altar","floor":28,"gold_loss":0},{"cards_removed":["Strike_G"],"damage_healed":0,"gold_gain":0,"player_choice":"Elegance","damage_taken":0,"max_hp_gain":0,"max_hp_loss":0,"event_name":"Back to Basics","floor":31,"gold_loss":0},{"damage_healed":0,"gold_gain":0,"player_choice":"Memory 1","damage_taken":0,"max_hp_gain":0,"max_hp_loss":0,"event_name":"SensoryStone","floor":36,"gold_loss":0},{"damage_healed":0,"gold_gain":0,"player_choice":"Paid","damage_taken":0,"relics_obtained":["Red Mask"],"max_hp_gain":0,"max_hp_loss":0,"event_name":"Tomb of Lord Red Mask","floor":38,"gold_loss":88},{"damage_healed":0,"gold_gain":0,"player_choice":"Fight","damage_taken":0,"max_hp_gain":0,"max_hp_loss":0,"event_name":"MindBloom","floor":41,"gold_loss":0},{"cards_removed":["Blade Dance"],"damage_healed":0,"gold_gain":0,"player_choice":"Removed Skill","damage_taken":0,"max_hp_gain":0,"max_hp_loss":0,"event_name":"Falling","floor":48,"gold_loss":0}],"is_beta":false,"boss_relics":[{"not_picked":["HoveringKite","Empty Cage"],"picked":"Busted Crown"},{"not_picked":["Orrery","Runic Dome"],"picked":"Black Star"}],"items_purged_floors":[8,13,20,37],"is_endless":false,"potions_floor_spawned":[5,7,12,18,22,33,35,39,45,46],"ascension_level":1}