{"gold_per_floor":[111,125,50,64,83,83,101,111,135,152,152,152,164,83,83,187,187,205,180,230,242,292,320,370,388,388,400,400,105,105,254,254,357,357,376,392,71,86,13,38,38,72,72,122,140,140,290,324,324,324],"floor_reached":51,"playtime":1910,"items_purged":["Normality","Writhe","Strike_R"],"score":772,"play_id":"2f7b443c-538c-4cd3-a80f-b328f4cd5bdc","local_time":"20190416005312","is_ascension_mode":false,"campfire_choices":[{"data":"True Grit","floor":6,"key":"SMITH"},{"data":"Flex","floor":11,"key":"SMITH"},{"data":"Uppercut","floor":15,"key":"SMITH"},{"data":"Shockwave","floor":28,"key":"SMITH"},{"data":"Juggernaut","floor":30,"key":"SMITH"},{"data":"Metallicize","floor":32,"key":"SMITH"},{"floor":41,"key":"REST"},{"floor":46,"key":"REST"},{"floor":49,"key":"REST"}],"neow_cost":"CURSE","seed_source_timestamp":38160903663208,"circlet_count":0,"master_deck":["Strike_R","Strike_R","Strike_R","Defend_R","Defend_R","Defend_R","Defend_R","Bash","Shockwave+1","Flex+1","True Grit+1","Metallicize+1","Twin Strike","Metallicize","Uppercut+1","Juggernaut+1","Iron Wave+1","Iron Wave","Shockwave","Limit Break","Twin Strike","Intimidate+1","Flex+1","Metallicize+1","Disarm","Clumsy","Panacea","Spot Weakness+1","Fiend Fire"],"relics":["Burning Blood","Charon\u0027s Ashes","Bronze Scales","SsserpentHead","Cursed Key","Kunai","Juzu Bracelet","Frozen Egg 2","Brimstone","Fusion Hammer","OrangePellets","Strawberry","Gremlin Horn","Bottled Lightning","Self Forming Clay"],"potions_floor_usage":[40,40,40,50],"damage_taken":[{"damage":1,"enemies":"Cultist","floor":1,"turns":3},{"damage":5,"enemies":"Small Slimes","floor":2,"turns":3},{"damage":1,"enemies":"Jaw Worm","floor":4,"turns":5},{"damage":8,"enemies":"3 Louse","floor":5,"turns":5},{"damage":8,"enemies":"Gremlin Gang","floor":7,"turns":6},{"damage":12,"enemies":"Large Slime","floor":8,"turns":8},{"damage":0,"enemies":"Blue Slaver","floor":10,"turns":4},{"damage":2,"enemies":"Looter","floor":13,"turns":3},{"damage":50,"enemies":"The Guardian","floor":16,"turns":10},{"damage":2,"enemies":"Chosen","floor":18,"turns":4},{"damage":17,"enemies":"Shell Parasite","floor":21,"turns":5},{"damage":7,"enemies":"Book of Stabbing","floor":23,"turns":5},{"damage":17,"enemies":"Sentry and Sphere","floor":25,"turns":5},{"damage":10,"enemies":"3 Cultists","floor":27,"turns":6},{"damage":44,"enemies":"Champ","floor":33,"turns":9},{"damage":0,"enemies":"3 Shapes","floor":35,"turns":3},{"damage":8,"enemies":"Orb Walker","floor":36,"turns":3},{"damage":18,"enemies":"Transient","floor":38,"turns":5},{"damage":43,"enemies":"Reptomancer","floor":40,"turns":6},{"damage":26,"enemies":"Nemesis","floor":42,"turns":5},{"damage":8,"enemies":"4 Shapes","floor":45,"turns":6},{"damage":17,"enemies":"Reptomancer","floor":48,"turns":5},{"damage":68,"enemies":"Time Eater","floor":50,"turns":7}],"seed_played":"-7864550190975410000","potions_obtained":[{"floor":1,"key":"Dexterity Potion"},{"floor":4,"key":"Regen Potion"},{"floor":10,"key":"Dexterity Potion"},{"floor":42,"key":"Swift Potion"}],"is_trial":false,"path_per_floor":["M","M","$","M","M","R","M","M","T","M","R","?","M","$","R","B",null,"M","?","?","M","?","E","?","M","T","M","R","$","R","?","R","B",null,"M","M","$","M","$","E","R","E","T","?","M","R","?","E","R","B",null],"character_chosen":"IRONCLAD","items_purchased":["Uppercut","Brimstone","OrangePellets","Metallicize+1"],"campfire_rested":3,"item_purchase_floors":[14,29,37,39],"current_hp_per_floor":[80,80,80,80,78,78,76,70,70,76,76,76,80,80,80,36,80,80,80,80,69,69,68,68,57,57,53,53,53,53,53,53,15,80,80,78,78,66,66,50,76,56,56,56,54,80,80,69,87,25],"gold":324,"neow_bonus":"ONE_RARE_RELIC","is_prod":false,"is_daily":false,"chose_seed":false,"campfire_upgraded":6,"win_rate":0,"timestamp":1555397592,"path_taken":["M","?","$","M","M","R","M","M","T","?","R","?","M","$","R","BOSS","M","?","?","M","?","E","?","M","T","M","R","$","R","?","R","BOSS","M","M","$","M","$","E","R","E","T","?","M","R","?","E","R","BOSS"],"build_version":"2019-01-23","purchased_purges":3,"victory":true,"max_hp_per_floor":[80,80,80,80,80,80,80,80,80,80,80,80,80,80,80,80,80,80,80,80,80,80,80,80,80,80,80,80,80,80,80,80,80,80,80,80,80,80,80,87,87,87,87,87,87,87,87,87,87,87],"card_choices":[{"not_picked":["Warcry","Perfected Strike"],"picked":"Headbutt","floor":1},{"not_picked":["Warcry","Clothesline"],"picked":"Shockwave","floor":2},{"not_picked":["Second Wind","Rampage"],"picked":"Flex","floor":4},{"not_picked":["Iron Wave","Anger"],"picked":"True Grit","floor":5},{"not_picked":["Thunderclap","Perfected Strike"],"picked":"Metallicize","floor":7},{"not_picked":["Sword Boomerang","Pommel Strike"],"picked":"Twin Strike","floor":8},{"not_picked":["Havoc","Shrug It Off","Pommel Strike"],"picked":"SKIP","floor":10},{"not_picked":["True Grit","Exhume"],"picked":"Metallicize","floor":13},{"not_picked":["Reaper","Berserk"],"picked":"Juggernaut","floor":16},{"not_picked":["Headbutt","Burning Pact"],"picked":"Iron Wave+1","floor":18},{"not_picked":["Flex","Cleave"],"picked":"Iron Wave","floor":21},{"not_picked":["Sentinel","Rupture","Bloodletting"],"picked":"SKIP","floor":23},{"not_picked":["Twin Strike","Reckless Charge"],"picked":"Shockwave","floor":25},{"not_picked":["Warcry","Wild Strike","Thunderclap+1"],"picked":"SKIP","floor":27},{"not_picked":["Feed","Berserk+1"],"picked":"Limit Break","floor":33},{"not_picked":["Ghostly Armor+1","Havoc"],"picked":"Twin Strike","floor":35},{"not_picked":["Evolve+1","Pommel Strike+1"],"picked":"Intimidate+1","floor":36},{"not_picked":["Rage+1","Headbutt+1"],"picked":"Flex+1","floor":38},{"not_picked":["Flex","Headbutt+1","Thunderclap+1"],"picked":"SKIP","floor":40},{"not_picked":["Ghostly Armor+1","Anger+1"],"picked":"Disarm","floor":42},{"not_picked":["Deep Breath","Enlightenment"],"picked":"Panacea","floor":44},{"not_picked":["Heavy Blade+1","Body Slam"],"picked":"Spot Weakness+1","floor":45},{"not_picked":["Carnage","Burning Pact+1"],"picked":"Fiend Fire","floor":48}],"player_experience":1231533,"relics_obtained":[{"floor":9,"key":"Bronze Scales"},{"floor":23,"key":"Juzu Bracelet"},{"floor":26,"key":"Frozen Egg 2"},{"floor":40,"key":"Strawberry"},{"floor":42,"key":"Gremlin Horn"},{"floor":43,"key":"Bottled Lightning"},{"floor":48,"key":"Self Forming Clay"}],"event_choices":[{"damage_healed":0,"gold_gain":0,"player_choice":"Trade","damage_taken":0,"relics_obtained":["SsserpentHead"],"max_hp_gain":0,"max_hp_loss":0,"event_name":"FaceTrader","floor":12,"gold_loss":0},{"cards_removed":["Strike_R"],"damage_healed":0,"gold_gain":0,"player_choice":"Gave Gold","damage_taken":0,"max_hp_gain":0,"max_hp_loss":0,"event_name":"Beggar","floor":19,"gold_loss":75},{"damage_healed":0,"gold_gain":0,"player_choice":"Ignored","damage_taken":0,"max_hp_gain":0,"max_hp_loss":0,"event_name":"Vampires","floor":20,"gold_loss":0},{"cards_removed":["Headbutt"],"damage_healed":0,"gold_gain":0,"player_choice":"Gave Card","damage_taken":0,"relics_obtained":["Kunai"],"max_hp_gain":0,"max_hp_loss":0,"event_name":"WeMeetAgain","floor":22,"gold_loss":0},{"damage_healed":0,"gold_gain":0,"player_choice":"Ignored","damage_taken":0,"max_hp_gain":0,"max_hp_loss":0,"event_name":"Ghosts","floor":24,"gold_loss":0},{"damage_healed":0,"gold_gain":99,"player_choice":"Stole From Cult","damage_taken":0,"max_hp_gain":0,"max_hp_loss":0,"event_name":"Nest","floor":31,"gold_loss":0},{"damage_healed":0,"gold_gain":0,"player_choice":"Memory 1","damage_taken":0,"max_hp_gain":0,"max_hp_loss":0,"event_name":"SensoryStone","floor":44,"gold_loss":0},{"damage_healed":0,"gold_gain":100,"player_choice":"Pray","damage_taken":0,"max_hp_gain":0,"max_hp_loss":0,"event_name":"Golden Shrine","floor":47,"gold_loss":0}],"is_beta":false,"boss_relics":[{"not_picked":["Snecko Eye","Calling Bell"],"picked":"Cursed Key"},{"not_picked":["Lizard Tail","Black Blood"],"picked":"Fusion Hammer"}],"items_purged_floors":[3,29,37],"is_endless":false,"potions_floor_spawned":[1,4,10,13,16,23,25,36,38,42],"ascension_level":0}