{"gold_per_floor":[116,136,151,168,25,25,36,36,110,120,140,174,184,195,195,300,300,314,314,61,72,84,84,118,118,143,184,196,225,264,293,305,413,425,454,741,831,133,185,185,199,199,199,199,199,216,227,242,242,242],"floor_reached":51,"playtime":3629,"items_purged":["Strike_B","Defend_B","Regret"],"score":838,"play_id":"288bb379-17a3-4222-9dd9-6b6c75a35cc2","local_time":"20181010173628","is_ascension_mode":false,"campfire_choices":[{"data":"Defragment","floor":6,"key":"SMITH"},{"floor":15,"key":"REST"},{"data":"Buffer","floor":23,"key":"SMITH"},{"data":"Capacitor","floor":28,"key":"SMITH"},{"floor":32,"key":"REST"},{"data":"Redo","floor":40,"key":"SMITH"},{"floor":42,"key":"REST"},{"floor":49,"key":"REST"}],"neow_cost":"","seed_source_timestamp":12874112743100,"circlet_count":0,"master_deck":["Strike_B","Strike_B","Strike_B","Defend_B","Defend_B","Defend_B","Zap+1","Dualcast","Leap","Defragment+1","Lockon","Beam Cell","Hello World","Leap","Conserve Battery","Electrodynamics","Ball Lightning","Leap","Buffer+1","Barrage","FTL+1","Tempest","Capacitor+1","Double Energy+1","Leap+1","Redo+1","Thunder Strike","Static Discharge+1","Parasite","Consume+1","BootSequence+1","Parasite","Madness","Madness","Redo","Defragment+1","Barrage+1"],"relics":["Cracked Core","Question Card","Pocketwatch","Nuclear Battery","Pen Nib","Art of War","Bag of Preparation","MawBank","Pear","Juzu Bracelet","Cursed Key","Pantograph","War Paint","Matryoshka","Toolbox","Torii","Centennial Puzzle","Mummified Hand","Incense Burner"],"potions_floor_usage":[10,10,21,21,27,30,30,39,47,50,50,50],"damage_taken":[{"damage":0,"enemies":"Cultist","floor":1,"turns":3},{"damage":0,"enemies":"2 Louse","floor":2,"turns":2},{"damage":7,"enemies":"Small Slimes","floor":3,"turns":3},{"damage":2,"enemies":"Blue Slaver","floor":4,"turns":4},{"damage":15,"enemies":"Gremlin Gang","floor":7,"turns":5},{"damage":13,"enemies":"Large Slime","floor":10,"turns":3},{"damage":5,"enemies":"Blue Slaver","floor":11,"turns":3},{"damage":6,"enemies":"Lagavulin","floor":12,"turns":5},{"damage":0,"enemies":"3 Louse","floor":13,"turns":1},{"damage":1,"enemies":"Red Slaver","floor":14,"turns":3},{"damage":0,"enemies":"Slime Boss","floor":16,"turns":5},{"damage":5,"enemies":"Chosen","floor":18,"turns":4},{"damage":1,"enemies":"Shell Parasite","floor":21,"turns":6},{"damage":0,"enemies":"Cultist and Chosen","floor":22,"turns":3},{"damage":9,"enemies":"Gremlin Leader","floor":24,"turns":6},{"damage":1,"enemies":"Slavers","floor":27,"turns":3},{"damage":3,"enemies":"Sentry and Sphere","floor":29,"turns":5},{"damage":11,"enemies":"Book of Stabbing","floor":30,"turns":5},{"damage":8,"enemies":"Snecko","floor":31,"turns":3},{"damage":0,"enemies":"Automaton","floor":33,"turns":10},{"damage":15,"enemies":"Orb Walker","floor":35,"turns":3},{"damage":10,"enemies":"Mysterious Sphere","floor":39,"turns":2},{"damage":24,"enemies":"3 Darklings","floor":41,"turns":4},{"damage":16,"enemies":"Mind Bloom Boss Battle","floor":45,"turns":6},{"damage":0,"enemies":"4 Shapes","floor":46,"turns":5},{"damage":0,"enemies":"Transient","floor":47,"turns":5},{"damage":3,"enemies":"Reptomancer","floor":48,"turns":3},{"damage":32,"enemies":"Time Eater","floor":50,"turns":6}],"seed_played":"-8203438749381371242","potions_obtained":[{"floor":3,"key":"PowerPotion"},{"floor":4,"key":"SkillPotion"},{"floor":7,"key":"SteroidPotion"},{"floor":12,"key":"EntropicBrew"},{"floor":27,"key":"GamblersBrew"},{"floor":33,"key":"Ancient Potion"},{"floor":46,"key":"Strength Potion"},{"floor":47,"key":"Ancient Potion"},{"floor":48,"key":"Block Potion"}],"is_trial":false,"path_per_floor":["M","M","M","M","$","R","M","?","T","M","M","E","M","M","R","B",null,"M","?","$","M","M","R","E","?","T","E","R","M","E","M","R","B",null,"M","?","T","$","?","R","M","R","T","?","?","M","M","M","R","B"],"character_chosen":"DEFECT","items_purchased":["Hello World","Art of War","War Paint","Matryoshka","Toolbox"],"campfire_rested":4,"item_purchase_floors":[5,20,38,38,38],"current_hp_per_floor":[75,75,68,66,66,66,51,51,51,38,33,27,27,26,48,48,75,70,70,70,69,69,69,60,60,60,69,69,66,55,47,72,72,85,70,70,70,70,60,60,36,61,61,50,59,59,59,56,81,53],"gold":242,"neow_bonus":"","is_prod":false,"is_daily":false,"chose_seed":false,"campfire_upgraded":4,"win_rate":0.0,"timestamp":1539185788,"path_taken":["M","M","M","M","?","R","M","?","T","M","?","E","?","M","R","BOSS","M","?","$","M","?","R","E","?","T","E","R","M","E","M","R","BOSS","M","?","?","$","?","R","M","R","T","?","?","M","M","M","R","BOSS"],"build_version":"2018-10-04v2","purchased_purges":3,"victory":true,"max_hp_per_floor":[75,75,75,75,75,75,75,75,75,75,75,75,75,75,75,75,75,75,75,75,75,75,75,75,75,75,85,85,85,85,85,85,85,85,85,85,85,85,85,85,85,85,85,85,85,85,85,85,85,85],"card_choices":[{"not_picked":["Hologram","Conserve Battery"],"picked":"Leap","floor":1},{"not_picked":["Loop","Chill"],"picked":"Defragment","floor":2},{"not_picked":["Conserve Battery","Force Field"],"picked":"Lockon","floor":3},{"not_picked":["Cold Snap","Steam"],"picked":"Beam Cell","floor":4},{"not_picked":["Fusion","Chill"],"picked":"Leap","floor":7},{"not_picked":["Stack","Lockon","Go for the Eyes"],"picked":"Conserve Battery","floor":10},{"not_picked":["Stack","Conserve Battery","Gash","Hologram"],"picked":"SKIP","floor":11},{"not_picked":["Cold Snap","Ball Lightning","Leap"],"picked":"Electrodynamics","floor":12},{"not_picked":["Coolheaded","Steam","Compile Driver"],"picked":"Ball Lightning","floor":13},{"not_picked":["Cold Snap","Reprogram","Double Energy"],"picked":"Leap","floor":14},{"not_picked":["Fission","Rainbow","Reboot"],"picked":"Buffer","floor":16},{"not_picked":["Hologram","Cold Snap","Ball Lightning"],"picked":"Barrage","floor":18},{"not_picked":["Hologram","Streamline+1","Sweeping Beam"],"picked":"FTL+1","floor":21},{"not_picked":["Sweeping Beam","Gash+1","Coolheaded","Beam Cell"],"picked":"SKIP","floor":22},{"not_picked":["Go for the Eyes","Chaos+1","Melter"],"picked":"Tempest","floor":24},{"not_picked":["Chill","Redo","Cold Snap"],"picked":"Capacitor","floor":27},{"not_picked":["Sweeping Beam","Aggregate","Leap"],"picked":"Double Energy","floor":29},{"not_picked":["Sweeping Beam","Heatsinks+1","Go for the Eyes+1"],"picked":"Leap","floor":30},{"not_picked":["Ball Lightning","Heatsinks","Gash+1"],"picked":"Redo","floor":31},{"not_picked":["Multi-Cast","Buffer","Reboot"],"picked":"Thunder Strike","floor":33},{"not_picked":["Self Repair","Genetic Algorithm+1","Leap+1"],"picked":"Static Discharge+1","floor":35},{"not_picked":["White Noise","Beam Cell","Auto Shields"],"picked":"Consume+1","floor":39},{"not_picked":["Steam","Cold Snap+1","Sweeping Beam"],"picked":"BootSequence+1","floor":41},{"not_picked":["Doom and Gloom+1","Sweeping Beam+1","Gash+1"],"picked":"Redo","floor":45},{"not_picked":["Go for the Eyes+1","Melter+1","Conserve Battery+1"],"picked":"Defragment+1","floor":46},{"not_picked":["Coolheaded+1","Fission","Sweeping Beam"],"picked":"Barrage+1","floor":47},{"not_picked":["Streamline+1","Conserve Battery","Doom and Gloom","Coolheaded+1"],"picked":"SKIP","floor":48}],"player_experience":106479,"relics_obtained":[{"floor":9,"key":"Question Card"},{"floor":12,"key":"Pocketwatch"},{"floor":24,"key":"Bag of Preparation"},{"floor":26,"key":"MawBank"},{"floor":27,"key":"Pear"},{"floor":30,"key":"Juzu Bracelet"},{"floor":37,"key":"Pantograph"},{"floor":39,"key":"Torii"},{"floor":43,"key":"Centennial Puzzle"},{"floor":43,"key":"Mummified Hand"},{"floor":45,"key":"Incense Burner"}],"event_choices":[{"event_name":"Living Wall","player_choice":"Grow","floor":8,"damage_taken":0},{"event_name":"The Mausoleum","player_choice":"Yes","floor":19,"damage_taken":0},{"event_name":"Ghosts","player_choice":"Ignored","floor":25,"damage_taken":0},{"event_name":"Golden Shrine","player_choice":"Desecrate","floor":36,"damage_taken":0},{"event_name":"Mysterious Sphere","player_choice":"Fight","floor":39,"damage_taken":0},{"event_name":"Winding Halls","player_choice":"Embrace Madness","floor":44,"damage_taken":0},{"event_name":"MindBloom","player_choice":"Fight","floor":45,"damage_taken":0}],"is_beta":false,"boss_relics":[{"not_picked":["Ectoplasm","Tiny House"],"picked":"Nuclear Battery"},{"not_picked":["Sozu","Busted Crown"],"picked":"Cursed Key"}],"items_purged_floors":[5,20,38],"is_endless":false,"potions_floor_spawned":[3,4,7,12,22,27,29,33,46,47,48],"ascension_level":0}