{"gold_per_floor":[111,186,197,211,211,211,246,246,246,48,48,48,48,64,64,159,159,176,176,189,189,89,89,103,103,103,122,122],"floor_reached":28,"playtime":883,"items_purged":["Strike_B","Strike_B"],"score":216,"play_id":"5f6436a6-d36b-46fd-98bb-b24263d67294","local_time":"20190415223753","is_ascension_mode":false,"campfire_choices":[{"data":"White Noise","floor":6,"key":"SMITH"},{"data":"Conserve Battery","floor":8,"key":"SMITH"},{"data":"Conserve Battery","floor":11,"key":"SMITH"},{"data":"Dualcast","floor":13,"key":"SMITH"},{"data":"Beam Cell","floor":15,"key":"SMITH"},{"data":"Beam Cell","floor":23,"key":"SMITH"},{"floor":25,"key":"REST"}],"neow_cost":"NONE","seed_source_timestamp":222695247042804,"circlet_count":0,"master_deck":["Strike_B","Strike_B+1","Defend_B","Defend_B","Defend_B","Defend_B","Zap+1","Dualcast+1","White Noise+1","Rebound+1","Conserve Battery+1","Storm","Conserve Battery+1","Beam Cell+1","Thunder Strike","Force Field","Beam Cell+1","FTL+1","FTL"],"relics":["Cracked Core"],"potions_floor_usage":[16,19,24,24,24],"damage_taken":[{"damage":1,"enemies":"2 Louse","floor":1,"turns":2},{"damage":6,"enemies":"Jaw Worm","floor":3,"turns":3},{"damage":0,"enemies":"Small Slimes","floor":4,"turns":2},{"damage":16,"enemies":"3 Sentries","floor":7,"turns":7},{"damage":0,"enemies":"Exordium Thugs","floor":14,"turns":4},{"damage":14,"enemies":"Slime Boss","floor":16,"turns":10},{"damage":20,"enemies":"Shell Parasite","floor":18,"turns":6},{"damage":8,"enemies":"Colosseum Slavers","floor":19,"turns":5},{"damage":4,"enemies":"Spheric Guardian","floor":20,"turns":4},{"damage":20,"enemies":"Shelled Parasite and Fungi","floor":24,"turns":4},{"damage":22,"enemies":"3 Cultists","floor":27,"turns":6},{"damage":0,"enemies":"Cultist and Chosen","floor":28,"turns":1}],"seed_played":"-3586407624812102559","potions_obtained":[{"floor":4,"key":"SkillPotion"},{"floor":7,"key":"Fire Potion"},{"floor":16,"key":"Dexterity Potion"},{"floor":20,"key":"EntropicBrew"}],"is_trial":false,"path_per_floor":["M","?","M","M","?","R","E","R","T","$","R","?","R","M","R","B",null,"M","?","M","T","$","R","M","R","T","M","M"],"character_chosen":"DEFECT","items_purchased":["Storm","Conserve Battery"],"campfire_rested":1,"item_purchase_floors":[10,10],"current_hp_per_floor":[74,63,57,57,42,42,26,26,26,26,26,26,26,26,26,12,75,55,47,43,43,43,43,23,45,45,23,23],"gold":122,"neow_bonus":"UPGRADE_CARD","is_prod":false,"is_daily":false,"chose_seed":false,"campfire_upgraded":6,"win_rate":0,"timestamp":1555339073,"path_taken":["M","?","M","M","?","R","E","R","T","$","R","?","R","M","R","BOSS","M","?","M","?","?","R","M","R","T","M","?"],"build_version":"2019-01-23","purchased_purges":2,"victory":false,"max_hp_per_floor":[75,75,75,75,75,75,75,75,75,75,75,75,75,75,75,75,75,75,75,75,75,75,75,75,75,75,75,75],"card_choices":[{"not_picked":["Barrage","Ball Lightning"],"picked":"White Noise","floor":1},{"not_picked":["Sweeping Beam","Coolheaded"],"picked":"Rebound","floor":3},{"not_picked":["Beam Cell","Steam"],"picked":"Conserve Battery","floor":4},{"not_picked":["Barrage","Doom and Gloom","Blizzard"],"picked":"SKIP","floor":7},{"not_picked":["Leap","Chill"],"picked":"Beam Cell","floor":14},{"not_picked":["Biased Cognition","Multi-Cast"],"picked":"Thunder Strike","floor":16},{"not_picked":["Steam Power","Rebound"],"picked":"Force Field","floor":18},{"not_picked":["Coolheaded","Barrage"],"picked":"Beam Cell","floor":20},{"not_picked":["Streamline","Conserve Battery+1"],"picked":"FTL+1","floor":24},{"not_picked":["Cold Snap","Consume"],"picked":"FTL","floor":27}],"player_experience":977990,"relics_obtained":[],"event_choices":[{"damage_healed":0,"gold_gain":75,"player_choice":"Gather Gold","damage_taken":11,"max_hp_gain":0,"max_hp_loss":0,"event_name":"World of Goop","floor":2,"gold_loss":0},{"damage_healed":0,"gold_gain":0,"player_choice":"Entered Light","damage_taken":15,"max_hp_gain":0,"max_hp_loss":0,"event_name":"Shining Light","floor":5,"gold_loss":0,"cards_upgraded":["Rebound","Strike_B"]},{"damage_healed":0,"gold_gain":0,"player_choice":"Searched \u00270\u0027 times","damage_taken":0,"max_hp_gain":0,"max_hp_loss":0,"event_name":"Dead Adventurer","floor":12,"gold_loss":0},{"damage_healed":0,"gold_gain":0,"player_choice":"Fight","damage_taken":0,"max_hp_gain":0,"max_hp_loss":0,"event_name":"Colosseum","floor":19,"gold_loss":0},{"damage_healed":0,"gold_gain":0,"player_choice":"Fled From Nobs","damage_taken":0,"max_hp_gain":0,"max_hp_loss":0,"event_name":"Colosseum","floor":19,"gold_loss":0}],"is_beta":false,"boss_relics":[{"not_picked":["Nuclear Battery","Runic Pyramid","Sozu"]}],"items_purged_floors":[10,22],"is_endless":false,"potions_floor_spawned":[4,7,16,19,20],"killed_by":"Cultist and Chosen","ascension_level":0}