{"gold_per_floor":[111,125,7,20,20,20,51,51,76,151,165,190,365,69,69,165,165,183,194,209,107,122,122,153,153,176,176,176,176,176,189,189,287,287,303,15,15,31,31,31,65,65,65,84,99,99],"floor_reached":46,"playtime":2685,"items_purged":["Doubt"],"score":630,"play_id":"b5f2abb1-3514-4029-9a3d-9f8bfd8f06e7","local_time":"20190309015559","is_ascension_mode":true,"campfire_choices":[{"data":"Noxious Fumes","floor":6,"key":"SMITH"},{"floor":8,"key":"REST"},{"floor":15,"key":"REST"},{"data":"Acrobatics","floor":23,"key":"SMITH"},{"floor":25,"key":"REST"},{"floor":27,"key":"REST"},{"data":"Backstab","floor":29,"key":"SMITH"},{"data":"Well Laid Plans","floor":32,"key":"SMITH"},{"data":"After Image","floor":40,"key":"SMITH"}],"neow_cost":"NONE","seed_source_timestamp":528891162567100,"circlet_count":0,"master_deck":["Survivor","Neutralize+1","Well Laid Plans+1","Poisoned Stab","Noxious Fumes+1","Catalyst","Poisoned Stab","Finisher","Dagger Spray","Burst","Noxious Fumes","Venomology","Predator","Unload","Choke","Crippling Poison","Tools of the Trade","Caltrops","Wraith Form v2","Dash","Outmaneuver","Footwork","Backstab+1","Acrobatics+1","Cloak And Dagger","Accuracy","Backflip","Terror","Outmaneuver+1","After Image+1","PiercingWail","Backflip+1","Injury","Outmaneuver+1","Infinite Blades+1"],"relics":["Ring of the Snake","Bag of Marbles","Lantern","Mummified Hand","Orichalcum","Pandora\u0027s Box","Darkstone Periapt","Dream Catcher","MutagenicStrength","Regal Pillow","Cursed Key","Gambling Chip","Blue Candle","Molten Egg 2"],"potions_floor_usage":[11,11,16,18,22,24,33,35,41,44,46,46],"damage_taken":[{"damage":0,"enemies":"Jaw Worm","floor":1,"turns":3},{"damage":0,"enemies":"2 Louse","floor":2,"turns":3},{"damage":9,"enemies":"Small Slimes","floor":4,"turns":4},{"damage":27,"enemies":"3 Sentries","floor":7,"turns":6},{"damage":9,"enemies":"Exordium Wildlife","floor":11,"turns":4},{"damage":0,"enemies":"Gremlin Nob","floor":12,"turns":2},{"damage":7,"enemies":"Hexaghost","floor":16,"turns":7},{"damage":2,"enemies":"Chosen","floor":18,"turns":2},{"damage":0,"enemies":"3 Byrds","floor":19,"turns":4},{"damage":0,"enemies":"Centurion and Healer","floor":20,"turns":3},{"damage":12,"enemies":"Snake Plant","floor":22,"turns":2},{"damage":27,"enemies":"Book of Stabbing","floor":24,"turns":5},{"damage":2,"enemies":"Sentry and Sphere","floor":31,"turns":3},{"damage":74,"enemies":"Collector","floor":33,"turns":9},{"damage":43,"enemies":"3 Darklings","floor":35,"turns":5},{"damage":25,"enemies":"3 Shapes","floor":38,"turns":2},{"damage":21,"enemies":"Nemesis","floor":41,"turns":7},{"damage":0,"enemies":"Transient","floor":44,"turns":5},{"damage":0,"enemies":"3 Darklings","floor":45,"turns":3},{"damage":33,"enemies":"Reptomancer","floor":46,"turns":2}],"seed_played":"-647580288594192430","potions_obtained":[{"floor":1,"key":"Fire Potion"},{"floor":4,"key":"Dexterity Potion"},{"floor":11,"key":"Fruit Juice"},{"floor":16,"key":"Energy Potion"},{"floor":20,"key":"Weak Potion"},{"floor":33,"key":"Poison Potion"},{"floor":44,"key":"FearPotion"},{"floor":45,"key":"Energy Potion"}],"is_trial":false,"path_per_floor":["M","M","$","M","?","R","E","R","T","?","M","E","?","$","R","B",null,"M","M","M","$","M","R","E","R","T","R","?","R","?","M","R","B",null,"M","$","?","M","$","R","E","$","T","M","M","E"],"character_chosen":"THE_SILENT","items_purchased":["Noxious Fumes","Catalyst","Noxious Fumes","Orichalcum","Cloak And Dagger","Accuracy","Gambling Chip"],"campfire_rested":4,"item_purchase_floors":[3,3,14,14,21,21,36],"current_hp_per_floor":[70,70,70,61,61,61,34,55,55,44,40,40,40,40,62,55,75,73,73,73,73,61,61,34,56,56,75,75,75,75,73,73,7,75,32,32,66,41,41,41,20,20,26,26,26,0],"gold":99,"neow_bonus":"UPGRADE_CARD","is_prod":false,"is_daily":false,"chose_seed":false,"campfire_upgraded":5,"win_rate":0,"timestamp":1552092959,"path_taken":["M","M","$","M","?","R","E","R","T","?","M","E","?","$","R","BOSS","M","M","M","$","M","R","E","R","T","R","?","R","?","M","R","BOSS","M","?","?","M","$","R","E","?","T","M","M","E"],"build_version":"2019-01-23","purchased_purges":1,"victory":false,"max_hp_per_floor":[70,70,70,70,70,70,70,70,70,70,75,75,75,75,75,75,75,75,75,75,75,75,75,75,75,75,75,75,75,75,75,75,75,75,75,75,66,66,66,66,66,66,72,72,72,72],"card_choices":[{"not_picked":["Dodge and Roll","Eviscerate"],"picked":"Well Laid Plans","floor":1},{"not_picked":["Blade Dance","Backflip"],"picked":"Poisoned Stab","floor":2},{"not_picked":["Quick Slash","Masterful Stab"],"picked":"Poisoned Stab","floor":4},{"not_picked":["Storm of Steel","Dagger Throw","Blade Dance"],"picked":"SKIP","floor":7},{"not_picked":["Bane","Slice"],"picked":"Dagger Spray","floor":11},{"not_picked":["Poisoned Stab","Bouncing Flask"],"picked":"Burst","floor":12},{"not_picked":["Bullet Time","Doppelganger"],"picked":"Venomology","floor":16},{"not_picked":["Flechettes+1","Deadly Poison"],"picked":"Footwork","floor":18},{"not_picked":["Blade Dance","Prepared"],"picked":"Backstab","floor":19},{"not_picked":["Dagger Throw+1","Outmaneuver"],"picked":"Acrobatics","floor":20},{"not_picked":["Sucker Punch","Bane","Cloak And Dagger"],"picked":"SKIP","floor":22},{"not_picked":["Outmaneuver","Dodge and Roll"],"picked":"Backflip","floor":24},{"not_picked":["Underhanded Strike+1","Endless Agony"],"picked":"Terror","floor":27},{"not_picked":["Caltrops","Acrobatics"],"picked":"Outmaneuver+1","floor":31},{"not_picked":["Night Terror","Unload"],"picked":"After Image","floor":33},{"not_picked":["Bane","Poisoned Stab","Dagger Spray"],"picked":"SKIP","floor":35},{"not_picked":["Setup+1","Outmaneuver"],"picked":"PiercingWail","floor":38},{"not_picked":["Well Laid Plans","Deflect+1"],"picked":"Backflip+1","floor":41},{"not_picked":["Acrobatics","Dagger Spray+1"],"picked":"Outmaneuver+1","floor":44},{"not_picked":["PiercingWail","Predator+1"],"picked":"Infinite Blades+1","floor":45}],"player_experience":350481,"relics_obtained":[{"floor":7,"key":"Bag of Marbles"},{"floor":9,"key":"Lantern"},{"floor":12,"key":"Mummified Hand"},{"floor":24,"key":"Darkstone Periapt"},{"floor":26,"key":"Dream Catcher"},{"floor":41,"key":"Blue Candle"},{"floor":43,"key":"Molten Egg 2"}],"event_choices":[{"damage_healed":0,"gold_gain":0,"cards_transformed":["Strike_G"],"player_choice":"Change","damage_taken":0,"max_hp_gain":0,"max_hp_loss":0,"event_name":"Living Wall","floor":5,"gold_loss":0,"cards_obtained":["Finisher"]},{"damage_healed":0,"gold_gain":75,"player_choice":"Gather Gold","damage_taken":11,"max_hp_gain":0,"max_hp_loss":0,"event_name":"World of Goop","floor":10,"gold_loss":0},{"damage_healed":0,"gold_gain":175,"player_choice":"AGREE","damage_taken":0,"max_hp_gain":0,"max_hp_loss":0,"event_name":"Liars Game","floor":13,"gold_loss":0,"cards_obtained":["Doubt"]},{"damage_healed":0,"gold_gain":0,"player_choice":"Inject Mutagens","damage_taken":0,"relics_obtained":["MutagenicStrength"],"max_hp_gain":0,"max_hp_loss":0,"event_name":"Drug Dealer","floor":28,"gold_loss":0},{"damage_healed":0,"gold_gain":0,"player_choice":"Gave Potion","damage_taken":0,"relics_obtained":["Regal Pillow"],"max_hp_gain":0,"max_hp_loss":0,"event_name":"WeMeetAgain","floor":30,"gold_loss":0},{"damage_healed":66,"gold_gain":0,"player_choice":"Heal","damage_taken":0,"max_hp_gain":0,"max_hp_loss":9,"event_name":"The Moai Head","floor":37,"gold_loss":0}],"is_beta":false,"boss_relics":[{"not_picked":["Tiny House","Empty Cage"],"picked":"Pandora\u0027s Box"},{"not_picked":["Busted Crown","Lizard Tail"],"picked":"Cursed Key"}],"items_purged_floors":[14],"is_endless":false,"potions_floor_spawned":[1,4,11,16,20,33,44,45],"killed_by":"Reptomancer","ascension_level":3}