{"gold_per_floor":[112,187,200,218,234,234,249,276,276,276,236,267,267,293,293,293],"floor_reached":16,"playtime":754,"items_purged":[],"score":168,"play_id":"b6e4c9ad-daf9-4265-8cef-fced311bdad4","local_time":"20190422132826","is_ascension_mode":true,"campfire_choices":[{"floor":6,"key":"REST"},{"floor":10,"key":"REST"},{"floor":13,"key":"REST"},{"data":"Acrobatics","floor":15,"key":"SMITH"}],"neow_cost":"NONE","seed_source_timestamp":12804131215303,"circlet_count":0,"master_deck":["Defend_G","Defend_G","Defend_G","Defend_G","Defend_G","Strike_G","Strike_G","Strike_G","Strike_G+1","Strike_G+1","Survivor","Neutralize","Acrobatics+1","PiercingWail","Catalyst","Blade Dance","Poisoned Stab","Deadly Poison","Die Die Die"],"relics":["Ring of the Snake","Happy Flower","Incense Burner","Whetstone","Strawberry","Bottled Lightning"],"potions_floor_usage":[8,14,14,16],"damage_taken":[{"damage":6,"enemies":"Jaw Worm","floor":1,"turns":7},{"damage":0,"enemies":"2 Louse","floor":3,"turns":5},{"damage":1,"enemies":"Cultist","floor":4,"turns":5},{"damage":18,"enemies":"Large Slime","floor":5,"turns":11},{"damage":6,"enemies":"3 Louse","floor":7,"turns":5},{"damage":29,"enemies":"3 Sentries","floor":8,"turns":11},{"damage":12,"enemies":"Lagavulin","floor":12,"turns":5},{"damage":12,"enemies":"Gremlin Nob","floor":14,"turns":3},{"damage":38,"enemies":"Slime Boss","floor":16,"turns":5}],"seed_played":"7057692376349487303","potions_obtained":[{"floor":1,"key":"Swift Potion"},{"floor":5,"key":"Block Potion"},{"floor":11,"key":"PowerPotion"},{"floor":11,"key":"PowerPotion"},{"floor":11,"key":"Fire Potion"}],"is_trial":false,"path_per_floor":["M","?","M","M","M","R","M","E","T","R","?","E","R","E","R","B"],"character_chosen":"THE_SILENT","items_purchased":[],"campfire_rested":3,"item_purchase_floors":[],"current_hp_per_floor":[57,46,46,45,27,48,42,13,13,34,34,29,52,40,40,2],"gold":293,"neow_bonus":"RANDOM_COMMON_RELIC","is_prod":false,"is_daily":false,"chose_seed":false,"campfire_upgraded":1,"win_rate":0,"timestamp":1555907306,"path_taken":["M","?","M","M","M","R","M","E","T","R","?","E","R","E","R","BOSS"],"build_version":"2019-01-23","purchased_purges":0,"victory":false,"max_hp_per_floor":[70,70,70,70,70,70,70,70,70,70,70,77,77,77,77,77],"card_choices":[{"not_picked":["Finisher","Flying Knee"],"picked":"Acrobatics","floor":1},{"not_picked":["Flying Knee","Distraction"],"picked":"PiercingWail","floor":3},{"not_picked":["Terror","PiercingWail"],"picked":"Catalyst","floor":4},{"not_picked":["Underhanded Strike","Expertise"],"picked":"Blade Dance","floor":5},{"not_picked":["Cloak And Dagger","Bane"],"picked":"Poisoned Stab","floor":7},{"not_picked":["Backflip","Infinite Blades"],"picked":"Deadly Poison","floor":8},{"not_picked":["Accuracy","Quick Slash"],"picked":"Die Die Die","floor":12},{"not_picked":["Underhanded Strike","Skewer","Blade Dance"],"picked":"SKIP","floor":14},{"not_picked":["Underhanded Strike","Skewer","Blade Dance"],"picked":"SKIP","floor":14}],"player_experience":664309,"relics_obtained":[{"floor":8,"key":"Incense Burner"},{"floor":9,"key":"Whetstone"},{"floor":12,"key":"Strawberry"},{"floor":14,"key":"Bottled Lightning"}],"event_choices":[{"damage_healed":0,"gold_gain":75,"player_choice":"Gather Gold","damage_taken":11,"max_hp_gain":0,"max_hp_loss":0,"event_name":"World of Goop","floor":2,"gold_loss":0},{"damage_healed":0,"gold_gain":0,"player_choice":"Bought 3 Potions","damage_taken":0,"max_hp_gain":0,"max_hp_loss":0,"event_name":"The Woman in Blue","floor":11,"gold_loss":0}],"is_beta":false,"boss_relics":[],"items_purged_floors":[],"is_endless":false,"potions_floor_spawned":[1,5],"killed_by":"Slime Boss","ascension_level":8}