{"path_per_floor":["M","M","M","M","M","R","E","M","T","M","M","$","M","E","R","B",null,"M","?","M","M","?","R","M","?","T","?","$","?","T","M","R","B",null,"M","?","M","M","?","M","R","?","T","?","M","R","?","M","R","B"],"character_chosen":"IRONCLAD","items_purchased":["Double Tap","Ornamental Fan","Kunai","Flex"],"gold_per_floor":[118,128,141,161,177,177,206,222,247,266,280,50,62,87,87,187,217,230,230,245,259,259,259,277,277,577,577,11,11,34,47,47,149,149,160,160,173,188,188,200,200,200,226,226,240,240,240,253,253,253],"floor_reached":51,"campfire_rested":2,"playtime":6809,"current_hp_per_floor":[80,80,78,76,72,72,75,77,77,80,77,77,60,49,49,49,85,85,85,71,61,61,61,69,53,53,53,53,53,53,61,61,11,85,85,85,81,37,85,52,52,52,52,52,55,80,80,52,77,8],"items_purged":["Defend_R"],"gold":253,"score":517,"play_id":"7aa6b0a1-fcaa-4276-a60d-4af7054ff027","is_prod":false,"is_daily":false,"is_ascension_mode":false,"campfire_upgraded":5,"path_taken":["M","M","M","?","M","R","E","M","T","M","M","$","M","E","R","BOSS","M","?","M","M","?","R","M","?","T","?","$","?","?","M","R","BOSS","M","?","M","M","?","M","R","?","T","?","M","R","?","M","R","BOSS"],"build_version":"2018-02-15-PROD1","purchased_purges":1,"victory":true,"master_deck":["Strike_R+1","Strike_R+1","Strike_R+1","Defend_R+1","Defend_R+1","Defend_R+1","Bash","Dropkick","Pommel Strike+1","Seeing Red","Seeing Red","Double Tap+1","Seeing Red","Flex","Cleave","Clash","Double Tap","Uppercut+1","Heavy Blade","Limit Break+1","Clothesline","Rupture","Spot Weakness+1","Cleave+1","Pommel Strike","Necronomicurse","Flex","Headbutt+1","Limit Break+1","Clash+1","Clash+1","Seeing Red+1","Offering","Thunderclap+1","Bloodletting+1","Headbutt+1","Cleave+1","Intimidate+1","Dropkick","Clash","Rupture+1"],"max_hp_per_floor":[80,80,80,80,80,80,80,80,80,80,80,80,80,80,80,80,85,85,85,85,85,85,85,85,85,85,85,85,85,85,85,85,85,85,85,85,85,85,85,85,85,85,85,85,85,85,85,85,85,85],"relics":["Burning Blood","Blood Vial","Juzu Bracelet","Lantern","Tiny House","Necronomicon","Old Coin","Ornamental Fan","Kunai","Pen Nib","Orrery","Dream Catcher"],"card_choices":[{"not_picked":["Sword Boomerang","Combust"],"picked":"Rage"},{"not_picked":["Flex","Clothesline"],"picked":"Pommel Strike"},{"not_picked":["Feel No Pain","Perfected Strike"],"picked":"Seeing Red"},{"not_picked":["Metallicize","Flex"],"picked":"Seeing Red"},{"not_picked":["Clothesline","Burning Pact"],"picked":"Double Tap"},{"not_picked":["Reckless Charge","Pummel"],"picked":"Seeing Red"},{"not_picked":["Thunderclap","Iron Wave"],"picked":"Flex"},{"not_picked":["Rage","Shrug It Off"],"picked":"Cleave"},{"not_picked":["Combust","Shrug It Off"],"picked":"Clash"},{"not_picked":["Feel No Pain","Clothesline"],"picked":"Uppercut"},{"not_picked":["Clothesline","Shockwave"],"picked":"Heavy Blade"},{"not_picked":["Immolate","Reaper"],"picked":"Limit Break"},{"not_picked":["Wild Strike","Shrug It Off"],"picked":"Clothesline"},{"not_picked":["Flex","Armaments"],"picked":"Rupture"},{"not_picked":["Armaments","Dropkick"],"picked":"Spot Weakness"},{"not_picked":["Sword Boomerang","Pommel Strike"],"picked":"Cleave"},{"not_picked":["Shockwave","Evolve"],"picked":"Pommel Strike"},{"not_picked":["Twin Strike","Anger"],"picked":"Headbutt"},{"not_picked":["Dark Embrace","Bludgeon"],"picked":"Limit Break"},{"not_picked":["Second Wind","Thunderclap"],"picked":"Clash"},{"not_picked":["Flex","Wild Strike"],"picked":"Clash"},{"not_picked":["Second Wind","Body Slam"],"picked":"Seeing Red"},{"not_picked":["Armaments","Twin Strike"],"picked":"Thunderclap"},{"not_picked":["Clothesline","Dropkick"],"picked":"Offering"},{"not_picked":["Armaments","Wild Strike"],"picked":"Thunderclap"},{"not_picked":["Disarm","Armaments"],"picked":"Bloodletting"},{"not_picked":["Anger","Body Slam"],"picked":"Headbutt"},{"not_picked":["Perfected Strike","Pummel"],"picked":"Cleave"},{"not_picked":["Perfected Strike","Immolate"],"picked":"Intimidate"},{"not_picked":["Iron Wave","Evolve"],"picked":"Dropkick"},{"not_picked":["Thunderclap","Cleave"],"picked":"Clash"},{"not_picked":["Clothesline","Hemokinesis"],"picked":"Rupture"}],"player_experience":41849,"potions_floor_usage":[16,18,21,24,24,31,33,33,50,50,50],"damage_taken":[{"damage":1,"enemies":"Cultist","floor":1,"turns":3},{"damage":2,"enemies":"Small Slimes","floor":2,"turns":4},{"damage":8,"enemies":"Jaw Worm","floor":3,"turns":5},{"damage":8,"enemies":"Large Slime","floor":4,"turns":5},{"damage":10,"enemies":"3 Louse","floor":5,"turns":3},{"damage":3,"enemies":"Gremlin Nob","floor":7,"turns":3},{"damage":6,"enemies":"2 Fungi Beasts","floor":8,"turns":4},{"damage":0,"enemies":"Large Slime","floor":10,"turns":5},{"damage":9,"enemies":"Blue Slaver","floor":11,"turns":3},{"damage":25,"enemies":"Exordium Wildlife","floor":13,"turns":4},{"damage":19,"enemies":"3 Sentries","floor":14,"turns":5},{"damage":8,"enemies":"Slime Boss","floor":16,"turns":8},{"damage":0,"enemies":"Spheric Guardian","floor":18,"turns":3},{"damage":20,"enemies":"Shell Parasite","floor":20,"turns":5},{"damage":18,"enemies":"Snake Plant","floor":21,"turns":5},{"damage":0,"enemies":"Centurion and Healer","floor":24,"turns":4},{"damage":0,"enemies":"Snecko","floor":31,"turns":1},{"damage":73,"enemies":"Automaton","floor":33,"turns":7},{"damage":0,"enemies":"3 Darklings","floor":35,"turns":2},{"damage":10,"enemies":"Orb Walker","floor":37,"turns":2},{"damage":52,"enemies":"4 Shapes","floor":38,"turns":3},{"damage":39,"enemies":"Maw","floor":40,"turns":7},{"damage":5,"enemies":"Sphere and 2 Shapes","floor":45,"turns":3},{"damage":36,"enemies":"4 Shapes","floor":48,"turns":4},{"damage":77,"enemies":"Time Eater","floor":50,"turns":6}],"event_choices":[{"event_name":"Back to Basics","player_choice":"Simplicity","floor":19,"damage_taken":0},{"event_name":"Vampires","player_choice":"Ignored","floor":22,"damage_taken":0},{"event_name":"Cursed Tome","player_choice":"Obtained Book","floor":25,"damage_taken":0},{"event_name":"Purifier","player_choice":"One Purge","floor":27,"damage_taken":0},{"event_name":"Drug Dealer","player_choice":"Ignored","floor":29,"damage_taken":0},{"event_name":"Purifier","player_choice":"One Purge","floor":36,"damage_taken":0},{"event_name":"Wheel of Change","player_choice":"Full Heal","floor":39,"damage_taken":0},{"event_name":"Tomb of Lord Red Mask","player_choice":"Ignored","floor":42,"damage_taken":0},{"event_name":"Mysterious Sphere","player_choice":"Ignore","floor":47,"damage_taken":0}],"boss_relics":[{"not_picked":["Ectoplasm","Eternal Feather"],"picked":"Tiny House"},{"not_picked":["Black Blood","Black Star"],"picked":"Orrery"}],"potions_floor_spawned":[2,4,5,7,13,14,16,20,21,24,31,35,38,40,45],"seed_played":"-2214686849170600444","ascension_level":0,"is_trial":false}