{"gold_per_floor":[118,41,41,54,79,117,117,138,138,138,138,138,161,175,175,294,294,312,222],"floor_reached":19,"playtime":833,"items_purged":[],"score":219,"play_id":"4ab9c494-c7c7-4cf0-a83e-73857047809b","local_time":"20190405232455","is_ascension_mode":false,"campfire_choices":[{"data":"Zap","floor":7,"key":"SMITH"},{"data":"Genetic Algorithm","floor":10,"key":"SMITH"},{"data":"Hologram","floor":12,"key":"SMITH"},{"data":"Genetic Algorithm","floor":15,"key":"SMITH"}],"neow_cost":"NONE","seed_source_timestamp":261176404953579,"circlet_count":0,"master_deck":["Strike_B","Defend_B","Defend_B","Defend_B","Defend_B","Zap+1","Dualcast","Madness","Leap","Genetic Algorithm+1","Genetic Algorithm+1","Hologram+1","Conserve Battery","Coolheaded","Seek","Go for the Eyes"],"relics":["Cracked Core","Golden Idol","Centennial Puzzle","Oddly Smooth Stone","Empty Cage"],"potions_floor_usage":[6,16],"damage_taken":[{"damage":2,"enemies":"2 Louse","floor":1,"turns":2},{"damage":1,"enemies":"Cultist","floor":4,"turns":4},{"damage":2,"enemies":"Jaw Worm","floor":5,"turns":4},{"damage":7,"enemies":"Lagavulin","floor":6,"turns":7},{"damage":3,"enemies":"2 Fungi Beasts","floor":8,"turns":5},{"damage":0,"enemies":"Looter","floor":13,"turns":4},{"damage":1,"enemies":"Large Slime","floor":14,"turns":5},{"damage":0,"enemies":"The Guardian","floor":16,"turns":12},{"damage":6,"enemies":"Spheric Guardian","floor":18,"turns":8},{"damage":0,"enemies":"2 Thieves","floor":19,"turns":4}],"seed_played":"-6255612208883506571","potions_obtained":[{"floor":1,"key":"FocusPotion"},{"floor":4,"key":"FocusPotion"},{"floor":8,"key":"SpeedPotion"},{"floor":14,"key":"SkillPotion"}],"is_trial":false,"path_per_floor":["M","$","?","M","M","E","R","M","T","R","?","R","M","M","R","B",null,"M","M"],"character_chosen":"DEFECT","items_purchased":["Genetic Algorithm"],"campfire_rested":0,"item_purchase_floors":[2],"current_hp_per_floor":[73,73,55,54,52,45,45,42,42,42,42,42,42,41,41,41,75,69,69],"gold":222,"neow_bonus":"RANDOM_COLORLESS","is_prod":false,"is_daily":false,"chose_seed":false,"campfire_upgraded":4,"win_rate":0,"timestamp":1554477895,"path_taken":["M","$","?","M","M","E","R","M","T","R","?","R","?","M","R","BOSS","M","M"],"build_version":"2019-01-23","purchased_purges":0,"victory":false,"max_hp_per_floor":[75,75,75,75,75,75,75,75,75,75,75,75,75,75,75,75,75,75,75],"card_choices":[{"not_picked":["Streamline","Rebound"],"picked":"Leap","floor":1},{"not_picked":["Sweeping Beam","Static Discharge"],"picked":"Genetic Algorithm","floor":4},{"not_picked":["Beam Cell","Gash"],"picked":"Hologram","floor":5},{"not_picked":["Cold Snap","Barrage"],"picked":"Conserve Battery","floor":6},{"not_picked":["Chaos","Blizzard","Streamline"],"picked":"SKIP","floor":8},{"not_picked":["Lockon","Streamline"],"picked":"Coolheaded","floor":13},{"not_picked":["Heatsinks","Streamline","Genetic Algorithm"],"picked":"SKIP","floor":14},{"not_picked":["All For One","Amplify"],"picked":"Seek","floor":16},{"not_picked":["Scrape","Gash"],"picked":"Go for the Eyes","floor":18}],"player_experience":917770,"relics_obtained":[{"floor":6,"key":"Centennial Puzzle"},{"floor":9,"key":"Oddly Smooth Stone"}],"event_choices":[{"damage_healed":0,"gold_gain":0,"player_choice":"Take Damage","damage_taken":18,"relics_obtained":["Golden Idol"],"max_hp_gain":0,"max_hp_loss":0,"event_name":"Golden Idol","floor":3,"gold_loss":0},{"cards_removed":["Strike_B"],"damage_healed":0,"gold_gain":0,"player_choice":"Card Removal","damage_taken":0,"max_hp_gain":0,"max_hp_loss":0,"event_name":"Wheel of Change","floor":11,"gold_loss":0}],"is_beta":false,"boss_relics":[{"not_picked":["Pandora\u0027s Box","Sozu"],"picked":"Empty Cage"}],"items_purged_floors":[],"is_endless":false,"potions_floor_spawned":[1,4,8,14],"killed_by":"2 Thieves","ascension_level":0}