{"gold_per_floor":[112,131,131,144,158,158,57,57,135,135,148,167,167,184,184,287,287,305,316,331,256,272,272,272,283,283,283],"floor_reached":27,"playtime":873,"items_purged":["Strike_B"],"score":209,"play_id":"270083e3-b8b1-4b96-a35d-8f0c92f73075","local_time":"20190415212624","is_ascension_mode":false,"campfire_choices":[{"data":"Sunder","floor":6,"key":"SMITH"},{"data":"Beam Cell","floor":10,"key":"SMITH"},{"data":"Zap","floor":13,"key":"SMITH"},{"data":"Redo","floor":15,"key":"SMITH"},{"floor":23,"key":"REST"}],"neow_cost":"NONE","seed_source_timestamp":218415227742295,"circlet_count":0,"master_deck":["Strike_B","Defend_B","Defend_B","Defend_B","Defend_B","Zap+1","Dualcast","Conserve Battery","Beam Cell+1","Sunder+1","Loop","Redo+1","Go for the Eyes","Coolheaded","Melter","Seek","Turbo","Double Energy","Beam Cell","FTL","Streamline"],"relics":["Cracked Core"],"potions_floor_usage":[12,19,19],"damage_taken":[{"damage":0,"enemies":"Small Slimes","floor":1,"turns":3},{"damage":0,"enemies":"2 Louse","floor":2,"turns":2},{"damage":0,"enemies":"Jaw Worm","floor":4,"turns":2},{"damage":10,"enemies":"Looter","floor":5,"turns":2},{"damage":0,"enemies":"Blue Slaver","floor":11,"turns":1},{"damage":1,"enemies":"Lots of Slimes","floor":12,"turns":4},{"damage":0,"enemies":"2 Fungi Beasts","floor":14,"turns":2},{"damage":32,"enemies":"The Guardian","floor":16,"turns":9},{"damage":8,"enemies":"Spheric Guardian","floor":18,"turns":3},{"damage":0,"enemies":"2 Thieves","floor":19,"turns":3},{"damage":23,"enemies":"3 Cultists","floor":20,"turns":6},{"damage":33,"enemies":"Snecko","floor":22,"turns":6},{"damage":8,"enemies":"Sentry and Sphere","floor":25,"turns":3},{"damage":6,"enemies":"Cultist and Chosen","floor":27,"turns":4}],"seed_played":"299442593293061774","potions_obtained":[{"floor":2,"key":"Ancient Potion"},{"floor":4,"key":"SkillPotion"},{"floor":5,"key":"EssenceOfSteel"},{"floor":12,"key":"Swift Potion"},{"floor":18,"key":"Energy Potion"},{"floor":25,"key":"Fire Potion"}],"is_trial":false,"path_per_floor":["M","M","$","M","M","R","$","?","T","R","M","M","R","M","R","B",null,"M","M","M","?","M","R","?","M","T","M"],"character_chosen":"DEFECT","items_purchased":["Redo"],"campfire_rested":1,"item_purchase_floors":[7],"current_hp_per_floor":[75,75,75,75,65,65,65,65,65,65,65,64,64,64,64,32,75,67,67,44,44,11,33,33,25,25,19],"gold":283,"neow_bonus":"REMOVE_CARD","is_prod":false,"is_daily":false,"chose_seed":false,"campfire_upgraded":4,"win_rate":0,"timestamp":1555334784,"path_taken":["M","M","$","M","M","R","$","?","T","R","M","M","R","M","R","BOSS","M","M","M","?","M","R","?","M","T","M"],"build_version":"2019-01-23","purchased_purges":1,"victory":false,"max_hp_per_floor":[75,75,75,75,75,75,75,75,75,75,75,75,75,75,75,75,75,75,75,75,75,75,75,75,75,75,75],"card_choices":[{"not_picked":["Leap","Ball Lightning"],"picked":"Conserve Battery","floor":1},{"not_picked":["Gash","Consume"],"picked":"Beam Cell","floor":2},{"not_picked":["Steam","Redo"],"picked":"Sunder","floor":4},{"not_picked":["Scrape","Auto Shields"],"picked":"Loop","floor":5},{"not_picked":["Darkness","Biased Cognition"],"picked":"Go for the Eyes","floor":11},{"not_picked":["Ball Lightning","Stack"],"picked":"Coolheaded","floor":12},{"not_picked":["Streamline","Ball Lightning"],"picked":"Melter","floor":14},{"not_picked":["Meteor Strike","Rainbow"],"picked":"Seek","floor":16},{"not_picked":["Skim","Glacier"],"picked":"Turbo","floor":18},{"not_picked":["Barrage","Redo"],"picked":"Double Energy","floor":19},{"not_picked":["Conserve Battery","Rip and Tear+1"],"picked":"Beam Cell","floor":20},{"not_picked":["Go for the Eyes","Steam"],"picked":"FTL","floor":22},{"not_picked":["Steam","Hello World+1"],"picked":"Streamline","floor":25}],"player_experience":973786,"relics_obtained":[],"event_choices":[{"damage_healed":0,"gold_gain":0,"player_choice":"Ignored","damage_taken":0,"max_hp_gain":0,"max_hp_loss":0,"event_name":"Golden Idol","floor":8,"gold_loss":0},{"cards_removed":["Strike_B"],"damage_healed":0,"gold_gain":0,"player_choice":"Gave Gold","damage_taken":0,"max_hp_gain":0,"max_hp_loss":0,"event_name":"Beggar","floor":21,"gold_loss":75},{"damage_healed":0,"gold_gain":0,"player_choice":"Ignored","damage_taken":0,"max_hp_gain":0,"max_hp_loss":0,"event_name":"Ghosts","floor":24,"gold_loss":0}],"is_beta":false,"boss_relics":[{"not_picked":["Pandora\u0027s Box","Orrery","Tiny House"]}],"items_purged_floors":[7],"is_endless":false,"potions_floor_spawned":[2,4,5,12,18,25],"killed_by":"Cultist and Chosen","ascension_level":0}