{"path_per_floor":["M","M","M","?","$","E","R","E","T","R","$","M","?","$","R","B",null,"M","$","M","?","?","R","?","$","T","R","M","?","?","M","R"],"character_chosen":"IRONCLAD","items_purchased":["Shrug It Off","Armaments"],"gold_per_floor":[111,123,137,137,14,39,39,70,70,70,48,66,16,16,16,121,121,136,36,48,48,48,48,48,48,48,48,65,65,15,30,30,30],"floor_reached":33,"campfire_rested":3,"playtime":1069,"current_hp_per_floor":[80,80,76,81,81,63,63,43,43,43,43,42,42,42,67,43,85,68,68,62,62,46,46,30,30,30,57,32,32,32,27,45,0],"items_purged":["Strike_R","Doubt"],"gold":30,"score":277,"play_id":"1082f6d2-5f69-4e4b-975b-2995c621db1f","local_time":"20180326000253","is_prod":false,"is_daily":false,"is_ascension_mode":false,"campfire_upgraded":3,"timestamp":1521993773,"path_taken":["M","M","M","?","$","E","R","E","T","R","$","M","?","?","R","BOSS","M","$","M","?","?","R","?","$","T","R","M","?","?","M","R","BOSS"],"build_version":"2018-03-22v2","purchased_purges":2,"victory":false,"master_deck":["Defend_R","Defend_R","Defend_R","Defend_R+1","Bash+1","Twin Strike+1","Intimidate+1","Headbutt","Shrug It Off+1","Spot Weakness","Armaments+1","Headbutt","Bludgeon","Parasite","Regret","Whirlwind+1","Bloodletting","Iron Wave","Bite","Bite","Bite","Bite","Bite","Spot Weakness"],"max_hp_per_floor":[80,80,80,85,85,85,85,85,85,85,85,85,85,85,85,85,85,85,85,85,85,90,90,90,90,90,90,90,63,63,63,63,63],"relics":["Burning Blood","Bag of Marbles","Sundial","Bird Faced Urn","Calling Bell","Gambling Chip","Juzu Bracelet","War Paint","Nilry\u0027s Codex","Pen Nib"],"card_choices":[{"not_picked":["Blood for Blood","Infernal Blade"],"picked":"Twin Strike","floor":1},{"not_picked":["Carnage","Clash"],"picked":"Intimidate","floor":2},{"not_picked":["Twin Strike","Anger"],"picked":"Headbutt","floor":3},{"not_picked":["Immolate","Burning Pact"],"picked":"Spot Weakness","floor":8},{"not_picked":["Corruption","Armaments"],"picked":"Headbutt","floor":12},{"not_picked":["Juggernaut","Brutality"],"picked":"Bludgeon","floor":16},{"not_picked":["Combust","Shrug It Off"],"picked":"Whirlwind","floor":18},{"not_picked":["Headbutt","Wild Strike"],"picked":"Iron Wave","floor":28},{"not_picked":["Cleave","Reckless Charge"],"picked":"Spot Weakness","floor":31}],"player_experience":375443,"potions_floor_usage":[33],"damage_taken":[{"damage":0,"enemies":"Small Slimes","floor":1,"turns":3},{"damage":6,"enemies":"Jaw Worm","floor":2,"turns":3},{"damage":10,"enemies":"2 Louse","floor":3,"turns":3},{"damage":24,"enemies":"Gremlin Nob","floor":6,"turns":5},{"damage":26,"enemies":"Lagavulin","floor":8,"turns":7},{"damage":7,"enemies":"Looter","floor":12,"turns":2},{"damage":30,"enemies":"Hexaghost","floor":16,"turns":10},{"damage":23,"enemies":"Spheric Guardian","floor":18,"turns":5},{"damage":12,"enemies":"2 Thieves","floor":20,"turns":3},{"damage":31,"enemies":"Centurion and Healer","floor":28,"turns":5},{"damage":17,"enemies":"Snake Plant","floor":31,"turns":5},{"damage":71,"enemies":"Champ","floor":33,"turns":8}],"event_choices":[{"event_name":"Big Fish","player_choice":"Donut","floor":4,"damage_taken":0},{"event_name":"The Cleric","player_choice":"Card Removal","floor":13,"damage_taken":0},{"event_name":"The Library","player_choice":"Read","floor":21,"damage_taken":0},{"event_name":"Forgotten Altar","player_choice":"Shed Blood","floor":22,"damage_taken":0},{"event_name":"Cursed Tome","player_choice":"Obtained Book","floor":24,"damage_taken":0},{"event_name":"Vampires","player_choice":"Became a vampire","floor":29,"damage_taken":0},{"event_name":"The Joust","player_choice":"Bet on Owner","floor":30,"damage_taken":0}],"boss_relics":[{"not_picked":["Black Star","Runic Cube"],"picked":"Calling Bell"}],"potions_floor_spawned":[3,8],"seed_played":"3309566138098037354","killed_by":"Champ","ascension_level":0,"is_trial":false}