{"gold_per_floor":[114,132,145,165,175,175,207,207,207,108,121,141,141,141,141,266,266,285,16,16,37,137,137,152,152,152,52,75,88,104,104,104,225,225,245,245,263,263,263,263],"floor_reached":40,"playtime":1790,"items_purged":["Strike_B","Strike_B"],"score":390,"play_id":"4b0d1637-9f9b-4cb7-96d8-83757e9bb166","local_time":"20190318000308","is_ascension_mode":false,"campfire_choices":[{"data":"Turbo","floor":6,"key":"SMITH"},{"data":"Echo Form","floor":8,"key":"SMITH"},{"data":"White Noise","floor":13,"key":"SMITH"},{"data":"Conserve Battery","floor":15,"key":"SMITH"},{"data":"Go for the Eyes","floor":23,"key":"SMITH"},{"data":"Multi-Cast","floor":25,"key":"SMITH"},{"floor":32,"key":"REST"}],"neow_cost":"NONE","seed_source_timestamp":1933295007637012,"circlet_count":0,"master_deck":["Strike_B","Strike_B","Defend_B","Defend_B","Defend_B","Defend_B","Zap+1","Dualcast","Doom and Gloom","Leap","Echo Form+1","Leap","Turbo+1","White Noise+1","Conserve Battery+1","Ball Lightning","Go for the Eyes+1","Injury","Multi-Cast+1","Undo+1","Sunder+1","Barrage+1","Steam+1","Force Field+1","Go for the Eyes+1","Necronomicurse","Creative AI","Conserve Battery+1","Streamline+1","Madness","Madness"],"relics":["Cracked Core","Dodecahedron","Matryoshka","Golden Idol","Nuclear Battery","ClockworkSouvenir","Boot","Necronomicon","Runic Pyramid"],"potions_floor_usage":[7,12,33,33],"damage_taken":[{"damage":0,"enemies":"Small Slimes","floor":1,"turns":2},{"damage":1,"enemies":"Cultist","floor":2,"turns":4},{"damage":2,"enemies":"Jaw Worm","floor":3,"turns":3},{"damage":3,"enemies":"Red Slaver","floor":4,"turns":3},{"damage":6,"enemies":"Lots of Slimes","floor":5,"turns":3},{"damage":16,"enemies":"Gremlin Nob","floor":7,"turns":4},{"damage":2,"enemies":"Blue Slaver","floor":11,"turns":4},{"damage":8,"enemies":"Exordium Thugs","floor":12,"turns":4},{"damage":25,"enemies":"The Guardian","floor":16,"turns":10},{"damage":5,"enemies":"Spheric Guardian","floor":18,"turns":4},{"damage":6,"enemies":"Chosen","floor":21,"turns":5},{"damage":19,"enemies":"Snake Plant","floor":24,"turns":3},{"damage":0,"enemies":"Snecko","floor":28,"turns":4},{"damage":2,"enemies":"Cultist and Chosen","floor":29,"turns":5},{"damage":6,"enemies":"Centurion and Healer","floor":30,"turns":8},{"damage":20,"enemies":"Collector","floor":33,"turns":9},{"damage":11,"enemies":"Orb Walker","floor":35,"turns":5},{"damage":0,"enemies":"3 Darklings","floor":37,"turns":8},{"damage":59,"enemies":"Reptomancer","floor":40,"turns":3}],"seed_played":"-8583828782778033176","potions_obtained":[{"floor":3,"key":"AttackPotion"},{"floor":7,"key":"AttackPotion"},{"floor":11,"key":"AttackPotion"},{"floor":21,"key":"Block Potion"},{"floor":24,"key":"SmokeBomb"},{"floor":37,"key":"FocusPotion"}],"is_trial":false,"path_per_floor":["M","M","M","M","M","R","E","R","T","$","M","M","R","?","R","B",null,"M","$","?","M","?","R","M","R","T","$","M","M","M","?","R","B",null,"M","?","M","?","?","E"],"character_chosen":"DEFECT","items_purchased":["Conserve Battery","ClockworkSouvenir","Sunder"],"campfire_rested":1,"item_purchase_floors":[10,19,19],"current_hp_per_floor":[75,74,72,69,63,63,47,47,47,47,45,37,37,37,37,12,75,70,70,70,64,64,64,45,45,45,45,45,43,37,21,43,23,75,64,64,64,55,55,0],"gold":263,"neow_bonus":"UPGRADE_CARD","is_prod":false,"is_daily":false,"chose_seed":false,"campfire_upgraded":6,"win_rate":0,"timestamp":1552838588,"path_taken":["M","M","M","M","M","R","E","R","T","$","M","M","R","?","R","BOSS","M","$","?","?","?","R","?","R","T","?","M","M","M","?","R","BOSS","M","?","M","?","?","E"],"build_version":"2019-01-23","purchased_purges":2,"victory":false,"max_hp_per_floor":[75,75,75,75,75,75,75,75,75,75,75,75,75,75,75,75,75,75,75,75,75,75,75,75,75,75,75,75,75,75,75,75,75,75,75,75,75,75,75,75],"card_choices":[{"not_picked":["Leap","Recycle"],"picked":"Doom and Gloom","floor":1},{"not_picked":["Barrage","Undo"],"picked":"Leap","floor":2},{"not_picked":["Cold Snap","Leap"],"picked":"Echo Form","floor":3},{"not_picked":["Redo","Rebound"],"picked":"Leap","floor":4},{"not_picked":["Undo","FTL"],"picked":"Turbo","floor":5},{"not_picked":["Hologram","Fission"],"picked":"White Noise","floor":7},{"not_picked":["Coolheaded","Redo"],"picked":"Ball Lightning","floor":11},{"not_picked":["Beam Cell","Leap"],"picked":"Go for the Eyes","floor":12},{"not_picked":["Creative AI","Reboot"],"picked":"Multi-Cast","floor":16},{"not_picked":["FTL","Stack+1"],"picked":"Undo+1","floor":18},{"not_picked":["Loop","Compile Driver"],"picked":"Barrage+1","floor":21},{"not_picked":["Ball Lightning","Leap"],"picked":"Steam+1","floor":24},{"not_picked":["Barrage","FTL"],"picked":"Cold Snap","floor":28},{"not_picked":["Thunder Strike","Skim"],"picked":"Force Field+1","floor":29},{"not_picked":["Coolheaded","Fusion"],"picked":"Go for the Eyes+1","floor":30},{"not_picked":["Thunder Strike","Core Surge"],"picked":"Creative AI","floor":33},{"not_picked":["Go for the Eyes+1","Cold Snap+1"],"picked":"Conserve Battery+1","floor":35},{"not_picked":["Steam+1","Skim"],"picked":"Streamline+1","floor":37}],"player_experience":869498,"relics_obtained":[{"floor":7,"key":"Dodecahedron"},{"floor":9,"key":"Matryoshka"},{"floor":26,"key":"Boot"},{"floor":31,"key":"Necronomicon"}],"event_choices":[{"damage_healed":0,"gold_gain":0,"player_choice":"Take Wound","damage_taken":0,"relics_obtained":["Golden Idol"],"max_hp_gain":0,"max_hp_loss":0,"event_name":"Golden Idol","floor":14,"gold_loss":0,"cards_obtained":["Injury"]},{"damage_healed":0,"gold_gain":0,"player_choice":"Forge","damage_taken":0,"max_hp_gain":0,"max_hp_loss":0,"event_name":"Accursed Blacksmith","floor":20,"gold_loss":0,"cards_upgraded":["Sunder"]},{"damage_healed":0,"gold_gain":100,"player_choice":"Pray","damage_taken":0,"max_hp_gain":0,"max_hp_loss":0,"event_name":"Golden Shrine","floor":22,"gold_loss":0},{"damage_healed":0,"gold_gain":0,"player_choice":"Obtained Book","damage_taken":16,"max_hp_gain":0,"max_hp_loss":0,"event_name":"Cursed Tome","floor":31,"gold_loss":0},{"damage_healed":0,"gold_gain":0,"player_choice":"Ignored","damage_taken":0,"max_hp_gain":0,"max_hp_loss":0,"event_name":"Mysterious Sphere","floor":36,"gold_loss":0},{"damage_healed":0,"gold_gain":0,"player_choice":"Embrace Madness","damage_taken":9,"max_hp_gain":0,"max_hp_loss":0,"event_name":"Winding Halls","floor":38,"gold_loss":0,"cards_obtained":["Madness","Madness"]},{"cards_removed":["Cold Snap"],"damage_healed":0,"gold_gain":0,"player_choice":"Removed Attack","damage_taken":0,"max_hp_gain":0,"max_hp_loss":0,"event_name":"Falling","floor":39,"gold_loss":0}],"is_beta":false,"boss_relics":[{"not_picked":["White Beast Statue","Snecko Eye"],"picked":"Nuclear Battery"},{"not_picked":["Philosopher\u0027s Stone","Velvet Choker"],"picked":"Runic Pyramid"}],"items_purged_floors":[10,27],"is_endless":false,"potions_floor_spawned":[3,7,11,21,24,30,37],"killed_by":"Reptomancer","ascension_level":0}