{"path_per_floor":["M","M","M","$","M","R","E","?","T","T","M","R","M","$","R","B",null,"M","?","$","?","?","R","M","R","T","M","?","M","R","E","R","B",null,"M","M","$","M","?","E","R","M","T","$","M","R","M","M","R"],"character_chosen":"IRONCLAD","items_purchased":["Pommel Strike","Thinking Ahead","Flash of Steel"],"gold_per_floor":[118,130,146,23,42,42,73,73,123,123,134,134,144,44,44,145,145,159,159,159,159,74,74,84,84,84,95,95,113,113,140,140,238,238,249,264,264,280,380,413,413,427,427,2,16,16,27,46,46],"floor_reached":50,"campfire_rested":2,"playtime":2427,"current_hp_per_floor":[76,80,80,80,74,74,51,51,51,51,45,45,51,51,51,20,80,58,58,58,58,58,58,47,71,71,60,60,63,63,60,60,50,80,80,74,74,72,72,53,53,52,52,52,58,58,60,59,85],"items_purged":["Strike_R","Strike_R","Strike_R"],"gold":46,"score":494,"play_id":"161612c6-cc6c-439c-bb1f-906182586e1c","local_time":"20180317210312","is_prod":false,"is_daily":false,"is_ascension_mode":false,"campfire_upgraded":6,"timestamp":1521291792,"path_taken":["M","M","M","$","M","R","E","?","T","?","M","R","?","$","R","BOSS","M","?","$","?","?","R","?","R","T","M","?","M","R","E","R","BOSS","M","M","$","M","?","E","R","M","T","$","M","R","M","M","R","BOSS"],"build_version":"2018-03-15v2","purchased_purges":6,"victory":false,"master_deck":["Strike_R","Defend_R","Defend_R","Defend_R","Defend_R","Bash+1","Spot Weakness","Pommel Strike+1","Shrug It Off","Bloodletting+1","Cleave","Battle Trance","Sword Boomerang","Intimidate","Limit Break+1","Twin Strike","Spot Weakness","Twin Strike+1","Shrug It Off+1","Impervious","Warcry+1","Sword Boomerang+1","Shrug It Off+1","Thunderclap+1","Thinking Ahead+1","Flash of Steel","Twin Strike+1","Second Wind"],"max_hp_per_floor":[80,80,80,80,80,80,80,80,80,80,80,80,80,80,80,80,80,80,80,80,80,80,80,80,80,80,80,80,80,80,80,80,80,80,80,80,80,80,80,87,87,87,87,87,87,87,87,87,87],"relics":["Burning Blood","Vajra","Frozen Egg 2","Lantern","Shovel","Philosopher\u0027s Stone","Ancient Tea Set","Peace Pipe","Thread and Needle","Gambling Chip","Juzu Bracelet","Mark of Pain","Strawberry","Unceasing Top"],"card_choices":[{"not_picked":["Infernal Blade","Feel No Pain"],"picked":"Spot Weakness"},{"not_picked":["Sword Boomerang","Body Slam"],"picked":"Shrug It Off"},{"not_picked":["Clothesline","Combust"],"picked":"Bloodletting"},{"not_picked":["Double Tap","Perfected Strike"],"picked":"Sword Boomerang"},{"not_picked":["Flex","True Grit"],"picked":"Intimidate"},{"not_picked":["Bludgeon","Immolate"],"picked":"Limit Break"},{"not_picked":["Dropkick","Wild Strike"],"picked":"Twin Strike"},{"not_picked":["Intimidate","Inflame"],"picked":"Twin Strike"},{"not_picked":["Clash","Intimidate"],"picked":"Shrug It Off"},{"not_picked":["Immolate","Demon Form"],"picked":"Impervious"},{"not_picked":["Fire Breathing","Shrug It Off"],"picked":"Warcry"},{"not_picked":["Flex","Twin Strike"],"picked":"Sword Boomerang"},{"not_picked":["Clothesline","Perfected Strike"],"picked":"Shrug It Off"},{"not_picked":["Anger","Flex"],"picked":"Thunderclap"},{"not_picked":["Perfected Strike","Disarm"],"picked":"Twin Strike"},{"not_picked":["Warcry","Sword Boomerang"],"picked":"Second Wind"}],"player_experience":326707,"potions_floor_usage":[18,29,33,50,50,50],"damage_taken":[{"damage":10,"enemies":"Jaw Worm","floor":1,"turns":4},{"damage":1,"enemies":"Cultist","floor":2,"turns":3},{"damage":3,"enemies":"Small Slimes","floor":3,"turns":3},{"damage":12,"enemies":"Exordium Wildlife","floor":5,"turns":4},{"damage":29,"enemies":"Lagavulin","floor":7,"turns":6},{"damage":12,"enemies":"2 Fungi Beasts","floor":11,"turns":3},{"damage":0,"enemies":"Lots of Slimes","floor":13,"turns":1},{"damage":37,"enemies":"The Guardian","floor":16,"turns":10},{"damage":28,"enemies":"3 Byrds","floor":18,"turns":4},{"damage":17,"enemies":"Chosen","floor":24,"turns":5},{"damage":17,"enemies":"Centurion and Healer","floor":27,"turns":3},{"damage":3,"enemies":"Cultist and Chosen","floor":29,"turns":3},{"damage":9,"enemies":"Gremlin Leader","floor":31,"turns":3},{"damage":16,"enemies":"Automaton","floor":33,"turns":6},{"damage":2,"enemies":"3 Shapes","floor":35,"turns":3},{"damage":12,"enemies":"Orb Walker","floor":36,"turns":3},{"damage":8,"enemies":"3 Darklings","floor":38,"turns":4},{"damage":32,"enemies":"Nemesis","floor":40,"turns":5},{"damage":7,"enemies":"Maw","floor":42,"turns":7},{"damage":0,"enemies":"4 Shapes","floor":45,"turns":2},{"damage":4,"enemies":"3 Darklings","floor":47,"turns":4},{"damage":7,"enemies":"Maw","floor":48,"turns":5},{"damage":88,"enemies":"Awakened One","floor":50,"turns":9}],"event_choices":[{"event_name":"Match and Keep!","player_choice":"2 cards matched","floor":8,"damage_taken":0},{"event_name":"The Woman in Blue","player_choice":"Bought 0 Potions","floor":19,"damage_taken":0},{"event_name":"Back to Basics","player_choice":"Elegance","floor":21,"damage_taken":0},{"event_name":"Addict","player_choice":"Obtained Relic","floor":22,"damage_taken":0},{"event_name":"The Library","player_choice":"Read","floor":28,"damage_taken":0},{"event_name":"Golden Shrine","player_choice":"Pray","floor":39,"damage_taken":0}],"boss_relics":[{"not_picked":["Lizard Tail","Snecko Eye"],"picked":"Philosopher\u0027s Stone"},{"not_picked":["Astrolabe","Black Star"],"picked":"Mark of Pain"}],"potions_floor_spawned":[2,11,13,27,29,31,33,36,42,47],"seed_played":"-2579979027981985711","killed_by":"Awakened One","ascension_level":0,"is_trial":false}