{"path_per_floor":["M","M","M","M","$","R","E","?","T","R","M","R","E","M","R","B",null,"M","M","M","?","$","R","?","R","T","R","$","M","$","M","R","B",null,"M","M","$","?","M","R"],"character_chosen":"IRONCLAD","items_purchased":["Ice Cream","Battle Trance","Lantern"],"gold_per_floor":[119,137,154,170,95,95,129,129,154,154,167,167,197,217,217,319,319,329,340,353,353,42,42,42,42,96,96,96,108,33,53,53,154,154,173,189,41,41,52,52],"floor_reached":41,"campfire_rested":3,"playtime":2118,"current_hp_per_floor":[88,88,86,82,82,82,61,61,61,61,59,59,39,42,83,18,88,74,43,21,21,21,62,45,45,45,87,87,66,66,65,65,14,93,87,72,72,60,61,61],"items_purged":["Strike_R"],"gold":52,"score":403,"play_id":"52b4d108-0efc-4317-831b-e1dca1f0707e","local_time":"20180317202230","is_prod":false,"is_daily":false,"is_ascension_mode":false,"campfire_upgraded":6,"timestamp":1521289350,"path_taken":["M","M","M","M","$","R","E","?","T","R","M","R","E","?","R","BOSS","M","M","M","?","$","R","?","R","T","R","?","M","$","M","R","BOSS","M","M","$","?","M","R","?"],"build_version":"2018-03-15v2","purchased_purges":1,"victory":false,"master_deck":["Defend_R","Defend_R","Defend_R","Defend_R","Bash+1","Cleave","Pommel Strike+1","Armaments+1","Iron Wave","Dual Wield","Bloodletting+1","Offering","Blood for Blood","Thunderclap","Headbutt+1","Pommel Strike+1","Headbutt","Battle Trance+1","Sentinel+1","Demon Form","Combust+1","Flame Barrier+1","Berserk+1","Seeing Red+1","Shrug It Off","Madness","Madness","Shrug It Off"],"max_hp_per_floor":[88,88,88,88,88,88,88,88,88,88,88,88,88,88,88,88,88,88,88,88,88,88,88,93,93,93,93,93,93,93,93,93,93,93,93,93,93,93,93,93],"relics":["Burning Blood","Regal Pillow","Oddly Smooth Stone","Dodecahedron","Philosopher\u0027s Stone","Ice Cream","Pen Nib","Astrolabe","Lantern"],"card_choices":[{"not_picked":["Ghostly Armor","Wild Strike"],"picked":"Cleave"},{"not_picked":["Shrug It Off","Warcry"],"picked":"Pommel Strike"},{"not_picked":["Anger","Warcry"],"picked":"Armaments"},{"not_picked":["Metallicize","Shockwave"],"picked":"Iron Wave"},{"not_picked":["Fire Breathing","Perfected Strike"],"picked":"Bloodletting"},{"not_picked":["Bludgeon","Berserk"],"picked":"Offering"},{"not_picked":["Anger","Carnage"],"picked":"Blood for Blood"},{"not_picked":["Anger","Power Through"],"picked":"Thunderclap"},{"not_picked":["Cleave","Sword Boomerang"],"picked":"Headbutt"},{"not_picked":["Disarm","Heavy Blade"],"picked":"Headbutt"},{"not_picked":["True Grit","Blood for Blood"],"picked":"Sentinel"},{"not_picked":["Juggernaut","Feed"],"picked":"Demon Form"},{"not_picked":["Flame Barrier","Flex"],"picked":"Seeing Red"},{"not_picked":["Armaments","Anger"],"picked":"Shrug It Off"},{"not_picked":["Headbutt","Hemokinesis"],"picked":"Shrug It Off"}],"player_experience":324589,"potions_floor_usage":[20,33,33],"damage_taken":[{"damage":1.0,"enemies":"Cultist","floor":1.0,"turns":4.0},{"damage":2.0,"enemies":"2 Louse","floor":2.0,"turns":3.0},{"damage":8.0,"enemies":"Jaw Worm","floor":3.0,"turns":3.0},{"damage":10.0,"enemies":"Lots of Slimes","floor":4.0,"turns":2.0},{"damage":27.0,"enemies":"Gremlin Nob","floor":7.0,"turns":4.0},{"damage":8.0,"enemies":"3 Louse","floor":11.0,"turns":2.0},{"damage":26.0,"enemies":"Lagavulin","floor":13.0,"turns":7.0},{"damage":3.0,"enemies":"Exordium Wildlife","floor":14.0,"turns":4.0},{"damage":71.0,"enemies":"Slime Boss","floor":16.0,"turns":12.0},{"damage":20.0,"enemies":"Spheric Guardian","floor":18.0,"turns":4.0},{"damage":37.0,"enemies":"2 Thieves","floor":19.0,"turns":4.0},{"damage":34,"enemies":"Snake Plant","floor":20,"turns":3},{"damage":27,"enemies":"Sentry and Sphere","floor":29,"turns":4},{"damage":7,"enemies":"Cultist and Chosen","floor":31,"turns":4},{"damage":57,"enemies":"Champ","floor":33,"turns":9},{"damage":12,"enemies":"3 Shapes","floor":35,"turns":6},{"damage":21,"enemies":"Orb Walker","floor":36,"turns":4},{"damage":5,"enemies":"4 Shapes","floor":39,"turns":6},{"damage":69,"enemies":"…Ò√ÿ‘≤«Ú","floor":41,"turns":4}],"event_choices":[{"event_name":"Living Wall","player_choice":"Change","floor":8.0,"damage_taken":0.0},{"event_name":"The Library","player_choice":"Read","floor":21,"damage_taken":0},{"event_name":"Forgotten Altar","player_choice":"Shed Blood","floor":24,"damage_taken":0},{"event_name":"Winding Halls","player_choice":"Embrace Madness","floor":38,"damage_taken":0},{"event_name":"Mysterious Sphere","player_choice":"Fight","floor":41,"damage_taken":0}],"boss_relics":[{"not_picked":["Pandora\u0027s Box","Velvet Choker"],"picked":"Astrolabe"}],"potions_floor_spawned":[2,3,7,13,16,20,33,39],"seed_played":"-5654431378004552443","killed_by":"…Ò√ÿ‘≤«Ú","ascension_level":0,"is_trial":false}