{"gold_per_floor":[359,210,210,227,32,61,73,101,181,181,201,201,201,220,220,348,348,373,373,393,413,11,11,24,24,74,28,68,167,167,180,180,306,306,320,336,355,379,379,379,412,412,412,455,788,788,788,838,850,862],"floor_reached":51,"playtime":4049,"items_purged":["Defend_R"],"score":1051,"play_id":"7a8ad366-1997-49c1-8d5a-6c0c0be9c03f","local_time":"20190331221439","is_ascension_mode":true,"campfire_choices":[{"floor":10,"key":"REST"},{"data":"Flame Barrier","floor":12,"key":"SMITH"},{"floor":15,"key":"REST"},{"data":"Bash","floor":23,"key":"SMITH"},{"data":"Uppercut","floor":25,"key":"SMITH"},{"data":"Shrug It Off","floor":30,"key":"SMITH"},{"floor":32,"key":"REST"},{"floor":40,"key":"REST"},{"data":"Heavy Blade","floor":42,"key":"SMITH"},{"data":"Disarm","floor":46,"key":"SMITH"},{"data":"Impervious","floor":49,"key":"SMITH"}],"neow_cost":"TEN_PERCENT_HP_LOSS","seed_source_timestamp":210043010356061,"circlet_count":0,"master_deck":["Strike_R","Strike_R","Strike_R","Strike_R","Strike_R","Defend_R","Defend_R","Defend_R","Bash+1","Pommel Strike+1","Flame Barrier+1","Reaper","Battle Trance+1","Disarm+1","Impervious","Uppercut+1","Shrug It Off+1","Pommel Strike+1","Heavy Blade+1","Feed","Shrug It Off+1","Evolve+1","Pommel Strike+1","Enlightenment","Impervious+1","Clothesline+1"],"relics":["Burning Blood","Art of War","Sling","Pocketwatch","Ancient Tea Set","Shuriken","Snecko Eye","Enchiridion","Mummified Hand","Blood Vial","Frozen Egg 2","Sozu","PreservedInsect","Ornamental Fan","Bag of Marbles","MawBank"],"potions_floor_usage":[6,18,37,50],"damage_taken":[{"damage":7,"enemies":"Jaw Worm","floor":1,"turns":3},{"damage":0,"enemies":"Cultist","floor":4,"turns":2},{"damage":40,"enemies":"Lagavulin","floor":6,"turns":4},{"damage":3,"enemies":"2 Louse","floor":7,"turns":3},{"damage":25,"enemies":"3 Sentries","floor":8,"turns":7},{"damage":0,"enemies":"2 Fungi Beasts","floor":11,"turns":4},{"damage":0,"enemies":"Looter","floor":14,"turns":2},{"damage":20,"enemies":"The Guardian","floor":16,"turns":14},{"damage":2,"enemies":"Chosen","floor":18,"turns":6},{"damage":7,"enemies":"Shell Parasite","floor":20,"turns":4},{"damage":9,"enemies":"Centurion and Healer","floor":21,"turns":7},{"damage":0,"enemies":"Cultist and Chosen","floor":24,"turns":5},{"damage":16,"enemies":"Book of Stabbing","floor":28,"turns":4},{"damage":19,"enemies":"Snake Plant","floor":31,"turns":5},{"damage":20,"enemies":"Collector","floor":33,"turns":6},{"damage":0,"enemies":"Orb Walker","floor":35,"turns":3},{"damage":20,"enemies":"3 Darklings","floor":36,"turns":5},{"damage":35,"enemies":"Spire Growth","floor":37,"turns":5},{"damage":39,"enemies":"Sphere and 2 Shapes","floor":38,"turns":7},{"damage":0,"enemies":"Reptomancer","floor":41,"turns":6},{"damage":3,"enemies":"Giant Head","floor":44,"turns":5},{"damage":30,"enemies":"Time Eater","floor":50,"turns":9}],"seed_played":"-5116119668160700624","potions_obtained":[{"floor":1,"key":"Poison Potion"},{"floor":8,"key":"Ancient Potion"},{"floor":11,"key":"FairyPotion"},{"floor":28,"key":"EssenceOfSteel"},{"floor":31,"key":"Weak Potion"}],"is_trial":false,"path_per_floor":["M","$","?","M","$","E","M","E","T","R","M","R","?","M","R","B",null,"M","?","M","M","$","R","M","R","T","$","E","?","R","M","R","B",null,"M","M","M","M","?","R","E","R","T","E","?","R","?","T","R","B",null],"character_chosen":"IRONCLAD","items_purchased":["Art of War","Sling","Mummified Hand","Uppercut","Shrug It Off"],"campfire_rested":4,"item_purchase_floors":[2,5,22,22,27],"current_hp_per_floor":[71,71,71,72,72,38,41,22,22,43,49,49,31,37,58,44,65,72,56,59,64,64,64,72,72,72,72,62,62,62,51,72,71,72,75,75,58,30,30,54,81,81,81,81,81,81,77,77,77,60],"gold":874,"neow_bonus":"TWO_FIFTY_GOLD","is_prod":false,"is_daily":false,"chose_seed":false,"campfire_upgraded":7,"win_rate":0,"timestamp":1554088479,"path_taken":["M","$","?","?","$","E","M","E","T","R","M","R","?","M","R","BOSS","M","?","M","M","$","R","M","R","T","$","E","?","R","M","R","BOSS","M","M","M","M","?","R","E","R","T","E","?","R","?","?","R","BOSS"],"build_version":"2019-01-23","purchased_purges":1,"victory":true,"max_hp_per_floor":[72,72,72,72,72,72,72,72,72,72,72,72,72,72,72,72,72,72,72,72,72,72,72,72,72,72,72,72,72,72,72,72,72,72,75,75,78,81,81,81,81,81,81,81,81,81,77,77,77,77],"card_choices":[{"not_picked":["Fire Breathing","True Grit"],"picked":"Pommel Strike","floor":1},{"not_picked":["Body Slam","Twin Strike","Wild Strike"],"picked":"SKIP","floor":4},{"not_picked":["Anger","Twin Strike","Pummel"],"picked":"SKIP","floor":6},{"not_picked":["Cleave","Thunderclap","Uppercut"],"picked":"SKIP","floor":7},{"not_picked":["Pommel Strike","Ghostly Armor"],"picked":"Flame Barrier","floor":8},{"not_picked":["Wild Strike","Rupture","Clash"],"picked":"SKIP","floor":11},{"not_picked":["Wild Strike","True Grit","Power Through"],"picked":"SKIP","floor":14},{"not_picked":["Double Tap","Immolate"],"picked":"Reaper","floor":16},{"not_picked":["Warcry+1","Sword Boomerang"],"picked":"Battle Trance+1","floor":18},{"not_picked":["Perfected Strike","Twin Strike"],"picked":"Disarm","floor":20},{"not_picked":["Sword Boomerang","Rampage+1"],"picked":"Impervious","floor":21},{"not_picked":["Rupture","Clash","Warcry"],"picked":"SKIP","floor":24},{"not_picked":["Body Slam","Flex"],"picked":"Pommel Strike+1","floor":28},{"not_picked":["Perfected Strike","Exhume"],"picked":"Heavy Blade","floor":31},{"not_picked":["Fiend Fire","Immolate"],"picked":"Feed","floor":33},{"not_picked":["Pommel Strike","Dual Wield"],"picked":"Shrug It Off+1","floor":35},{"not_picked":["Searing Blow+1","Thunderclap+1"],"picked":"Evolve+1","floor":36},{"not_picked":["Armaments+1","Iron Wave"],"picked":"Pommel Strike+1","floor":37},{"not_picked":["Thunderclap+1","Dark Embrace+1","Iron Wave"],"picked":"SKIP","floor":38},{"not_picked":["Mind Blast","Magnetism+1"],"picked":"Enlightenment","floor":39},{"not_picked":["Iron Wave+1","Bloodletting"],"picked":"Impervious","floor":41},{"not_picked":["Dual Wield","Wild Strike+1"],"picked":"Clothesline+1","floor":44}],"player_experience":372128,"relics_obtained":[{"floor":6,"key":"Pocketwatch"},{"floor":8,"key":"Ancient Tea Set"},{"floor":9,"key":"Shuriken"},{"floor":19,"key":"Enchiridion"},{"floor":26,"key":"Blood Vial"},{"floor":28,"key":"Frozen Egg 2"},{"floor":41,"key":"PreservedInsect"},{"floor":43,"key":"Ornamental Fan"},{"floor":44,"key":"Bag of Marbles"},{"floor":48,"key":"MawBank"}],"event_choices":[{"damage_healed":0,"gold_gain":0,"player_choice":"Upgraded","damage_taken":0,"max_hp_gain":0,"max_hp_loss":0,"event_name":"Upgrade Shrine","floor":3,"gold_loss":0,"cards_upgraded":["Pommel Strike"]},{"damage_healed":0,"gold_gain":0,"player_choice":"Take Damage","damage_taken":18,"relics_obtained":["Golden Idol"],"max_hp_gain":0,"max_hp_loss":0,"event_name":"Golden Idol","floor":13,"gold_loss":0},{"damage_healed":0,"gold_gain":0,"player_choice":"Obtained Book","damage_taken":16,"max_hp_gain":0,"max_hp_loss":0,"event_name":"Cursed Tome","floor":19,"gold_loss":0},{"damage_healed":0,"gold_gain":99,"player_choice":"Stole From Cult","damage_taken":0,"max_hp_gain":0,"max_hp_loss":0,"event_name":"Nest","floor":29,"gold_loss":0},{"damage_healed":0,"gold_gain":0,"player_choice":"Memory 1","damage_taken":0,"max_hp_gain":0,"max_hp_loss":0,"event_name":"SensoryStone","floor":39,"gold_loss":0},{"damage_healed":0,"gold_gain":333,"player_choice":"Gave Idol","damage_taken":0,"max_hp_gain":0,"max_hp_loss":0,"event_name":"The Moai Head","floor":45,"relics_lost":["Golden Idol"],"gold_loss":0},{"damage_healed":0,"gold_gain":0,"player_choice":"Max HP","damage_taken":0,"max_hp_gain":0,"max_hp_loss":4,"event_name":"Winding Halls","floor":47,"gold_loss":0}],"is_beta":false,"boss_relics":[{"not_picked":["Orrery","Philosopher\u0027s Stone"],"picked":"Snecko Eye"},{"not_picked":["Astrolabe","Cursed Key"],"picked":"Sozu"}],"items_purged_floors":[22],"is_endless":false,"potions_floor_spawned":[1,8,11,28,31,33,35,36,44],"ascension_level":8}