{"path_per_floor":["M","?","$","M","?","M","R","M","T","?","$","M","?","?","R"],"character_chosen":"IRONCLAD","items_purchased":["Body Slam"],"gold_per_floor":[109,109,34,51,51,67,67,85,85,85,36,55,77,77,77,77],"floor_reached":16,"campfire_rested":0,"playtime":511,"current_hp_per_floor":[80,80,80,80,73,75,75,71,71,71,71,76,68,68,68,0],"items_purged":["Strike_R"],"gold":77,"score":104,"play_id":"6ba447f9-a00c-4da9-9249-6c241ef3337b","local_time":"20180520200403","is_prod":false,"is_daily":false,"chose_seed":false,"is_ascension_mode":true,"campfire_upgraded":2,"timestamp":1526817843,"campfire_choices":[{"data":"Bash","floor":7,"key":"SMITH"},{"data":"Body Slam","floor":15,"key":"SMITH"}],"path_taken":["M","?","$","M","?","M","R","M","T","?","$","?","?","?","R","BOSS"],"build_version":"2018-05-17","seed_source_timestamp":117815275390192,"purchased_purges":1,"victory":false,"master_deck":["Strike_R","Strike_R","Defend_R","Defend_R","Defend_R","Bash+1","Cleave","Infernal Blade","Twin Strike","Shrug It Off","Body Slam+1","Bloodletting"],"max_hp_per_floor":[80,80,80,80,80,80,80,80,80,80,80,80,80,80,80,80],"relics":["Burning Blood","Dream Catcher","Kunai","Odd Mushroom"],"card_choices":[{"not_picked":["Rage","Entrench"],"picked":"Cleave","floor":1},{"not_picked":["Iron Wave","Perfected Strike","Heavy Blade"],"picked":"SKIP","floor":4},{"not_picked":["Second Wind","Rupture"],"picked":"Twin Strike","floor":6},{"not_picked":["Fire Breathing","Iron Wave"],"picked":"Shrug It Off","floor":8},{"not_picked":["True Grit","Carnage","Perfected Strike"],"picked":"SKIP","floor":12},{"not_picked":["Infernal Blade","Rupture"],"picked":"Bloodletting","floor":13}],"player_experience":653675,"potions_floor_usage":[16,16],"damage_taken":[{"damage":6,"enemies":"Jaw Worm","floor":1,"turns":5},{"damage":5,"enemies":"2 Louse","floor":4,"turns":3},{"damage":4,"enemies":"Small Slimes","floor":6,"turns":3},{"damage":10,"enemies":"3 Louse","floor":8,"turns":4},{"damage":1,"enemies":"2 Fungi Beasts","floor":12,"turns":3},{"damage":14,"enemies":"The Mushroom Lair","floor":13,"turns":4},{"damage":68,"enemies":"Slime Boss","floor":16,"turns":12}],"relics_obtained":[{"floor":9,"key":"Kunai"},{"floor":13,"key":"Odd Mushroom"}],"event_choices":[{"event_name":"Living Wall","player_choice":"Change","floor":2,"damage_taken":0},{"event_name":"Golden Wing","player_choice":"Card Removal","floor":5,"damage_taken":0},{"event_name":"Purifier","player_choice":"One Purge","floor":10,"damage_taken":0},{"event_name":"Mushrooms","player_choice":"Fought Mushrooms","floor":13,"damage_taken":0},{"event_name":"Match and Keep!","player_choice":"0 cards matched","floor":14,"damage_taken":0}],"boss_relics":[],"potions_floor_spawned":[4,6,12,13],"seed_played":"-7764638819675888521","killed_by":"Slime Boss","ascension_level":3,"potions_obtained":[{"floor":4,"key":"SteroidPotion"},{"floor":6,"key":"Ancient Potion"},{"floor":12,"key":"Block Potion"},{"floor":13,"key":"PowerPotion"}],"is_trial":false}