{"gold_per_floor":[118,137,149,168,185,185,203,217,217,232,232,258,277,295,295,397,397,407,417,417,417,102,133,207,226,226,226,242,242],"floor_reached":29,"playtime":1407,"items_purged":[],"score":303,"play_id":"991351c2-b351-41b7-9230-223916455630","local_time":"20190313221759","is_ascension_mode":false,"campfire_choices":[{"data":"Neutralize","floor":6,"key":"SMITH"},{"data":"Unload","floor":11,"key":"SMITH"},{"data":"Poisoned Stab","floor":15,"key":"SMITH"},{"data":"Madness","floor":27,"key":"SMITH"}],"neow_cost":"NONE","seed_source_timestamp":1581794511588878,"circlet_count":0,"master_deck":["Defend_G","Defend_G","Defend_G","Defend_G","Defend_G","Survivor","Neutralize+1","Madness+1","Flying Knee","Skewer","Backstab","Slice","Quick Slash","Unload+1","Bane","PiercingWail","Backflip","Blur","Quick Slash","Poisoned Stab+1","Bane","Corpse Explosion","Poisoned Stab","Sucker Punch+1","Blur","Bite","Bite","Bite","Bite","Bite","Deflect","Footwork","Deadly Poison","Deadly Poison"],"relics":["Ring of the Snake","Prayer Wheel","Mummified Hand","Sozu","Dream Catcher","The Specimen","Paper Crane","PreservedInsect"],"potions_floor_usage":[12,16,16],"damage_taken":[{"damage":1,"enemies":"Cultist","floor":1,"turns":4},{"damage":0,"enemies":"2 Louse","floor":2,"turns":3},{"damage":0,"enemies":"Jaw Worm","floor":3,"turns":4},{"damage":1,"enemies":"3 Louse","floor":4,"turns":3},{"damage":1,"enemies":"2 Fungi Beasts","floor":5,"turns":3},{"damage":8,"enemies":"Red Slaver","floor":7,"turns":3},{"damage":0,"enemies":"Large Slime","floor":8,"turns":4},{"damage":0,"enemies":"Blue Slaver","floor":10,"turns":3},{"damage":21,"enemies":"Lagavulin","floor":12,"turns":6},{"damage":0,"enemies":"3 Louse","floor":13,"turns":2},{"damage":4,"enemies":"2 Fungi Beasts","floor":14,"turns":3},{"damage":28,"enemies":"Slime Boss","floor":16,"turns":12},{"damage":4,"enemies":"3 Byrds","floor":18,"turns":6},{"damage":6,"enemies":"Chosen","floor":19,"turns":3},{"damage":45,"enemies":"Gremlin Leader","floor":23,"turns":7},{"damage":4,"enemies":"Snecko","floor":25,"turns":3},{"damage":12,"enemies":"Snake Plant","floor":28,"turns":5},{"damage":28,"enemies":"Masked Bandits","floor":29,"turns":3}],"seed_played":"-2120663215093545786","potions_obtained":[{"floor":3,"key":"Regen Potion"},{"floor":4,"key":"AttackPotion"},{"floor":5,"key":"EssenceOfSteel"},{"floor":7,"key":"Explosive Potion"},{"floor":13,"key":"SpeedPotion"}],"is_trial":false,"path_per_floor":["M","M","M","M","M","R","M","M","T","M","R","E","M","M","R","B",null,"M","M","?","?","$","E","T","M","T","R","M","?"],"character_chosen":"THE_SILENT","items_purchased":["The Specimen"],"campfire_rested":0,"item_purchase_floors":[22],"current_hp_per_floor":[69,69,69,68,67,67,59,59,59,59,59,53,53,49,49,21,70,66,60,49,49,49,16,16,18,18,18,16,0],"gold":242,"neow_bonus":"RANDOM_COLORLESS","is_prod":false,"is_daily":false,"chose_seed":false,"campfire_upgraded":4,"win_rate":0,"timestamp":1552486679,"path_taken":["M","M","M","M","M","R","M","M","T","M","R","E","M","M","R","BOSS","M","M","?","?","$","E","?","M","T","R","M","?"],"build_version":"2019-01-23","purchased_purges":0,"victory":false,"max_hp_per_floor":[70,70,70,70,70,70,70,70,70,70,70,70,70,70,70,70,70,70,70,49,49,49,49,49,49,49,49,49,49],"card_choices":[{"not_picked":["Blade Dance","Quick Slash"],"picked":"Flying Knee","floor":1},{"not_picked":["Sucker Punch","Deflect"],"picked":"Skewer","floor":2},{"not_picked":["Tactician","Dodge and Roll"],"picked":"Backstab","floor":3},{"not_picked":["Accuracy","Underhanded Strike"],"picked":"Slice","floor":4},{"not_picked":["Sucker Punch","Finisher"],"picked":"Quick Slash","floor":5},{"not_picked":["Sucker Punch","Dodge and Roll"],"picked":"Unload","floor":7},{"not_picked":["Tactician","Cloak And Dagger"],"picked":"Bane","floor":8},{"not_picked":["Concentrate","Quick Slash"],"picked":"PiercingWail","floor":10},{"not_picked":["Setup","Infinite Blades","Dodge and Roll"],"picked":"SKIP","floor":10},{"not_picked":["Terror","Sucker Punch"],"picked":"Backflip","floor":12},{"not_picked":["Eviscerate","Grand Finale"],"picked":"Blur","floor":13},{"not_picked":["Infinite Blades","Blade Dance"],"picked":"Quick Slash","floor":13},{"not_picked":["Deflect","Concentrate"],"picked":"Poisoned Stab","floor":14},{"not_picked":["Dagger Throw","Predator"],"picked":"Bane","floor":14},{"not_picked":["Die Die Die","Tools of the Trade"],"picked":"Corpse Explosion","floor":16},{"not_picked":["Accuracy","Bane"],"picked":"Poisoned Stab","floor":18},{"not_picked":["Blade Dance","Eviscerate","Backstab"],"picked":"SKIP","floor":18},{"not_picked":["Escape Plan","Slice"],"picked":"Sucker Punch+1","floor":19},{"not_picked":["Infinite Blades","Sucker Punch"],"picked":"Blur","floor":19},{"not_picked":["Quick Slash","Riddle With Holes"],"picked":"Deflect","floor":23},{"not_picked":["Tactician+1","Terror+1"],"picked":"Footwork","floor":25},{"not_picked":["Prepared+1","Cloak And Dagger"],"picked":"Deadly Poison","floor":25},{"not_picked":["Underhanded Strike","Quick Slash"],"picked":"Deadly Poison","floor":28},{"not_picked":["Slice","Setup","Concentrate"],"picked":"SKIP","floor":28}],"player_experience":828102,"relics_obtained":[{"floor":9,"key":"Prayer Wheel"},{"floor":12,"key":"Mummified Hand"},{"floor":23,"key":"Paper Crane"},{"floor":26,"key":"PreservedInsect"}],"event_choices":[{"damage_healed":0,"gold_gain":0,"player_choice":"Became a vampire","damage_taken":0,"max_hp_gain":0,"max_hp_loss":21,"event_name":"Vampires","floor":20,"gold_loss":0,"cards_obtained":["Bite","Bite","Bite","Bite","Bite"]},{"damage_healed":0,"gold_gain":0,"player_choice":"Opened","damage_taken":0,"relics_obtained":["Dream Catcher"],"max_hp_gain":0,"max_hp_loss":0,"event_name":"The Mausoleum","floor":21,"gold_loss":0},{"damage_healed":0,"gold_gain":0,"player_choice":"Fought Bandits","damage_taken":0,"max_hp_gain":0,"max_hp_loss":0,"event_name":"Masked Bandits","floor":29,"gold_loss":0}],"is_beta":false,"boss_relics":[{"not_picked":["Snecko Eye","Philosopher\u0027s Stone"],"picked":"Sozu"}],"items_purged_floors":[],"is_endless":false,"potions_floor_spawned":[3,4,5,7,10,13,19,28],"killed_by":"Masked Bandits","ascension_level":0}