{"path_per_floor":["M","M","?","$","?","R","M","M","T","R","M","R","?","E","R","B",null,"M","?","M","M","$"],"character_chosen":"IRONCLAD","items_purchased":["Armaments","Headbutt","Body Slam"],"gold_per_floor":[110,124,124,53,53,53,65,81,126,126,138,138,138,169,169,268,268,285,210,221,239,138,138],"floor_reached":23,"campfire_rested":0,"playtime":1107,"current_hp_per_floor":[79,79,79,79,79,79,80,80,80,80,80,80,80,78,78,51,80,72,72,69,45,45,0],"items_purged":["Strike_R"],"gold":138,"score":191,"play_id":"3c24945f-0866-4928-9b12-dce5b8bcadd3","local_time":"20180518234832","is_prod":false,"is_daily":false,"chose_seed":false,"is_ascension_mode":false,"campfire_upgraded":4,"timestamp":1526658512,"campfire_choices":[{"data":"Armaments","floor":6,"key":"SMITH"},{"data":"Body Slam","floor":10,"key":"SMITH"},{"data":"Entrench","floor":12,"key":"SMITH"},{"data":"Shrug It Off","floor":15,"key":"SMITH"}],"path_taken":["M","?","?","?","?","R","?","M","T","R","M","R","?","E","R","BOSS","M","?","M","M","$","E"],"build_version":"2018-05-17","seed_source_timestamp":5970058508908,"purchased_purges":1,"victory":false,"master_deck":["Strike_R","Strike_R","Defend_R","Defend_R","Defend_R","Defend_R","Bash","Flex","Body Slam+1","Ghostly Armor","Entrench+1","Iron Wave","Armaments+1","Headbutt","Shrug It Off+1","Exhume","Battle Trance+1","Shrug It Off","Body Slam"],"max_hp_per_floor":[80,80,80,80,80,80,80,80,80,80,80,80,80,80,80,80,80,80,80,80,80,80,80],"relics":["Burning Blood"],"card_choices":[{"not_picked":["Perfected Strike","Ghostly Armor"],"picked":"Flex","floor":0},{"not_picked":["Twin Strike","Infernal Blade"],"picked":"Body Slam","floor":1},{"not_picked":["Combust","Shockwave"],"picked":"Ghostly Armor","floor":2},{"not_picked":["Hemokinesis","Corruption","Clothesline"],"picked":"SKIP","floor":7},{"not_picked":["Perfected Strike","Thunderclap","Clothesline"],"picked":"SKIP","floor":8},{"not_picked":["Twin Strike","Clothesline","Wild Strike"],"picked":"SKIP","floor":11},{"not_picked":["Reckless Charge","Headbutt"],"picked":"Shrug It Off","floor":14},{"not_picked":["Juggernaut","Demon Form"],"picked":"Exhume","floor":16},{"not_picked":["Iron Wave","Perfected Strike"],"picked":"Battle Trance+1","floor":18},{"not_picked":["Carnage","Second Wind","Dropkick"],"picked":"SKIP","floor":20},{"not_picked":["True Grit","Uppercut"],"picked":"Shrug It Off","floor":21}],"player_experience":642297,"potions_floor_usage":[18,18,23],"damage_taken":[{"damage":7,"enemies":"Cultist","floor":1,"turns":5},{"damage":6,"enemies":"2 Louse","floor":2,"turns":3},{"damage":1,"enemies":"Jaw Worm","floor":7,"turns":3},{"damage":0,"enemies":"Exordium Wildlife","floor":8,"turns":3},{"damage":6,"enemies":"Red Slaver","floor":11,"turns":3},{"damage":8,"enemies":"Lagavulin","floor":14,"turns":7},{"damage":33,"enemies":"Slime Boss","floor":16,"turns":14},{"damage":14,"enemies":"3 Byrds","floor":18,"turns":9},{"damage":9,"enemies":"Shell Parasite","floor":20,"turns":7},{"damage":30,"enemies":"Snake Plant","floor":21,"turns":6},{"damage":61,"enemies":"Gremlin Leader","floor":23,"turns":9}],"relics_obtained":[],"event_choices":[{"event_name":"Match and Keep!","player_choice":"2 cards matched","floor":3,"damage_taken":0},{"event_name":"Wheel of Change","player_choice":"Card Removal","floor":5,"damage_taken":0},{"event_name":"Dead Adventurer","player_choice":"Searched \u00270\u0027 times","floor":13,"damage_taken":0},{"event_name":"Beggar","player_choice":"Gave Gold","floor":19,"damage_taken":0}],"boss_relics":[{"not_picked":["Pandora\u0027s Box","Calling Bell","Sozu"]}],"potions_floor_spawned":[2,7,11,18],"seed_played":"4324145681508096952","killed_by":"Gremlin Leader","ascension_level":0,"potions_obtained":[{"floor":2,"key":"PowerPotion"},{"floor":7,"key":"Fire Potion"},{"floor":11,"key":"SkillPotion"},{"floor":18,"key":"Swift Potion"}],"is_trial":false}