{"gold_per_floor":[113,131,142,158,176,176,187,187,187,187,198,148,18,93,93,190,190,206,206,176,190,190,190,82,82,161,80,80,95,126,146,146,250,250,267,277,177],"floor_reached":37,"playtime":1677,"items_purged":["Strike_G","Strike_G"],"score":361,"play_id":"741befbe-d67a-4185-9322-650ccb1defe4","local_time":"20190312235819","is_ascension_mode":false,"campfire_choices":[{"data":"Neutralize","floor":6,"key":"SMITH"},{"data":"Quick Slash","floor":8,"key":"SMITH"},{"data":"Bane","floor":10,"key":"SMITH"},{"data":"Noxious Fumes","floor":15,"key":"SMITH"},{"data":"Adrenaline","floor":23,"key":"SMITH"},{"data":"Footwork","floor":25,"key":"SMITH"},{"data":"Bandage Up","floor":28,"key":"SMITH"},{"data":"Backflip","floor":32,"key":"SMITH"}],"neow_cost":"NONE","seed_source_timestamp":1501150278102305,"circlet_count":0,"master_deck":["Defend_G","Defend_G","Defend_G","Defend_G","Defend_G","Survivor","Neutralize+1","Bane+1","Quick Slash+1","Escape Plan","Flying Knee","Backflip+1","Noxious Fumes+1","Backstab","Poisoned Stab","Adrenaline+1","Acrobatics","Flying Knee+1","Footwork+1","Bandage Up+1","Backflip","Sucker Punch+1","Adrenaline","Crippling Poison+1"],"relics":["Ring of the Snake","Coffee Dripper","Enchiridion","Matryoshka","Red Mask","Empty Cage"],"potions_floor_usage":[5,20,29,30,30,30],"damage_taken":[{"damage":3,"enemies":"2 Louse","floor":1,"turns":4},{"damage":0,"enemies":"Small Slimes","floor":2,"turns":3},{"damage":0,"enemies":"Jaw Worm","floor":3,"turns":5},{"damage":0,"enemies":"2 Fungi Beasts","floor":4,"turns":5},{"damage":0,"enemies":"Red Slaver","floor":5,"turns":3},{"damage":4,"enemies":"Looter","floor":7,"turns":3},{"damage":1,"enemies":"Exordium Wildlife","floor":11,"turns":4},{"damage":3,"enemies":"Slime Boss","floor":16,"turns":8},{"damage":15,"enemies":"2 Thieves","floor":18,"turns":4},{"damage":0,"enemies":"Shell Parasite","floor":21,"turns":5},{"damage":0,"enemies":"Chosen and Byrds","floor":29,"turns":5},{"damage":3,"enemies":"Masked Bandits","floor":30,"turns":3},{"damage":0,"enemies":"Shelled Parasite and Fungi","floor":31,"turns":4},{"damage":18,"enemies":"Automaton","floor":33,"turns":11},{"damage":0,"enemies":"3 Darklings","floor":35,"turns":6},{"damage":0,"enemies":"3 Shapes","floor":36,"turns":4}],"seed_played":"-8480369911003954913","potions_obtained":[{"floor":0,"key":"FearPotion"},{"floor":0,"key":"Poison Potion"},{"floor":0,"key":"Dexterity Potion"},{"floor":2,"key":"SkillPotion"},{"floor":7,"key":"AttackPotion"},{"floor":11,"key":"Poison Potion"},{"floor":20,"key":"Fruit Juice"},{"floor":20,"key":"Poison Potion"},{"floor":29,"key":"Strength Potion"},{"floor":35,"key":"SkillPotion"}],"is_trial":false,"path_per_floor":["M","M","M","M","M","R","M","R","T","R","M","?","$","?","R","B",null,"M","?","?","M","?","R","$","R","T","$","R","M","?","M","R","B",null,"M","M","$"],"character_chosen":"THE_SILENT","items_purchased":["Backstab","Poisoned Stab","Footwork","Bandage Up"],"campfire_rested":0,"item_purchase_floors":[13,13,24,27],"current_hp_per_floor":[67,67,67,67,67,67,63,63,63,63,62,62,62,51,51,48,70,55,39,44,44,44,44,44,44,44,44,44,50,53,59,59,47,75,75,75,75],"gold":177,"neow_bonus":"THREE_SMALL_POTIONS","is_prod":false,"is_daily":false,"chose_seed":false,"campfire_upgraded":8,"win_rate":0,"timestamp":1552406299,"path_taken":["M","M","M","M","M","R","M","R","T","R","M","?","$","?","R","BOSS","M","?","?","?","?","R","?","R","T","$","R","M","?","M","R","BOSS","M","M","$"],"build_version":"2019-01-23","purchased_purges":2,"victory":false,"max_hp_per_floor":[70,70,70,70,70,70,70,70,70,70,70,70,70,70,70,70,70,70,70,75,75,75,75,75,75,75,75,75,75,75,75,75,75,75,75,75,75],"card_choices":[{"not_picked":["Outmaneuver","Cloak And Dagger"],"picked":"Bane","floor":1},{"not_picked":["PiercingWail","Concentrate","Riddle With Holes"],"picked":"SKIP","floor":2},{"not_picked":["Outmaneuver","PiercingWail"],"picked":"Quick Slash","floor":3},{"not_picked":["Caltrops","PiercingWail"],"picked":"Escape Plan","floor":4},{"not_picked":["Slice","Reflex"],"picked":"Flying Knee","floor":5},{"not_picked":["Sucker Punch","Endless Agony"],"picked":"Backflip","floor":7},{"not_picked":["Deadly Poison","Acrobatics"],"picked":"Noxious Fumes","floor":11},{"not_picked":["Storm of Steel","Die Die Die"],"picked":"Adrenaline","floor":16},{"not_picked":["Underhanded Strike","Concentrate"],"picked":"Acrobatics","floor":18},{"not_picked":["Finisher","Quick Slash"],"picked":"Flying Knee+1","floor":21},{"not_picked":["Acrobatics","Sucker Punch"],"picked":"Backflip","floor":29},{"not_picked":["Cloak And Dagger","PiercingWail"],"picked":"Sucker Punch+1","floor":31},{"not_picked":["Unload","Doppelganger"],"picked":"Adrenaline","floor":33},{"not_picked":["Flying Knee","Poisoned Stab+1"],"picked":"Crippling Poison+1","floor":35},{"not_picked":["Dodge and Roll+1","Blade Dance+1","Backflip+1"],"picked":"SKIP","floor":36}],"player_experience":822749,"relics_obtained":[{"floor":19,"key":"Enchiridion"},{"floor":26,"key":"Matryoshka"},{"floor":30,"key":"Red Mask"}],"event_choices":[{"cards_removed":["Strike_G"],"damage_healed":0,"gold_gain":0,"player_choice":"Card Removal","damage_taken":0,"max_hp_gain":0,"max_hp_loss":0,"event_name":"The Cleric","floor":12,"gold_loss":50},{"damage_healed":0,"gold_gain":75,"player_choice":"Gather Gold","damage_taken":11,"max_hp_gain":0,"max_hp_loss":0,"event_name":"World of Goop","floor":14,"gold_loss":0},{"damage_healed":0,"gold_gain":0,"player_choice":"Obtained Book","damage_taken":16,"max_hp_gain":0,"max_hp_loss":0,"event_name":"Cursed Tome","floor":19,"gold_loss":0},{"damage_healed":0,"gold_gain":0,"player_choice":"Bought 2 Potions","damage_taken":0,"max_hp_gain":0,"max_hp_loss":0,"event_name":"The Woman in Blue","floor":20,"gold_loss":0},{"damage_healed":0,"gold_gain":0,"player_choice":"Ignored","damage_taken":0,"max_hp_gain":0,"max_hp_loss":0,"event_name":"Ghosts","floor":22,"gold_loss":0},{"damage_healed":0,"gold_gain":0,"player_choice":"Fought Bandits","damage_taken":0,"max_hp_gain":0,"max_hp_loss":0,"event_name":"Masked Bandits","floor":30,"gold_loss":0}],"is_beta":false,"boss_relics":[{"not_picked":["Fusion Hammer","Ectoplasm"],"picked":"Coffee Dripper"},{"not_picked":["Snecko Eye","White Beast Statue"],"picked":"Empty Cage"}],"items_purged_floors":[24,37],"is_endless":false,"potions_floor_spawned":[2,3,7,11,29,35],"ascension_level":0}