{"path_per_floor":["M","M","$","M","?","R","$","M","T","R","E","R","M","E","R","B",null,"M","$","?","?","M","R","?","R","T","M","$","M","?","M","R","B",null,"M","M","?","M","M","R","M","R","T","R","?","?","R","M","R","B"],"character_chosen":"IRONCLAD","items_purchased":["Pommel Strike","Shrug It Off"],"gold_per_floor":[216,236,161,175,275,275,148,167,191,191,220,220,239,264,264,365,365,375,200,100,15,28,28,28,28,28,38,38,52,52,66,66,168,168,184,198,198,211,228,228,242,242,242,242,242,292,292,310,310,310],"floor_reached":51,"campfire_rested":5,"playtime":3768,"current_hp_per_floor":[78,80,80,80,80,80,80,76,76,76,55,55,66,62,62,37,80,68,68,68,68,65,65,65,65,65,66,66,46,46,54,88,81,88,83,64,53,42,44,85,44,85,85,85,85,19,60,50,88,35],"items_purged":["Strike_R","Strike_R","Defend_R"],"gold":310,"score":482,"play_id":"8bc57def-b94f-4a42-b939-e7d592ce5c65","is_prod":false,"is_daily":false,"is_ascension_mode":false,"campfire_upgraded":7,"path_taken":["M","M","$","M","?","R","$","M","T","R","E","R","M","E","R","BOSS","M","$","?","?","M","R","?","R","T","M","?","?","?","M","R","BOSS","M","?","?","M","M","R","M","R","T","R","?","?","R","?","R","BOSS"],"build_version":"2018-02-22-PROD2","purchased_purges":4,"victory":true,"master_deck":["Strike_R","Strike_R","Defend_R","Defend_R","Defend_R","Bash","Pommel Strike+1","Headbutt","Armaments+1","Pommel Strike","Armaments+1","Demon Form+1","Pommel Strike","Offering+1","Feed","Sword Boomerang","Shrug It Off","J.A.X.+1","Sword Boomerang+1","Heavy Blade","Fire Breathing+1","Cleave","Reaper","Heavy Blade+1","Madness","Madness+1","Battle Trance+1","Headbutt+1","Flex+1","Clumsy","True Grit+1","True Grit+1"],"max_hp_per_floor":[80,80,80,80,80,80,80,80,80,80,80,80,80,80,80,80,80,84,84,84,84,84,84,84,84,84,88,88,88,88,88,88,88,88,88,88,88,88,88,88,88,88,88,88,88,88,88,88,88,88],"relics":["Burning Blood","Bag of Marbles","Blue Candle","Regal Pillow","Question Card","Vajra","Bird Faced Urn","Cursed Key","Du-Vu Doll","Thread and Needle"],"card_choices":[{"not_picked":["Searing Blow","Corruption"],"picked":"Pommel Strike"},{"not_picked":["Cleave","Clash"],"picked":"Headbutt"},{"not_picked":["Bludgeon","Flex"],"picked":"Armaments"},{"not_picked":["Heavy Blade","Havoc"],"picked":"Armaments"},{"not_picked":["Evolve","Shockwave"],"picked":"Demon Form"},{"not_picked":["Carnage","Armaments"],"picked":"Pommel Strike"},{"not_picked":["Power Through","Flex"],"picked":"Offering"},{"not_picked":["Barricade","Double Tap"],"picked":"Feed"},{"not_picked":["Havoc","Flex","Shockwave"],"picked":"Sword Boomerang"},{"not_picked":["Combust","Heavy Blade","Wild Strike"],"picked":"Sword Boomerang"},{"not_picked":["Rage","Armaments","Thunderclap"],"picked":"Heavy Blade"},{"not_picked":["Headbutt","Flex","Thunderclap"],"picked":"Fire Breathing"},{"not_picked":["Uppercut","Feed","Wild Strike"],"picked":"Cleave"},{"not_picked":["Exhume","Fiend Fire","Double Tap"],"picked":"Reaper"},{"not_picked":["Iron Wave","Pommel Strike","Second Wind"],"picked":"Warcry"},{"not_picked":["Flex","Body Slam","Sword Boomerang"],"picked":"Heavy Blade"},{"not_picked":["Feed","Clash","Clothesline"],"picked":"Battle Trance"},{"not_picked":["True Grit","Flex","Evolve"],"picked":"Headbutt"},{"not_picked":["Impervious","Cleave","Corruption"],"picked":"Flex"},{"not_picked":["Whirlwind","Disarm","Armaments"],"picked":"True Grit"},{"not_picked":["Clash","Wild Strike","Sword Boomerang"],"picked":"True Grit"}],"player_experience":174154,"potions_floor_usage":[13,13,14,38,50,50,50],"damage_taken":[{"damage":8,"enemies":"2 Louse","floor":1,"turns":3},{"damage":1,"enemies":"Cultist","floor":2,"turns":3},{"damage":6,"enemies":"Jaw Worm","floor":4,"turns":3},{"damage":10,"enemies":"3 Louse","floor":8,"turns":3},{"damage":27,"enemies":"Lagavulin","floor":11,"turns":6},{"damage":10,"enemies":"Exordium Thugs","floor":13,"turns":7},{"damage":10,"enemies":"Gremlin Nob","floor":14,"turns":3},{"damage":31,"enemies":"Slime Boss","floor":16,"turns":8},{"damage":22,"enemies":"2 Thieves","floor":18,"turns":5},{"damage":9,"enemies":"3 Byrds","floor":22,"turns":4},{"damage":9,"enemies":"Centurion and Healer","floor":27,"turns":5},{"damage":26,"enemies":"Chosen and Byrds","floor":29,"turns":4},{"damage":0,"enemies":"Snecko","floor":31,"turns":2},{"damage":13,"enemies":"Automaton","floor":33,"turns":6},{"damage":13,"enemies":"Orb Walker","floor":35,"turns":2},{"damage":47,"enemies":"3 Shapes","floor":36,"turns":4},{"damage":19,"enemies":"3 Darklings","floor":38,"turns":3},{"damage":28,"enemies":"Maw","floor":39,"turns":5},{"damage":51,"enemies":"4 Shapes","floor":41,"turns":4},{"damage":76,"enemies":"…Ò√ÿ‘≤«Ú","floor":46,"turns":5},{"damage":18,"enemies":"3 Darklings","floor":48,"turns":3},{"damage":63,"enemies":"Time Eater","floor":50,"turns":6}],"event_choices":[{"event_name":"Golden Shrine","player_choice":"Pray","floor":5,"damage_taken":0},{"event_name":"Drug Dealer","player_choice":"Got JAXXED","floor":20,"damage_taken":0},{"event_name":"Addict","player_choice":"Obtained Relic","floor":21,"damage_taken":0},{"event_name":"Back to Basics","player_choice":"Elegance","floor":24,"damage_taken":0},{"event_name":"Beggar","player_choice":"Ignored","floor":30,"damage_taken":0},{"event_name":"Winding Halls","player_choice":"Embrace Madness","floor":37,"damage_taken":0},{"event_name":"Mysterious Sphere","player_choice":"Fight","floor":46,"damage_taken":0}],"boss_relics":[{"not_picked":["Black Star","Lizard Tail"],"picked":"Question Card"},{"not_picked":["Eternal Feather","Runic Pyramid"],"picked":"Cursed Key"}],"potions_floor_spawned":[1,4,11,16,22,29,31,35,38,41,46],"seed_played":"7765384125040862626","ascension_level":0,"is_trial":false}