{"gold_per_floor":[119,119,44,61,71,71,21,33,33,33,69,69,83,99,99,99],"floor_reached":16,"playtime":5345,"items_purged":["Strike_G"],"score":92,"play_id":"ed5feea8-25ef-40a5-8d8e-17b447a930b3","local_time":"20190216211620","is_ascension_mode":false,"campfire_choices":[{"data":"Backflip","floor":6,"key":"SMITH"},{"data":"Footwork","floor":15,"key":"SMITH"}],"neow_cost":"NONE","seed_source_timestamp":322688113385300,"circlet_count":0,"master_deck":["Defend_G","Defend_G","Defend_G","Defend_G","Defend_G","Strike_G","Strike_G","Strike_G","Survivor","Neutralize+1","Backflip","Dagger Spray","Backflip+1","Backstab","Acrobatics","Footwork+1","Venomology","Deflect"],"relics":["Ring of the Snake","Matryoshka","Golden Idol","Odd Mushroom"],"potions_floor_usage":[16,16,16],"damage_taken":[{"damage":0,"enemies":"Cultist","floor":1,"turns":5},{"damage":0,"enemies":"2 Louse","floor":4,"turns":2},{"damage":0,"enemies":"Small Slimes","floor":5,"turns":3},{"damage":0,"enemies":"3 Louse","floor":8,"turns":3},{"damage":10,"enemies":"The Mushroom Lair","floor":11,"turns":6},{"damage":3,"enemies":"Exordium Wildlife","floor":13,"turns":6},{"damage":0,"enemies":"Large Slime","floor":14,"turns":10},{"damage":58,"enemies":"Slime Boss","floor":16,"turns":16}],"seed_played":"8566642083725288771","potions_obtained":[{"floor":4,"key":"EssenceOfSteel"},{"floor":11,"key":"Dexterity Potion"}],"is_trial":false,"path_per_floor":["M","?","$","M","M","R","?","M","T","?","?","?","M","M","R","B"],"character_chosen":"THE_SILENT","items_purchased":[],"campfire_rested":0,"item_purchase_floors":[],"current_hp_per_floor":[70,70,70,70,70,70,70,70,70,65,55,60,57,57,57,0],"gold":99,"neow_bonus":"THREE_CARDS","is_prod":false,"is_daily":false,"chose_seed":false,"campfire_upgraded":2,"win_rate":0.0,"timestamp":1550348180,"path_taken":["M","?","$","?","M","R","?","M","T","?","?","?","M","M","R","BOSS"],"build_version":"2019-01-23","purchased_purges":1,"victory":false,"max_hp_per_floor":[70,70,70,70,70,70,70,70,70,65,65,70,70,70,70,70],"card_choices":[{"not_picked":["Cloak And Dagger","Quick Slash"],"picked":"Backflip","floor":0},{"not_picked":["Masterful Stab","Prepared"],"picked":"Dagger Spray","floor":1},{"not_picked":["Dagger Throw","Distraction"],"picked":"Backflip","floor":4},{"not_picked":["Dagger Throw","Slice"],"picked":"Backstab","floor":5},{"not_picked":["Sucker Punch","Riddle With Holes"],"picked":"Acrobatics","floor":8},{"not_picked":["Bane","Backflip"],"picked":"Footwork","floor":11},{"not_picked":["Quick Slash","Cloak And Dagger"],"picked":"Venomology","floor":13},{"not_picked":["Backstab","Prepared"],"picked":"Deflect","floor":14}],"player_experience":131628,"relics_obtained":[{"floor":9,"key":"Matryoshka"},{"floor":11,"key":"Odd Mushroom"}],"event_choices":[{"damage_healed":0,"gold_gain":0,"player_choice":"Forge","damage_taken":0,"max_hp_gain":0,"max_hp_loss":0,"event_name":"Accursed Blacksmith","floor":2,"gold_loss":0,"cards_upgraded":["Neutralize"]},{"cards_removed":["Strike_G"],"damage_healed":0,"gold_gain":0,"player_choice":"Card Removal","damage_taken":0,"max_hp_gain":0,"max_hp_loss":0,"event_name":"The Cleric","floor":7,"gold_loss":50},{"damage_healed":0,"gold_gain":0,"player_choice":"Lose Max HP","damage_taken":0,"relics_obtained":["Golden Idol"],"max_hp_gain":0,"max_hp_loss":5,"event_name":"Golden Idol","floor":10,"gold_loss":0},{"damage_healed":0,"gold_gain":0,"player_choice":"Fought Mushrooms","damage_taken":0,"max_hp_gain":0,"max_hp_loss":0,"event_name":"Mushrooms","floor":11,"gold_loss":0},{"damage_healed":0,"gold_gain":0,"player_choice":"Donut","damage_taken":0,"max_hp_gain":5,"max_hp_loss":0,"event_name":"Big Fish","floor":12,"gold_loss":0}],"is_beta":false,"boss_relics":[],"items_purged_floors":[3],"is_endless":false,"potions_floor_spawned":[4,11],"killed_by":"Slime Boss","ascension_level":0}