{"gold_per_floor":[113,288,306,320,103,128,148,148,148,148,180,180,192,223,223,320,320,331,347,360,103,116,116],"floor_reached":23,"playtime":4336,"items_purged":["Doubt","Strike_R"],"score":288,"play_id":"fc1b3d7e-17b8-4019-8711-3a516da8d6bb","local_time":"20190406001314","is_ascension_mode":true,"campfire_choices":[{"data":"Pommel Strike","floor":8,"key":"SMITH"},{"data":"Bash","floor":10,"key":"SMITH"},{"floor":12,"key":"REST"},{"floor":15,"key":"REST"}],"neow_cost":"NONE","seed_source_timestamp":172569880491200,"circlet_count":0,"master_deck":["Strike_R","Strike_R","Strike_R","Strike_R","Defend_R","Defend_R","Defend_R","Defend_R","Bash+1","Pommel Strike+1","Carnage","Whirlwind","Cleave","Bludgeon","Thunderclap","Intimidate+1","Second Wind+1","Flex+1","Juggernaut","Shrug It Off+1","Armaments+1","Intimidate+1"],"relics":["Burning Blood","Toxic Egg 2","Letter Opener","Sundial","Blue Candle","Runic Pyramid","Omamori"],"potions_floor_usage":[6,11,11,23],"damage_taken":[{"damage":9,"enemies":"Jaw Worm","floor":1,"turns":4},{"damage":7,"enemies":"Small Slimes","floor":3,"turns":4},{"damage":0,"enemies":"2 Louse","floor":4,"turns":1},{"damage":15,"enemies":"Gremlin Nob","floor":6,"turns":4},{"damage":21,"enemies":"Blue Slaver","floor":7,"turns":3},{"damage":23,"enemies":"3 Sentries","floor":11,"turns":4},{"damage":0,"enemies":"2 Fungi Beasts","floor":13,"turns":2},{"damage":28,"enemies":"Gremlin Nob","floor":14,"turns":4},{"damage":55,"enemies":"Hexaghost","floor":16,"turns":8},{"damage":23,"enemies":"Spheric Guardian","floor":18,"turns":4},{"damage":2,"enemies":"Chosen","floor":19,"turns":5},{"damage":29,"enemies":"3 Cultists","floor":20,"turns":6},{"damage":13,"enemies":"Snecko","floor":22,"turns":5},{"damage":30,"enemies":"Gremlin Leader","floor":23,"turns":6}],"seed_played":"4981043688798216355","potions_obtained":[{"floor":1,"key":"Weak Potion"},{"floor":4,"key":"LiquidBronze"},{"floor":6,"key":"Dexterity Potion"},{"floor":11,"key":"FearPotion"},{"floor":19,"key":"AttackPotion"},{"floor":20,"key":"Explosive Potion"}],"is_trial":false,"path_per_floor":["M","?","M","M","$","E","M","R","T","R","E","R","M","E","R","B",null,"M","M","M","$","M","E"],"character_chosen":"IRONCLAD","items_purchased":["Bludgeon","Omamori"],"campfire_rested":2,"item_purchase_floors":[5,21],"current_hp_per_floor":[69,69,68,74,74,65,50,50,50,50,33,57,63,41,65,16,64,47,51,28,28,21,0],"gold":116,"neow_bonus":"THREE_CARDS","is_prod":false,"is_daily":false,"chose_seed":false,"campfire_upgraded":2,"win_rate":0,"timestamp":1554502394,"path_taken":["M","?","M","M","?","E","M","R","T","R","E","R","M","E","R","BOSS","M","M","M","$","M","E"],"build_version":"2019-01-23","purchased_purges":2,"victory":false,"max_hp_per_floor":[80,80,80,80,80,80,80,80,80,80,80,80,80,80,80,80,80,80,80,80,80,80,80],"card_choices":[{"not_picked":["Warcry","True Grit"],"picked":"Pommel Strike","floor":0},{"not_picked":["Hemokinesis","Shockwave"],"picked":"Carnage","floor":1},{"not_picked":["Searing Blow","Fire Breathing"],"picked":"Whirlwind","floor":3},{"not_picked":["Clash","Twin Strike"],"picked":"Cleave","floor":4},{"not_picked":["Body Slam","Sword Boomerang"],"picked":"Thunderclap","floor":6},{"not_picked":["Cleave","Thunderclap","Wild Strike"],"picked":"SKIP","floor":7},{"not_picked":["Brutality","Thunderclap"],"picked":"Intimidate+1","floor":11},{"not_picked":["Twin Strike","Heavy Blade"],"picked":"Second Wind+1","floor":13},{"not_picked":["Warcry+1","Headbutt"],"picked":"Flex+1","floor":14},{"not_picked":["Dark Embrace","Brutality"],"picked":"Juggernaut","floor":16},{"not_picked":["Feel No Pain","Cleave"],"picked":"Shrug It Off+1","floor":18},{"not_picked":["Thunderclap","Entrench+1"],"picked":"Armaments+1","floor":19},{"not_picked":["Warcry+1","Headbutt"],"picked":"Intimidate+1","floor":20},{"not_picked":["Pummel+1","Clothesline","Pommel Strike"],"picked":"SKIP","floor":22}],"player_experience":553353,"relics_obtained":[{"floor":6,"key":"Toxic Egg 2"},{"floor":9,"key":"Letter Opener"},{"floor":11,"key":"Sundial"},{"floor":14,"key":"Blue Candle"}],"event_choices":[{"damage_healed":0,"gold_gain":175,"player_choice":"AGREE","damage_taken":0,"max_hp_gain":0,"max_hp_loss":0,"event_name":"Liars Game","floor":2,"gold_loss":0,"cards_obtained":["Doubt"]}],"is_beta":false,"boss_relics":[{"not_picked":["Runic Cube","Lizard Tail"],"picked":"Runic Pyramid"}],"items_purged_floors":[5,21],"is_endless":false,"potions_floor_spawned":[1,4,6,11,19,20,22],"killed_by":"Gremlin Leader","ascension_level":7}