{"path_per_floor":["M","M","M","M","M","E","R","M","T","R","$","M","?","E","R","B",null,"M","$","M","M","M","R","M"],"character_chosen":"IRONCLAD","items_purchased":["Orichalcum","War Paint"],"gold_per_floor":[113,133,144,114,131,463,463,476,526,526,161,171,171,197,197,298,298,308,208,220,231,241,241,258],"floor_reached":25,"campfire_rested":1,"playtime":1395,"current_hp_per_floor":[84,82,79,83,80,54,54,51,51,51,51,40,40,44,70,21,88,69,69,57,55,53,53,7],"items_purged":["Defend_R","Strike_R"],"gold":258,"score":217,"play_id":"a11f73af-0a94-48ef-8bb2-04c8af9af2f0","local_time":"20180323013645","is_prod":false,"is_daily":false,"is_ascension_mode":false,"campfire_upgraded":3,"timestamp":1521740205,"path_taken":["M","M","M","M","M","E","R","?","T","R","$","M","?","E","R","BOSS","M","$","M","M","M","R","M","M"],"build_version":"2018-03-15v3","purchased_purges":2,"victory":false,"master_deck":["Strike_R","Strike_R","Strike_R","Strike_R","Defend_R","Defend_R+1","Defend_R+1","Bash+1","Shrug It Off+1","Flex","True Grit","Brutality","Hemokinesis+1","Cleave","Limit Break+1","Whirlwind","Blood for Blood+1","Spot Weakness","Pummel"],"max_hp_per_floor":[88,88,88,88,88,88,88,88,88,88,88,88,88,88,88,88,88,88,88,88,88,88,88,88],"relics":["Burning Blood","Old Coin","Omamori","Orichalcum","War Paint","Oddly Smooth Stone","Question Card"],"card_choices":[{"not_picked":["Thunderclap","Heavy Blade"],"picked":"Shrug It Off"},{"not_picked":["Clash","Heavy Blade"],"picked":"Flex"},{"not_picked":["Disarm","Entrench"],"picked":"True Grit"},{"not_picked":["Thunderclap","Havoc"],"picked":"Brutality"},{"not_picked":["Evolve","Clothesline"],"picked":"Hemokinesis"},{"not_picked":["Metallicize","Flex"],"picked":"Cleave"},{"not_picked":["Brutality","Demon Form"],"picked":"Limit Break"},{"not_picked":["Sentinel","Power Through","Feel No Pain"],"picked":"Whirlwind"},{"not_picked":["Thunderclap","Heavy Blade","Perfected Strike"],"picked":"Blood for Blood"},{"not_picked":["Perfected Strike","Headbutt","Dropkick"],"picked":"Spot Weakness"},{"not_picked":["Exhume","Feel No Pain","Thunderclap"],"picked":"Pummel"}],"player_experience":369366,"potions_floor_usage":[6,14,14,21,22,22],"damage_taken":[{"damage":10,"enemies":"Cultist","floor":1,"turns":4},{"damage":8,"enemies":"Jaw Worm","floor":2,"turns":4},{"damage":9,"enemies":"Small Slimes","floor":3,"turns":4},{"damage":2,"enemies":"Looter","floor":4,"turns":4},{"damage":9,"enemies":"Red Slaver","floor":5,"turns":6},{"damage":47,"enemies":"Lagavulin","floor":6,"turns":9},{"damage":9,"enemies":"Large Slime","floor":8,"turns":8},{"damage":17,"enemies":"Exordium Thugs","floor":12,"turns":4},{"damage":2,"enemies":"3 Sentries","floor":14,"turns":3},{"damage":55,"enemies":"The Guardian","floor":16,"turns":13},{"damage":25,"enemies":"2 Thieves","floor":18,"turns":4},{"damage":18,"enemies":"Shell Parasite","floor":20,"turns":8},{"damage":20,"enemies":"Snecko","floor":21,"turns":6},{"damage":8,"enemies":"3 Cultists","floor":22,"turns":5},{"damage":52,"enemies":"Centurion and Healer","floor":24,"turns":8},{"damage":10,"enemies":"Chosen and Byrds","floor":25,"turns":3}],"event_choices":[{"event_name":"Upgrade Shrine","player_choice":"Upgraded","floor":13,"damage_taken":0}],"boss_relics":[{"not_picked":["Runic Cube","Eternal Feather"],"picked":"Question Card"}],"potions_floor_spawned":[2,6,8,12,20,21],"seed_played":"3892457878182959614","killed_by":"Chosen and Byrds","ascension_level":0,"is_trial":false}