{"path_per_floor":["M","M","M","?","?","R","E","R","T","E","$","R","$","M","R","B",null,"M","M","$","M","?","R","$","R","T","M","M","R","T","E","R","B",null,"M","M","M","$","M","R","M","R","T","?","M","M","$","T","R","B"],"character_chosen":"IRONCLAD","items_purchased":["Spot Weakness","Lee\u0027s Waffle","Seeing Red"],"gold_per_floor":[118,133,150,150,150,150,189,189,189,224,224,224,149,165,165,288,326,346,359,219,239,139,139,14,14,39,52,72,72,96,137,137,258,258,271,292,316,72,87,87,110,110,110,110,128,146,146,146,146,146],"floor_reached":51,"campfire_rested":6,"playtime":2681,"current_hp_per_floor":[70,64,65,45,45,45,37,61,61,44,44,68,68,76,76,41,85,78,60,60,39,39,39,39,64,64,60,44,69,69,39,64,50,85,70,62,39,92,62,62,58,85,85,85,63,74,74,74,74,58],"items_purged":["Strike_R","Strike_R","Strike_R"],"gold":146,"score":727,"play_id":"157df14e-5354-451b-8350-9e8c8f7d51e8","local_time":"20180316013210","is_prod":false,"is_daily":false,"is_ascension_mode":false,"campfire_upgraded":5,"timestamp":1521135130,"path_taken":["M","M","M","?","?","R","E","R","T","E","$","R","$","M","R","BOSS","M","?","$","M","?","R","?","R","T","M","M","R","?","E","R","BOSS","M","M","M","$","M","R","M","R","T","?","?","M","$","?","R","BOSS"],"build_version":"2018-03-09","purchased_purges":3,"victory":true,"master_deck":["Strike_R","Strike_R","Defend_R","Defend_R","Defend_R","Defend_R","Bash","Berserk","Spot Weakness+1","Twin Strike","Armaments+1","Infernal Blade","Shrug It Off","Clash","Pommel Strike+1","Headbutt","Limit Break+1","Flex","Shrug It Off","Heavy Blade+1","Spot Weakness","J.A.X.","Pummel","Pommel Strike+1","Bloodletting+1","Inflame","Limit Break","Cleave","Heavy Blade+1","Warcry+1","Seeing Red+1","Flex+1","Reaper","Sword Boomerang","Headbutt"],"max_hp_per_floor":[80,80,80,80,80,80,80,80,80,80,80,80,80,80,80,80,85,85,85,85,85,85,85,85,85,85,85,85,85,85,85,85,85,85,85,85,85,92,92,92,92,92,92,92,92,92,92,92,92,92],"relics":["Burning Blood","Golden Idol","Dream Catcher","Gambling Chip","Blood Vial","Tiny House","Oddly Smooth Stone","Happy Flower","Meat on the Bone","Lizard Tail","Lee\u0027s Waffle","Art of War","Red Skull"],"card_choices":[{"not_picked":["Pommel Strike","Dropkick"],"picked":"Spot Weakness"},{"not_picked":["Clothesline","Sever Soul"],"picked":"Twin Strike"},{"not_picked":["Fire Breathing","Combust"],"picked":"Armaments"},{"not_picked":["Dark Embrace","Hemokinesis"],"picked":"Infernal Blade"},{"not_picked":["Feel No Pain","Warcry"],"picked":"Shrug It Off"},{"not_picked":["True Grit","Clothesline"],"picked":"Clash"},{"not_picked":["Wild Strike","Feel No Pain"],"picked":"Pommel Strike"},{"not_picked":["Armaments","Wild Strike"],"picked":"Headbutt"},{"not_picked":["Demon Form","Dark Embrace"],"picked":"Limit Break"},{"not_picked":["Wild Strike","Blood for Blood"],"picked":"Flex"},{"not_picked":["Body Slam","Warcry"],"picked":"Shrug It Off"},{"not_picked":["Twin Strike","Sword Boomerang"],"picked":"Heavy Blade"},{"not_picked":["Metallicize","Reckless Charge"],"picked":"Pummel"},{"not_picked":["True Grit","Clash"],"picked":"Pommel Strike"},{"not_picked":["Ghostly Armor","Infernal Blade"],"picked":"Bloodletting"},{"not_picked":["Heavy Blade","True Grit"],"picked":"Inflame"},{"not_picked":["Feed","Double Tap"],"picked":"Limit Break"},{"not_picked":["Anger","Warcry"],"picked":"Cleave"},{"not_picked":["Dropkick","Rupture"],"picked":"Heavy Blade"},{"not_picked":["Entrench","Sword Boomerang"],"picked":"Warcry"},{"not_picked":["Anger","Iron Wave"],"picked":"Flex"},{"not_picked":["Anger","Fire Breathing"],"picked":"Reaper"},{"not_picked":["Cleave","Infernal Blade"],"picked":"Sword Boomerang"},{"not_picked":["Perfected Strike","Twin Strike"],"picked":"Headbutt"}],"player_experience":306521,"potions_floor_usage":[18,19,21,27,31,33,39,39,50,50],"damage_taken":[{"damage":16,"enemies":"Jaw Worm","floor":1,"turns":5},{"damage":12,"enemies":"Small Slimes","floor":2,"turns":4},{"damage":5,"enemies":"Cultist","floor":3,"turns":4},{"damage":14,"enemies":"Gremlin Nob","floor":7,"turns":4},{"damage":23,"enemies":"Lagavulin","floor":10,"turns":7},{"damage":0,"enemies":"Large Slime","floor":14,"turns":5},{"damage":43,"enemies":"Hexaghost","floor":16,"turns":7},{"damage":22,"enemies":"3 Byrds","floor":18,"turns":5},{"damage":26,"enemies":"2 Thieves","floor":19,"turns":5},{"damage":29,"enemies":"Centurion and Healer","floor":21,"turns":4},{"damage":12,"enemies":"Chosen and Byrds","floor":27,"turns":2},{"damage":24,"enemies":"Snake Plant","floor":28,"turns":3},{"damage":38,"enemies":"Gremlin Leader","floor":31,"turns":5},{"damage":34,"enemies":"Collector","floor":33,"turns":5},{"damage":21,"enemies":"3 Darklings","floor":35,"turns":5},{"damage":16,"enemies":"Orb Walker","floor":36,"turns":4},{"damage":43,"enemies":"Maw","floor":37,"turns":6},{"damage":36,"enemies":"4 Shapes","floor":39,"turns":5},{"damage":24,"enemies":"Sphere and 2 Shapes","floor":41,"turns":7},{"damage":30,"enemies":"Maw","floor":45,"turns":6},{"damage":33,"enemies":"4 Shapes","floor":46,"turns":3},{"damage":51,"enemies":"Awakened One","floor":50,"turns":6}],"event_choices":[{"event_name":"Golden Idol","player_choice":"Take Damage","floor":4,"damage_taken":0},{"event_name":"The Woman in Blue","player_choice":"Bought 0 Potions","floor":5,"damage_taken":0},{"event_name":"Drug Dealer","player_choice":"Got JAXXED","floor":22,"damage_taken":0},{"event_name":"Accursed Blacksmith","player_choice":"Forge","floor":44,"damage_taken":0}],"boss_relics":[{"not_picked":["Runic Pyramid","Black Blood"],"picked":"Tiny House"},{"not_picked":["Calling Bell","Snecko Eye"],"picked":"Lizard Tail"}],"potions_floor_spawned":[3,7,10,18,19,27,28,35,37,41,46],"seed_played":"-5151601967398513822","ascension_level":0,"is_trial":false}