{"gold_per_floor":[119,119,129,144,157,184,184,203,203,219,229,229,260,141,141,236,236,246,246,258,278,278,278,295,0,0,0,0,0,0,0,0,103,103,123,123,134,56,73,73,92,107,107,107,107,107,134,82,82,82],"floor_reached":51,"playtime":1848,"items_purged":["Strike_R+1"],"score":1069,"play_id":"34b5b909-f104-4884-b034-45311fde4f34","local_time":"20190314162924","is_ascension_mode":true,"campfire_choices":[{"data":"Anger","floor":7,"key":"SMITH"},{"floor":12,"key":"REST"},{"data":"Rage","floor":15,"key":"SMITH"},{"data":"Juggernaut","floor":23,"key":"SMITH"},{"data":"Bash","floor":27,"key":"SMITH"},{"data":"Shrug It Off","floor":30,"key":"SMITH"},{"data":"Sword Boomerang","floor":32,"key":"SMITH"},{"floor":40,"key":"REST"},{"data":"Metallicize","floor":44,"key":"SMITH"},{"data":"Immolate","floor":46,"key":"SMITH"},{"floor":49,"key":"REST"}],"neow_cost":"PERCENT_DAMAGE","seed_source_timestamp":28373999983500,"circlet_count":0,"master_deck":["AscendersBane","Strike_R+1","Strike_R+1","Strike_R+1","Defend_R+1","Defend_R+1","Defend_R+1","Defend_R+1","Bash+1","Immolate+1","Anger+1","Sword Boomerang+1","Shrug It Off+1","Rage+1","Juggernaut+1","Shrug It Off+1","Dual Wield+1","Double Tap+1","Flame Barrier+1","Flame Barrier+1","Disarm+1","True Grit+1","Power Through+1","Seeing Red+1","Disarm+1","Headbutt+1","Metallicize+1","Pommel Strike+1","Whirlwind+1","Shrug It Off+1"],"relics":["Burning Blood","Self Forming Clay","Toxic Egg 2","Nunchaku","Pantograph","Cursed Key","Omamori","Molten Egg 2","MutagenicStrength","Vajra","Sozu","Regal Pillow"],"potions_floor_usage":[16,16,24,50,50],"damage_taken":[{"damage":3,"enemies":"2 Louse","floor":1,"turns":3},{"damage":0,"enemies":"Cultist","floor":3,"turns":2},{"damage":6,"enemies":"Jaw Worm","floor":4,"turns":4},{"damage":12,"enemies":"2 Fungi Beasts","floor":5,"turns":3},{"damage":37,"enemies":"Gremlin Nob","floor":6,"turns":5},{"damage":18,"enemies":"Exordium Wildlife","floor":8,"turns":5},{"damage":1,"enemies":"Large Slime","floor":10,"turns":5},{"damage":5,"enemies":"3 Louse","floor":11,"turns":2},{"damage":6,"enemies":"3 Sentries","floor":13,"turns":6},{"damage":24,"enemies":"Slime Boss","floor":16,"turns":7},{"damage":4,"enemies":"Spheric Guardian","floor":18,"turns":4},{"damage":2,"enemies":"3 Byrds","floor":20,"turns":5},{"damage":23,"enemies":"3 Cultists","floor":21,"turns":7},{"damage":6,"enemies":"Centurion and Healer","floor":24,"turns":6},{"damage":43,"enemies":"Automaton","floor":33,"turns":11},{"damage":0,"enemies":"3 Darklings","floor":35,"turns":3},{"damage":0,"enemies":"Orb Walker","floor":37,"turns":3},{"damage":32,"enemies":"4 Shapes","floor":39,"turns":3},{"damage":15,"enemies":"Maw","floor":41,"turns":7},{"damage":13,"enemies":"Writhing Mass","floor":42,"turns":6},{"damage":51,"enemies":"Reptomancer","floor":47,"turns":8},{"damage":17,"enemies":"Awakened One","floor":50,"turns":12}],"seed_played":"7117289962847117987","potions_obtained":[{"floor":3,"key":"Energy Potion"},{"floor":8,"key":"Poison Potion"},{"floor":10,"key":"PowerPotion"},{"floor":18,"key":"SteroidPotion"},{"floor":24,"key":"Ancient Potion"},{"floor":33,"key":"Ancient Potion"}],"is_trial":false,"path_per_floor":["M","?","M","M","M","E","R","M","T","M","M","R","E","?","R","B",null,"M","?","M","M","?","R","M","$","T","R","?","$","R","?","R","B",null,"M","?","M","$","M","R","M","M","T","R","?","R","E","$","R","B",null],"character_chosen":"IRONCLAD","items_purchased":["Power Through+1","Omamori","Disarm+1","Shrug It Off+1"],"campfire_rested":3,"item_purchase_floors":[25,25,38,48],"current_hp_per_floor":[54,54,60,60,54,23,23,11,11,16,17,41,41,41,41,48,72,74,74,78,61,61,61,61,61,61,61,61,61,61,61,61,43,71,77,77,80,80,54,78,69,62,62,62,62,62,17,17,54,65],"gold":82,"neow_bonus":"THREE_RARE_CARDS","is_prod":false,"is_daily":false,"chose_seed":false,"campfire_upgraded":8,"win_rate":0,"timestamp":1552577364,"path_taken":["M","?","M","?","?","E","R","M","T","M","M","R","E","?","R","BOSS","M","?","M","?","?","R","M","$","T","R","?","?","R","?","R","BOSS","M","?","M","$","M","R","M","M","T","R","?","R","E","?","R","BOSS"],"build_version":"2019-01-23","purchased_purges":1,"victory":true,"max_hp_per_floor":[80,80,80,80,80,80,80,80,80,80,80,80,80,80,80,80,80,80,80,80,80,80,80,80,80,80,80,80,80,80,80,80,80,80,80,80,80,80,80,80,80,80,80,80,76,76,76,76,76,76],"card_choices":[{"not_picked":["Fiend Fire","Impervious"],"picked":"Immolate","floor":0},{"not_picked":["Heavy Blade","Evolve"],"picked":"Anger","floor":1},{"not_picked":["Havoc","Combust"],"picked":"Sword Boomerang","floor":3},{"not_picked":["Evolve","Anger"],"picked":"Shrug It Off","floor":4},{"not_picked":["Clash","Rupture"],"picked":"Rage","floor":5},{"not_picked":["Impervious","Rupture"],"picked":"Juggernaut","floor":6},{"not_picked":["Pummel","Hemokinesis","Blood for Blood"],"picked":"SKIP","floor":8},{"not_picked":["Sword Boomerang","Perfected Strike"],"picked":"Shrug It Off+1","floor":10},{"not_picked":["Twin Strike","Warcry+1","Iron Wave"],"picked":"SKIP","floor":11},{"not_picked":["Combust","Second Wind+1"],"picked":"Dual Wield+1","floor":13},{"not_picked":["Immolate","Demon Form"],"picked":"Double Tap+1","floor":16},{"not_picked":["Intimidate+1","Clash"],"picked":"Flame Barrier+1","floor":18},{"not_picked":["Power Through+1","Anger"],"picked":"Disarm+1","floor":20},{"not_picked":["Heavy Blade","Pommel Strike"],"picked":"True Grit+1","floor":21},{"not_picked":["Intimidate+1","Thunderclap","Havoc+1"],"picked":"SKIP","floor":24},{"not_picked":["Impervious+1","Brutality"],"picked":"Exhume+1","floor":33},{"not_picked":["Rupture","Wild Strike+1","Dropkick+1"],"picked":"SKIP","floor":35},{"not_picked":["Cleave+1","Blood for Blood+1"],"picked":"Seeing Red+1","floor":37},{"not_picked":["Warcry+1","Fire Breathing"],"picked":"Headbutt+1","floor":39},{"not_picked":["Havoc+1","Perfected Strike+1"],"picked":"Metallicize","floor":41},{"not_picked":["Wild Strike+1","Sword Boomerang+1"],"picked":"Pommel Strike+1","floor":42},{"not_picked":["Fire Breathing+1","Clothesline+1"],"picked":"Whirlwind+1","floor":47}],"player_experience":552073,"relics_obtained":[{"floor":6,"key":"Self Forming Clay"},{"floor":9,"key":"Toxic Egg 2"},{"floor":13,"key":"Nunchaku"},{"floor":26,"key":"Molten Egg 2"},{"floor":47,"key":"Regal Pillow"}],"event_choices":[{"cards_removed":["Strike_R"],"damage_healed":0,"gold_gain":0,"player_choice":"Purged","damage_taken":0,"max_hp_gain":0,"max_hp_loss":0,"event_name":"Purifier","floor":2,"gold_loss":0},{"damage_healed":0,"gold_gain":0,"player_choice":"Paid Gold","damage_taken":0,"relics_obtained":["Pantograph"],"max_hp_gain":0,"max_hp_loss":0,"event_name":"WeMeetAgain","floor":14,"gold_loss":119},{"damage_healed":0,"gold_gain":0,"player_choice":"Copied","damage_taken":0,"max_hp_gain":0,"max_hp_loss":0,"event_name":"Duplicator","floor":19,"gold_loss":0,"cards_obtained":["Flame Barrier"]},{"damage_healed":0,"gold_gain":0,"player_choice":"Simplicity","damage_taken":0,"max_hp_gain":0,"max_hp_loss":0,"event_name":"Back to Basics","floor":22,"gold_loss":0,"cards_upgraded":["Strike_R","Strike_R","Strike_R","Strike_R","Defend_R","Defend_R","Defend_R","Defend_R"]},{"damage_healed":0,"gold_gain":0,"player_choice":"Inject Mutagens","damage_taken":0,"relics_obtained":["MutagenicStrength"],"max_hp_gain":0,"max_hp_loss":0,"event_name":"Drug Dealer","floor":28,"gold_loss":0},{"damage_healed":0,"gold_gain":0,"player_choice":"Stole Relic","damage_taken":0,"relics_obtained":["Vajra"],"max_hp_gain":0,"max_hp_loss":0,"event_name":"Addict","floor":31,"gold_loss":0,"cards_obtained":["Shame"]},{"cards_removed":["Exhume"],"damage_healed":0,"gold_gain":0,"player_choice":"Removed Skill","damage_taken":0,"max_hp_gain":0,"max_hp_loss":0,"event_name":"Falling","floor":36,"gold_loss":0},{"damage_healed":0,"gold_gain":0,"player_choice":"Max HP","damage_taken":0,"max_hp_gain":0,"max_hp_loss":4,"event_name":"Winding Halls","floor":45,"gold_loss":0}],"is_beta":false,"boss_relics":[{"not_picked":["Ectoplasm","Calling Bell"],"picked":"Cursed Key"},{"not_picked":["White Beast Statue","Mark of Pain"],"picked":"Sozu"}],"items_purged_floors":[25],"is_endless":false,"potions_floor_spawned":[3,8,10,11,18,24,33,39,47],"ascension_level":12}