{"gold_per_floor":[214,232,232,232,77,77,95,122,122,137,137,147,147,178,178,282,282,268,280,290,290,35,35,35,54,54,54,54,74,84,119,119,214,264,277,277,292,218,228,257,257,357,357,357,409,422],"floor_reached":46,"playtime":3618,"items_purged":["Defend_G"],"score":505,"play_id":"0e5ebcc6-88a5-46bf-82a0-8ba9675151e9","local_time":"20190312231856","is_ascension_mode":false,"campfire_choices":[{"data":"Neutralize","floor":6,"key":"SMITH"},{"data":"Neutralize","floor":11,"key":"SMITH"},{"data":"Cloak And Dagger","floor":13,"key":"SMITH"},{"data":"Footwork","floor":15,"key":"SMITH"},{"data":"Finisher","floor":23,"key":"SMITH"},{"data":"Quick Slash","floor":28,"key":"SMITH"},{"data":"Storm of Steel","floor":32,"key":"SMITH"},{"data":"Burst","floor":41,"key":"SMITH"},{"data":"Accuracy","floor":44,"key":"SMITH"}],"neow_cost":"NONE","seed_source_timestamp":1496845140961029,"circlet_count":0,"master_deck":["Defend_G","Defend_G+1","Defend_G","Defend_G","Strike_G","Strike_G","Strike_G","Strike_G","Survivor","Neutralize+1","Infinite Blades","Quick Slash+1","Finisher+1","Bandage Up","Neutralize+1","Footwork+1","Cloak And Dagger+1","Blur","Escape Plan","Blur","Die Die Die","Dodge and Roll+1","Flying Knee","Flying Knee","Acrobatics+1","Deflect","Terror+1","Storm of Steel+1","Masterful Stab","Prepared","Metamorphosis","Backflip","Accuracy+1","Burst+1","Masterful Stab+1","Dodge and Roll+1","Blade Dance+1","Crippling Poison"],"relics":["Ring of the Snake","Blood Vial","Ancient Tea Set","Coffee Dripper","Kunai","Centennial Puzzle","Anchor","Tiny House","Smiling Mask","Pocketwatch","Paper Crane","Calipers"],"potions_floor_usage":[8,16,20,31,37,40,45],"damage_taken":[{"damage":1,"enemies":"Small Slimes","floor":1,"turns":3},{"damage":0,"enemies":"Cultist","floor":2,"turns":4},{"damage":0,"enemies":"2 Louse","floor":7,"turns":3},{"damage":1,"enemies":"Lagavulin","floor":8,"turns":8},{"damage":3,"enemies":"Red Slaver","floor":10,"turns":5},{"damage":11,"enemies":"3 Louse","floor":12,"turns":4},{"damage":11,"enemies":"3 Sentries","floor":14,"turns":7},{"damage":12,"enemies":"Hexaghost","floor":16,"turns":13},{"damage":8,"enemies":"2 Thieves","floor":18,"turns":4},{"damage":0,"enemies":"3 Byrds","floor":19,"turns":6},{"damage":9,"enemies":"Centurion and Healer","floor":20,"turns":8},{"damage":0,"enemies":"Cultist and Chosen","floor":25,"turns":7},{"damage":0,"enemies":"Snake Plant","floor":29,"turns":7},{"damage":0,"enemies":"Sentry and Sphere","floor":30,"turns":5},{"damage":21,"enemies":"Slavers","floor":31,"turns":6},{"damage":14,"enemies":"Champ","floor":33,"turns":16},{"damage":0,"enemies":"Orb Walker","floor":35,"turns":4},{"damage":5,"enemies":"3 Darklings","floor":37,"turns":9},{"damage":0,"enemies":"Writhing Mass","floor":39,"turns":7},{"damage":23,"enemies":"Nemesis","floor":40,"turns":7},{"damage":0,"enemies":"Mind Bloom Boss Battle","floor":42,"turns":7},{"damage":30,"enemies":"2 Orb Walkers","floor":45,"turns":7},{"damage":17,"enemies":"Sphere and 2 Shapes","floor":46,"turns":7}],"seed_played":"-188825699625778831","potions_obtained":[{"floor":1,"key":"EssenceOfSteel"},{"floor":7,"key":"SmokeBomb"},{"floor":14,"key":"SkillPotion"},{"floor":18,"key":"Dexterity Potion"},{"floor":19,"key":"Regen Potion"},{"floor":24,"key":"SteroidPotion"},{"floor":24,"key":"Regen Potion"},{"floor":33,"key":"Explosive Potion"},{"floor":37,"key":"Dexterity Potion"},{"floor":40,"key":"Ancient Potion"},{"floor":46,"key":"GamblersBrew"}],"is_trial":false,"path_per_floor":["M","M","?","?","$","R","M","E","T","M","R","M","R","E","R","B",null,"M","M","M","?","$","R","?","M","T","$","R","M","M","E","R","B",null,"M","?","M","$","M","E","R","?","T","R","?","M"],"character_chosen":"THE_SILENT","items_purchased":["Footwork","Kunai","Accuracy"],"campfire_rested":0,"item_purchase_floors":[5,22,38],"current_hp_per_floor":[69,69,69,69,69,69,70,69,69,69,69,59,59,54,54,48,70,66,70,70,70,70,70,70,70,70,70,70,70,70,67,67,59,75,75,75,74,74,75,56,56,62,62,62,38,27],"gold":422,"neow_bonus":"HUNDRED_GOLD","is_prod":false,"is_daily":false,"chose_seed":false,"campfire_upgraded":9,"win_rate":0,"timestamp":1552403936,"path_taken":["M","M","?","?","$","R","M","E","T","M","R","M","R","E","R","BOSS","M","M","?","?","$","R","?","M","T","$","R","M","M","E","R","BOSS","M","?","M","$","M","E","R","?","T","R","?","M"],"build_version":"2019-01-23","purchased_purges":1,"victory":false,"max_hp_per_floor":[70,70,70,70,70,70,70,70,70,70,70,70,70,70,70,70,70,70,70,70,70,70,70,70,70,70,70,70,70,70,70,70,70,75,75,75,75,75,75,75,75,75,75,75,75,75],"card_choices":[{"not_picked":["Slice","Blade Dance"],"picked":"Infinite Blades","floor":1},{"not_picked":["Bouncing Flask","Dodge and Roll"],"picked":"Quick Slash","floor":2},{"not_picked":["Slice","Poisoned Stab"],"picked":"Cloak And Dagger","floor":7},{"not_picked":["All Out Attack","Deadly Poison","Crippling Poison"],"picked":"SKIP","floor":8},{"not_picked":["Dagger Spray","Flying Knee"],"picked":"Blur","floor":10},{"not_picked":["Acrobatics","Flechettes"],"picked":"Escape Plan","floor":12},{"not_picked":["Dagger Spray","Bane"],"picked":"Blur","floor":14},{"not_picked":["Wraith Form v2","Grand Finale"],"picked":"Die Die Die","floor":16},{"not_picked":["PiercingWail","Deadly Poison"],"picked":"Dodge and Roll+1","floor":18},{"not_picked":["Endless Agony","Skewer"],"picked":"Flying Knee","floor":19},{"not_picked":["Backflip","Sucker Punch"],"picked":"Flying Knee","floor":20},{"not_picked":["Expertise","Poisoned Stab+1"],"picked":"Acrobatics+1","floor":25},{"not_picked":["Deadly Poison","Acrobatics"],"picked":"Deflect","floor":29},{"not_picked":["Sucker Punch+1","Expertise"],"picked":"Terror+1","floor":30},{"not_picked":["Dash","Sucker Punch+1"],"picked":"Storm of Steel","floor":31},{"not_picked":["Prepared","Deflect"],"picked":"Masterful Stab","floor":34},{"not_picked":["Terror","Tactician+1"],"picked":"Prepared","floor":35},{"not_picked":["Jack Of All Trades","Flash of Steel"],"picked":"Metamorphosis","floor":36},{"not_picked":["PiercingWail","Slice+1"],"picked":"Backflip","floor":37},{"not_picked":["Expertise","Backflip"],"picked":"Burst","floor":39},{"not_picked":["Acrobatics","Deadly Poison"],"picked":"Masterful Stab+1","floor":40},{"not_picked":["Skewer","Masterful Stab+1"],"picked":"Dodge and Roll+1","floor":42},{"not_picked":["Backflip","Eviscerate"],"picked":"Blade Dance+1","floor":45},{"not_picked":["Deadly Poison+1","Dagger Throw"],"picked":"Crippling Poison","floor":46}],"player_experience":818472,"relics_obtained":[{"floor":8,"key":"Blood Vial"},{"floor":14,"key":"Ancient Tea Set"},{"floor":26,"key":"Centennial Puzzle"},{"floor":31,"key":"Anchor"},{"floor":40,"key":"Smiling Mask"},{"floor":42,"key":"Pocketwatch"},{"floor":43,"key":"Paper Crane"},{"floor":45,"key":"Calipers"}],"event_choices":[{"damage_healed":0,"gold_gain":0,"cards_transformed":["Strike_G"],"player_choice":"Change","damage_taken":0,"max_hp_gain":0,"max_hp_loss":0,"event_name":"Living Wall","floor":3,"gold_loss":0,"cards_obtained":["Finisher"]},{"damage_healed":0,"gold_gain":0,"player_choice":"2 cards matched","damage_taken":0,"max_hp_gain":0,"max_hp_loss":0,"event_name":"Match and Keep!","floor":4,"gold_loss":0,"cards_obtained":["Bandage Up","Neutralize"]},{"damage_healed":0,"gold_gain":0,"player_choice":"Ignored","damage_taken":0,"max_hp_gain":0,"max_hp_loss":0,"event_name":"Ghosts","floor":21,"gold_loss":0},{"damage_healed":0,"gold_gain":0,"player_choice":"Got Potions","damage_taken":0,"max_hp_gain":0,"max_hp_loss":0,"event_name":"Lab","floor":24,"gold_loss":0},{"damage_healed":0,"gold_gain":0,"player_choice":"Memory 1","damage_taken":0,"max_hp_gain":0,"max_hp_loss":0,"event_name":"SensoryStone","floor":36,"gold_loss":0},{"damage_healed":0,"gold_gain":0,"player_choice":"Fight","damage_taken":0,"max_hp_gain":0,"max_hp_loss":0,"event_name":"MindBloom","floor":42,"gold_loss":0},{"damage_healed":0,"gold_gain":0,"player_choice":"Fight","damage_taken":0,"max_hp_gain":0,"max_hp_loss":0,"event_name":"Mysterious Sphere","floor":45,"gold_loss":0}],"is_beta":false,"boss_relics":[{"not_picked":["Astrolabe","Snecko Eye"],"picked":"Coffee Dripper"},{"not_picked":["Cursed Key","HoveringKite"],"picked":"Tiny House"}],"items_purged_floors":[5],"is_endless":false,"potions_floor_spawned":[1,7,14,18,19,30,33,37,40,42,46],"killed_by":"Sphere and 2 Shapes","ascension_level":0}