{"gold_per_floor":[117,134,35,35,13,27,58,58,139,152,152,163,192,211,211,309,309,327,327,341,441,279,279,279,279],"floor_reached":25,"playtime":1050,"items_purged":["Strike_R"],"score":264,"play_id":"60c598d3-e50a-4c11-920c-366802b7dbe7","local_time":"20190321212804","is_ascension_mode":true,"campfire_choices":[{"data":"Rampage","floor":8,"key":"SMITH"},{"data":"Heavy Blade","floor":11,"key":"SMITH"},{"floor":15,"key":"REST"},{"floor":23,"key":"REST"}],"neow_cost":"NONE","seed_source_timestamp":84317380341300,"circlet_count":0,"master_deck":["Strike_R","Strike_R","Defend_R","Defend_R","Defend_R","Defend_R","Bash","Intimidate","Clash","Inflame","Heavy Blade+1","Iron Wave","Rampage+1","Cleave","Barricade","Bludgeon","Flex","Shrug It Off","Uppercut"],"relics":["Burning Blood","Centennial Puzzle","Mercury Hourglass","Vajra","Empty Cage","Ice Cream","Shovel","Mummified Hand"],"potions_floor_usage":[7,13,20,21,21],"damage_taken":[{"damage":5,"enemies":"Jaw Worm","floor":1,"turns":5},{"damage":3,"enemies":"Small Slimes","floor":2,"turns":5},{"damage":1,"enemies":"Cultist","floor":6,"turns":3},{"damage":13,"enemies":"Gremlin Nob","floor":7,"turns":3},{"damage":2,"enemies":"2 Fungi Beasts","floor":10,"turns":3},{"damage":17,"enemies":"Exordium Thugs","floor":12,"turns":3},{"damage":35,"enemies":"3 Sentries","floor":13,"turns":7},{"damage":0,"enemies":"Large Slime","floor":14,"turns":2},{"damage":63,"enemies":"Hexaghost","floor":16,"turns":10},{"damage":19,"enemies":"Chosen","floor":18,"turns":4},{"damage":22,"enemies":"3 Byrds","floor":20,"turns":3},{"damage":9,"enemies":"Colosseum Slavers","floor":21,"turns":4},{"damage":30,"enemies":"Colosseum Nobs","floor":21,"turns":5},{"damage":35,"enemies":"Centurion and Healer","floor":25,"turns":4}],"seed_played":"3783305679171698092","potions_obtained":[{"floor":1,"key":"SkillPotion"},{"floor":6,"key":"Energy Potion"},{"floor":14,"key":"Dexterity Potion"},{"floor":16,"key":"LiquidBronze"},{"floor":20,"key":"Energy Potion"},{"floor":21,"key":"SmokeBomb"}],"is_trial":false,"path_per_floor":["M","M","$","?","$","M","E","R","T","M","R","M","E","M","R","B",null,"M","?","M","?","$","R","?","M"],"character_chosen":"IRONCLAD","items_purchased":["Inflame","Heavy Blade","Iron Wave","Shrug It Off","Uppercut"],"campfire_rested":2,"item_purchase_floors":[3,3,5,22,22],"current_hp_per_floor":[80,80,80,80,80,80,73,73,73,77,77,66,37,43,67,10,63,50,50,34,7,7,31,31,0],"gold":279,"neow_bonus":"THREE_CARDS","is_prod":false,"is_daily":false,"chose_seed":false,"campfire_upgraded":2,"win_rate":0,"timestamp":1553200084,"path_taken":["M","M","$","?","$","M","E","R","T","M","R","M","E","M","R","BOSS","M","?","M","?","$","R","?","M"],"build_version":"2019-01-23","purchased_purges":1,"victory":false,"max_hp_per_floor":[80,80,80,80,80,80,80,80,80,80,80,80,80,80,80,80,80,80,80,80,80,80,80,80,80],"card_choices":[{"not_picked":["Searing Blow","Headbutt"],"picked":"Intimidate","floor":0},{"not_picked":["Burning Pact","Reckless Charge","Warcry"],"picked":"SKIP","floor":1},{"not_picked":["Headbutt","Heavy Blade"],"picked":"Clash","floor":2},{"not_picked":["Armaments","Shrug It Off"],"picked":"Rampage","floor":6},{"not_picked":["Carnage","Burning Pact","Anger"],"picked":"SKIP","floor":7},{"not_picked":["Sword Boomerang","Burning Pact","Feel No Pain"],"picked":"SKIP","floor":10},{"not_picked":["Warcry","Body Slam","True Grit"],"picked":"SKIP","floor":12},{"not_picked":["Havoc","Feel No Pain"],"picked":"Cleave","floor":13},{"not_picked":["Flex","Armaments"],"picked":"Barricade","floor":14},{"not_picked":["Berserk","Immolate"],"picked":"Bludgeon","floor":16},{"not_picked":["Warcry","Flame Barrier","Iron Wave"],"picked":"SKIP","floor":18},{"not_picked":["Cleave","Wild Strike","Clash"],"picked":"SKIP","floor":20},{"not_picked":["Bloodletting","Whirlwind"],"picked":"Flex","floor":21}],"player_experience":418846,"relics_obtained":[{"floor":7,"key":"Centennial Puzzle"},{"floor":9,"key":"Mercury Hourglass"},{"floor":13,"key":"Vajra"},{"floor":21,"key":"Shovel"},{"floor":21,"key":"Mummified Hand"}],"event_choices":[{"damage_healed":0,"gold_gain":0,"player_choice":"Leave","damage_taken":0,"max_hp_gain":0,"max_hp_loss":0,"event_name":"The Cleric","floor":4,"gold_loss":0},{"damage_healed":0,"gold_gain":0,"player_choice":"Opened","damage_taken":0,"relics_obtained":["Ice Cream"],"max_hp_gain":0,"max_hp_loss":0,"event_name":"The Mausoleum","floor":19,"gold_loss":0},{"damage_healed":0,"gold_gain":0,"player_choice":"Fight","damage_taken":0,"max_hp_gain":0,"max_hp_loss":0,"event_name":"Colosseum","floor":21,"gold_loss":0},{"damage_healed":0,"gold_gain":0,"player_choice":"Fought Nobs","damage_taken":0,"max_hp_gain":0,"max_hp_loss":0,"event_name":"Colosseum","floor":21,"gold_loss":0},{"damage_healed":0,"gold_gain":0,"player_choice":"Ignored","damage_taken":0,"max_hp_gain":0,"max_hp_loss":0,"event_name":"Cursed Tome","floor":24,"gold_loss":0}],"is_beta":false,"boss_relics":[{"not_picked":["Black Blood","Philosopher\u0027s Stone"],"picked":"Empty Cage"}],"items_purged_floors":[22],"is_endless":false,"potions_floor_spawned":[1,6,14,16,20,21,21],"killed_by":"Centurion and Healer","ascension_level":5}