{"gold_per_floor":[112,127,52,71,86,112,122,139,209,209,61,136,36,36,36,138,138,151,151,151,178,188,188,208,208,235,254,274,100,200,220,220,220],"floor_reached":33,"playtime":823,"items_purged":["Defend_R","Strike_R","Wild Strike"],"score":249,"play_id":"8430decd-00e2-4962-98bf-c42d936a7afe","local_time":"20190418152928","is_ascension_mode":false,"campfire_choices":[{"data":"Perfected Strike","floor":10,"key":"SMITH"},{"data":"Bash","floor":15,"key":"SMITH"},{"data":"Flex","floor":23,"key":"SMITH"},{"data":"Flex","floor":25,"key":"SMITH"},{"floor":32,"key":"REST"}],"neow_cost":"NONE","seed_source_timestamp":595161238301400,"circlet_count":0,"master_deck":["Strike_R","Strike_R","Strike_R","Strike_R","Defend_R","Defend_R","Defend_R","Bash+1","Flex+1","Headbutt","Twin Strike","Flex+1","Perfected Strike+1","Cleave","Wild Strike","Wild Strike+1","True Grit","Pommel Strike"],"relics":["Burning Blood","Torii","Blue Candle","Bag of Preparation","Sozu","Strawberry","Red Skull","Ginger","Gremlin Horn"],"potions_floor_usage":[6,27,30],"damage_taken":[{"damage":6,"enemies":"Cultist","floor":1,"turns":3},{"damage":3,"enemies":"2 Louse","floor":2,"turns":4},{"damage":6,"enemies":"Jaw Worm","floor":4,"turns":3},{"damage":3,"enemies":"2 Fungi Beasts","floor":5,"turns":3},{"damage":28,"enemies":"Gremlin Nob","floor":6,"turns":4},{"damage":8,"enemies":"Blue Slaver","floor":7,"turns":3},{"damage":0,"enemies":"Exordium Wildlife","floor":8,"turns":2},{"damage":16,"enemies":"Slime Boss","floor":16,"turns":7},{"damage":0,"enemies":"Spheric Guardian","floor":18,"turns":2},{"damage":1,"enemies":"3 Byrds","floor":22,"turns":5},{"damage":0,"enemies":"Snecko","floor":24,"turns":2},{"damage":21,"enemies":"Snake Plant","floor":27,"turns":2},{"damage":21,"enemies":"Sentry and Sphere","floor":28,"turns":4},{"damage":7,"enemies":"Colosseum Slavers","floor":30,"turns":2},{"damage":8,"enemies":"Colosseum Nobs","floor":30,"turns":4},{"damage":6,"enemies":"3 Cultists","floor":31,"turns":3},{"damage":87,"enemies":"Champ","floor":33,"turns":6}],"seed_played":"7010479039339490664","potions_obtained":[{"floor":1,"key":"PowerPotion"},{"floor":4,"key":"Explosive Potion"},{"floor":7,"key":"SteroidPotion"}],"is_trial":false,"path_per_floor":["M","M","$","M","M","E","M","M","T","R","$","?","$","?","R","B",null,"M","?","?","T","M","R","M","R","T","M","M","$","?","M","R","B"],"character_chosen":"IRONCLAD","items_purchased":["Bag of Preparation","True Grit"],"campfire_rested":1,"item_purchase_floors":[11,29],"current_hp_per_floor":[80,80,80,80,80,58,56,62,62,62,62,51,51,77,77,67,80,80,65,65,72,77,77,83,83,83,68,53,53,50,50,77,0],"gold":220,"neow_bonus":"THREE_CARDS","is_prod":false,"is_daily":false,"chose_seed":false,"campfire_upgraded":4,"win_rate":0,"timestamp":1555594168,"path_taken":["M","M","?","M","M","E","M","M","T","R","$","?","$","?","R","BOSS","M","?","?","?","?","R","M","R","T","M","M","$","?","M","R","BOSS"],"build_version":"2019-01-23","purchased_purges":3,"victory":false,"max_hp_per_floor":[80,80,80,80,80,80,80,80,80,80,80,80,80,80,80,80,80,80,85,85,92,92,92,92,92,92,92,92,92,92,92,92,92],"card_choices":[{"not_picked":["Fire Breathing","Inflame"],"picked":"Flex","floor":0},{"not_picked":["Uppercut","Second Wind"],"picked":"Headbutt","floor":1},{"not_picked":["Inflame","Carnage"],"picked":"Twin Strike","floor":2},{"not_picked":["Hemokinesis","Inflame"],"picked":"Flex","floor":4},{"not_picked":["Uppercut","Rupture"],"picked":"Perfected Strike","floor":5},{"not_picked":["Demon Form","Armaments"],"picked":"Cleave","floor":6},{"not_picked":["Infernal Blade","Burning Pact"],"picked":"Wild Strike","floor":7},{"not_picked":["Sword Boomerang","Flex","Sever Soul"],"picked":"SKIP","floor":8},{"not_picked":["Warcry+1","Iron Wave"],"picked":"Wild Strike","floor":18},{"not_picked":["Sword Boomerang","Flame Barrier+1"],"picked":"Wild Strike+1","floor":22},{"not_picked":["Fire Breathing","Body Slam","Thunderclap"],"picked":"SKIP","floor":24},{"not_picked":["Intimidate","Evolve","Flame Barrier"],"picked":"SKIP","floor":27},{"not_picked":["Hemokinesis+1","Flex","Seeing Red"],"picked":"SKIP","floor":28},{"not_picked":["Sentinel+1","Twin Strike"],"picked":"Pommel Strike","floor":30},{"not_picked":["Anger","Heavy Blade","Rage"],"picked":"SKIP","floor":31}],"player_experience":600489,"relics_obtained":[{"floor":6,"key":"Torii"},{"floor":9,"key":"Blue Candle"},{"floor":21,"key":"Strawberry"},{"floor":26,"key":"Red Skull"},{"floor":30,"key":"Ginger"},{"floor":30,"key":"Gremlin Horn"}],"event_choices":[{"damage_healed":0,"gold_gain":75,"player_choice":"Gather Gold","damage_taken":11,"max_hp_gain":0,"max_hp_loss":0,"event_name":"World of Goop","floor":12,"gold_loss":0},{"damage_healed":26,"gold_gain":0,"player_choice":"Banana","damage_taken":0,"max_hp_gain":0,"max_hp_loss":0,"event_name":"Big Fish","floor":14,"gold_loss":0},{"damage_healed":0,"gold_gain":0,"player_choice":"Shed Blood","damage_taken":20,"max_hp_gain":5,"max_hp_loss":0,"event_name":"Forgotten Altar","floor":19,"gold_loss":0},{"damage_healed":0,"gold_gain":0,"player_choice":"Ignored","damage_taken":0,"max_hp_gain":0,"max_hp_loss":0,"event_name":"Vampires","floor":20,"gold_loss":0},{"damage_healed":0,"gold_gain":0,"player_choice":"Fight","damage_taken":0,"max_hp_gain":0,"max_hp_loss":0,"event_name":"Colosseum","floor":30,"gold_loss":0},{"damage_healed":0,"gold_gain":0,"player_choice":"Fought Nobs","damage_taken":0,"max_hp_gain":0,"max_hp_loss":0,"event_name":"Colosseum","floor":30,"gold_loss":0}],"is_beta":false,"boss_relics":[{"not_picked":["Eternal Feather","Calling Bell"],"picked":"Sozu"}],"items_purged_floors":[3,13,29],"is_endless":false,"potions_floor_spawned":[1,4,7,27,30,31],"killed_by":"Champ","ascension_level":0}