{"gold_per_floor":[213,138,158,173,73,73,86,86,136,211,237,256,256,270,270,369,369,382,12,27,45,65,65,81,81,81,115,128,138,138,148,148,245,245,265,265,87,103,9,9,26,44,71,71,83,95,109,123,123,123],"floor_reached":50,"playtime":2919,"items_purged":["Strike_B","Strike_B"],"score":499,"play_id":"baa60568-ea96-4f04-ba78-ba396409efe4","local_time":"20190303193507","is_ascension_mode":false,"campfire_choices":[{"data":"White Noise","floor":6,"key":"SMITH"},{"data":"Zap","floor":8,"key":"SMITH"},{"data":"Conserve Battery","floor":15,"key":"SMITH"},{"floor":23,"key":"REST"},{"floor":25,"key":"REST"},{"floor":32,"key":"REST"},{"floor":40,"key":"REST"},{"floor":44,"key":"REST"},{"floor":49,"key":"REST"}],"neow_cost":"NONE","seed_source_timestamp":706569212498859,"circlet_count":0,"master_deck":["Strike_B+1","Defend_B+1","Defend_B+1","Defend_B+1","Defend_B+1","Zap+1","Dualcast","White Noise+1","White Noise","Conserve Battery+1","Ball Lightning+1","Conserve Battery+1","Rebound","Ball Lightning","Reboot","Lockon","Defragment","Sweeping Beam","Force Field+1","Capacitor+1","Rebound+1","Thunder Strike","Ball Lightning","Capacitor+1","Hologram","Seek","Go for the Eyes+1","Ball Lightning+1","Apotheosis","Static Discharge","Steam+1","Parasite","Reinforced Body","Streamline+1"],"relics":["Cracked Core","Whetstone","Ancient Tea Set","Fusion Hammer","Membership Card","Cables","War Paint","Dead Branch","Cursed Key","Oddly Smooth Stone","Frozen Eye","Strawberry"],"potions_floor_usage":[16,16,27,28,50,50],"damage_taken":[{"damage":7,"enemies":"Small Slimes","floor":1,"turns":3},{"damage":4,"enemies":"2 Louse","floor":3,"turns":2},{"damage":1,"enemies":"Cultist","floor":4,"turns":3},{"damage":0,"enemies":"2 Fungi Beasts","floor":7,"turns":3},{"damage":10,"enemies":"3 Sentries","floor":11,"turns":5},{"damage":7,"enemies":"3 Louse","floor":12,"turns":3},{"damage":6,"enemies":"Lots of Slimes","floor":14,"turns":2},{"damage":24,"enemies":"The Guardian","floor":16,"turns":11},{"damage":15,"enemies":"3 Byrds","floor":18,"turns":4},{"damage":0,"enemies":"Spheric Guardian","floor":20,"turns":3},{"damage":5,"enemies":"Chosen and Byrds","floor":21,"turns":4},{"damage":21,"enemies":"Snake Plant","floor":22,"turns":3},{"damage":8,"enemies":"Snecko","floor":24,"turns":4},{"damage":13,"enemies":"Book of Stabbing","floor":27,"turns":4},{"damage":5,"enemies":"Sentry and Sphere","floor":28,"turns":4},{"damage":0,"enemies":"Chosen and Byrds","floor":29,"turns":4},{"damage":0,"enemies":"Snecko","floor":31,"turns":3},{"damage":54,"enemies":"Automaton","floor":33,"turns":9},{"damage":16,"enemies":"3 Darklings","floor":35,"turns":6},{"damage":9,"enemies":"3 Shapes","floor":38,"turns":2},{"damage":7,"enemies":"3 Darklings","floor":41,"turns":5},{"damage":14,"enemies":"Maw","floor":42,"turns":6},{"damage":38,"enemies":"Jaw Worm Horde","floor":45,"turns":4},{"damage":16,"enemies":"Spire Growth","floor":46,"turns":4},{"damage":0,"enemies":"Transient","floor":47,"turns":5},{"damage":9,"enemies":"4 Shapes","floor":48,"turns":3},{"damage":44,"enemies":"Awakened One","floor":50,"turns":6}],"seed_played":"-8289435859241717166","potions_obtained":[{"floor":1,"key":"FearPotion"},{"floor":7,"key":"PowerPotion"},{"floor":12,"key":"Dexterity Potion"},{"floor":16,"key":"SteroidPotion"},{"floor":22,"key":"FocusPotion"},{"floor":27,"key":"SteroidPotion"},{"floor":29,"key":"Poison Potion"},{"floor":31,"key":"GamblersBrew"},{"floor":45,"key":"AttackPotion"}],"is_trial":false,"path_per_floor":["M","$","M","M","$","R","M","R","T","?","E","M","?","M","R","B",null,"M","$","M","M","M","R","M","R","T","E","M","M","?","M","R","B",null,"M","?","$","M","$","R","M","M","T","R","M","M","M","M","R","B"],"character_chosen":"DEFECT","items_purchased":["Membership Card","Defragment","Cables","Oddly Smooth Stone","Frozen Eye","Apotheosis"],"campfire_rested":6,"item_purchase_floors":[19,19,19,37,37,39],"current_hp_per_floor":[68,68,64,63,63,63,63,63,63,52,42,35,35,29,29,5,75,60,60,60,55,34,56,48,70,70,57,52,52,52,52,74,20,75,59,59,59,50,50,72,65,51,58,82,44,28,28,19,43,0],"gold":123,"neow_bonus":"HUNDRED_GOLD","is_prod":false,"is_daily":false,"chose_seed":false,"campfire_upgraded":3,"win_rate":0,"timestamp":1551612907,"path_taken":["M","$","M","M","$","R","M","R","T","?","E","M","?","M","R","BOSS","M","$","M","M","M","R","?","R","T","E","M","M","?","M","R","BOSS","M","?","$","?","$","R","M","M","T","R","M","M","M","M","R","BOSS"],"build_version":"2019-01-23","purchased_purges":2,"victory":false,"max_hp_per_floor":[75,75,75,75,75,75,75,75,75,75,75,75,75,75,75,75,75,75,75,75,75,75,75,75,75,75,75,75,75,75,75,75,75,75,75,75,75,75,75,75,75,75,82,82,82,82,82,82,82,82],"card_choices":[{"not_picked":["Auto Shields","Melter"],"picked":"White Noise","floor":1},{"not_picked":["Leap","Streamline"],"picked":"White Noise","floor":3},{"not_picked":["Compile Driver","Barrage"],"picked":"Conserve Battery","floor":4},{"not_picked":["Beam Cell","Steam"],"picked":"Ball Lightning","floor":7},{"not_picked":["Redo","Melter"],"picked":"Conserve Battery","floor":11},{"not_picked":["Sweeping Beam","Blizzard"],"picked":"Rebound","floor":12},{"not_picked":["Auto Shields","Cold Snap"],"picked":"Ball Lightning","floor":14},{"not_picked":["Fission","Buffer"],"picked":"Reboot","floor":16},{"not_picked":["Blizzard","Melter"],"picked":"Lockon","floor":18},{"not_picked":["Gash","Beam Cell"],"picked":"Sweeping Beam","floor":20},{"not_picked":["Storm","Scrape"],"picked":"Force Field","floor":21},{"not_picked":["Gash+1","Lockon+1"],"picked":"Capacitor+1","floor":22},{"not_picked":["Steam Power","Lockon"],"picked":"Rebound+1","floor":24},{"not_picked":["Meteor Strike","Ball Lightning"],"picked":"Thunder Strike","floor":27},{"not_picked":["Coolheaded","Turbo"],"picked":"Ball Lightning","floor":28},{"not_picked":["Stack","Glacier"],"picked":"Capacitor+1","floor":29},{"not_picked":["Conserve Battery","Blizzard+1"],"picked":"Hologram","floor":31},{"not_picked":["Reboot","Multi-Cast"],"picked":"Seek","floor":33},{"not_picked":["Stack+1","Gash+1"],"picked":"Go for the Eyes+1","floor":35},{"not_picked":["Darkness+1","Sunder"],"picked":"Ball Lightning+1","floor":38},{"not_picked":["Reboot","Sunder+1"],"picked":"Static Discharge","floor":41},{"not_picked":["Chaos+1","Turbo+1"],"picked":"Steam+1","floor":42},{"not_picked":["Hello World+1","Sweeping Beam+1"],"picked":"Reinforced Body","floor":45},{"not_picked":["Gash","Scrape+1","Redo"],"picked":"SKIP","floor":46},{"not_picked":["Go for the Eyes","Amplify","Genetic Algorithm+1"],"picked":"SKIP","floor":47},{"not_picked":["Redo","Steam+1"],"picked":"Streamline+1","floor":48}],"player_experience":733688,"relics_obtained":[{"floor":9,"key":"Whetstone"},{"floor":11,"key":"Ancient Tea Set"},{"floor":26,"key":"War Paint"},{"floor":27,"key":"Dead Branch"},{"floor":43,"key":"Strawberry"}],"event_choices":[{"damage_healed":0,"gold_gain":75,"player_choice":"Gather Gold","damage_taken":11,"max_hp_gain":0,"max_hp_loss":0,"event_name":"World of Goop","floor":10,"gold_loss":0},{"cards_removed":["Strike_B"],"damage_healed":0,"gold_gain":0,"player_choice":"Purged","damage_taken":0,"max_hp_gain":0,"max_hp_loss":0,"event_name":"Purifier","floor":13,"gold_loss":0},{"damage_healed":0,"gold_gain":0,"player_choice":"Simplicity","damage_taken":0,"max_hp_gain":0,"max_hp_loss":0,"event_name":"Back to Basics","floor":30,"gold_loss":0,"cards_upgraded":["Defend_B","Defend_B","Defend_B","Defend_B"]},{"damage_healed":0,"gold_gain":0,"player_choice":"Bought 0 Potions","damage_taken":0,"max_hp_gain":0,"max_hp_loss":0,"event_name":"The Woman in Blue","floor":36,"gold_loss":0}],"is_beta":false,"boss_relics":[{"not_picked":["Snecko Eye","FrozenCore"],"picked":"Fusion Hammer"},{"not_picked":["Empty Cage","Lizard Tail"],"picked":"Cursed Key"}],"items_purged_floors":[2,5],"is_endless":false,"potions_floor_spawned":[1,7,12,16,22,27,29,31,38,42,45,46],"killed_by":"Awakened One","ascension_level":0}