{"gold_per_floor":[110,110,285,300,300,300,300,300,300,333,333,373,153,168,168,292,292,313,313,313,383,308,308,347,347,430,430,449,462,482,482,482,603,603,623,45,58,79,79,79,79,79,79,412,412,446,463,482,482,482,482,482,68,101,101],"floor_reached":55,"playtime":5192,"items_purged":["Doubt"],"score":813,"play_id":"0b152253-daa6-4f2f-8478-acbe89a4118b","local_time":"20190224222712","is_ascension_mode":true,"campfire_choices":[{"data":"Dualcast","floor":6,"key":"SMITH"},{"data":"Undo","floor":8,"key":"SMITH"},{"data":"Defragment","floor":11,"key":"SMITH"},{"data":"Defend_B","floor":15,"key":"PURGE"},{"data":"Strike_B","floor":23,"key":"PURGE"},{"data":"Rebound","floor":27,"key":"PURGE"},{"data":"Storm","floor":32,"key":"SMITH"},{"data":"Writhe","floor":40,"key":"PURGE"},{"data":"Machine Learning","floor":42,"key":"SMITH"},{"floor":49,"key":"RECALL"},{"data":"Deep Breath","floor":52,"key":"SMITH"}],"neow_cost":"NONE","seed_source_timestamp":760929079793140,"circlet_count":0,"master_deck":["Zap+1","Dualcast+1","Undo+1","Self Repair","Defragment+1","Machine Learning+1","Storm+1","Electrodynamics","Leap","Defragment+1","BootSequence","Thunder Strike+1","Deep Breath+1","Loop","Darkness"],"relics":["Cracked Core","NeowsBlessing","Kunai","Sundial","Peace Pipe","Happy Flower","Empty Cage","Symbiotic Virus","Pen Nib","Tiny Chest","Busted Crown","ClockworkSouvenir","FossilizedHelix","Whetstone","Thread and Needle","Bag of Preparation","DataDisk"],"potions_floor_usage":[18,30,33,33,48,55,55,55,55,55],"damage_taken":[{"damage":0,"enemies":"2 Louse","floor":1,"turns":1},{"damage":0,"enemies":"Small Slimes","floor":4,"turns":1},{"damage":0,"enemies":"Gremlin Nob","floor":10,"turns":1},{"damage":20,"enemies":"Lagavulin","floor":12,"turns":7},{"damage":1,"enemies":"Jaw Worm","floor":14,"turns":4},{"damage":14,"enemies":"Hexaghost","floor":16,"turns":9},{"damage":13,"enemies":"Shell Parasite","floor":18,"turns":6},{"damage":9,"enemies":"Book of Stabbing","floor":24,"turns":5},{"damage":0,"enemies":"Spheric Guardian","floor":28,"turns":3},{"damage":0,"enemies":"Cultist and Chosen","floor":29,"turns":4},{"damage":0,"enemies":"Snake Plant","floor":30,"turns":2},{"damage":43,"enemies":"Champ","floor":33,"turns":9},{"damage":6,"enemies":"Orb Walker","floor":35,"turns":2},{"damage":0,"enemies":"3 Shapes","floor":37,"turns":2},{"damage":30,"enemies":"Sphere and 2 Shapes","floor":38,"turns":4},{"damage":4,"enemies":"Giant Head","floor":46,"turns":6},{"damage":0,"enemies":"Transient","floor":47,"turns":5},{"damage":0,"enemies":"Spire Growth","floor":48,"turns":2},{"damage":18,"enemies":"Time Eater","floor":50,"turns":7},{"damage":29,"enemies":"Shield and Spear","floor":54,"turns":5},{"damage":75,"enemies":"The Heart","floor":55,"turns":5}],"seed_played":"8866277859132033558","potions_obtained":[{"floor":1,"key":"Poison Potion"},{"floor":10,"key":"EssenceOfSteel"},{"floor":12,"key":"SneckoOil"},{"floor":24,"key":"SneckoOil"},{"floor":29,"key":"Block Potion"},{"floor":30,"key":"Regen Potion"},{"floor":33,"key":"Fruit Juice"},{"floor":37,"key":"Block Potion"},{"floor":38,"key":"AttackPotion"}],"is_trial":false,"path_per_floor":["M","?","?","M","?","R","?","R","T","E","R","E","$","M","R","B",null,"M","?","?","T","?","R","E","?","T","R","M","M","M","$","R","B",null,"M","$","M","M","?","R","$","R","T","?","T","E","M","M","R","B",null,"R","$","E","B"],"character_chosen":"DEFECT","items_purchased":["Happy Flower","ClockworkSouvenir","FossilizedHelix","Deep Breath","Bag of Preparation","Loop","EntropicBrew","Regen Potion","Energy Potion"],"campfire_rested":0,"item_purchase_floors":[13,36,36,36,53,53,53,53,53],"current_hp_per_floor":[75,57,57,57,57,57,50,50,50,50,50,37,37,43,43,36,75,69,69,69,69,69,69,67,67,67,67,74,75,75,75,75,53,80,80,80,80,57,77,77,77,77,77,77,77,80,80,80,80,69,80,80,80,58,0],"gold":101,"neow_bonus":"THREE_ENEMY_KILL","is_prod":false,"is_daily":false,"chose_seed":false,"campfire_upgraded":6,"win_rate":0,"timestamp":1551068832,"path_taken":["M","?","?","M","?","R","?","R","T","E","R","E","?","M","R","BOSS","M","?","?","?","?","R","E","?","T","R","M","?","?","$","R","BOSS","M","$","?","?","?","R","$","R","T","?","?","E","M","M","R","BOSS","R","$","E","BOSS"],"build_version":"2019-01-23","purchased_purges":1,"victory":false,"max_hp_per_floor":[75,75,75,75,75,75,75,75,75,75,75,75,75,75,75,75,75,75,75,75,75,75,75,75,75,75,75,75,75,75,75,75,80,80,80,80,80,80,80,80,80,80,80,80,80,80,80,80,80,80,80,80,80,80,80],"card_choices":[{"not_picked":["Rip and Tear","Streamline"],"picked":"Undo","floor":1},{"not_picked":["Undo","Turbo"],"picked":"Self Repair","floor":4},{"not_picked":["Recycle","Rebound"],"picked":"Defragment","floor":10},{"not_picked":["Double Energy","Recycle"],"picked":"Machine Learning","floor":12},{"not_picked":["Hologram","Recycle"],"picked":"Storm","floor":14},{"not_picked":["Echo Form","All For One"],"picked":"Electrodynamics","floor":16},{"not_picked":["Beam Cell","Hologram+1","Go for the Eyes"],"picked":"SKIP","floor":18},{"not_picked":["Leap+1","Compile Driver"],"picked":"Defragment","floor":24},{"not_picked":["Sweeping Beam","Beam Cell","Genetic Algorithm"],"picked":"SKIP","floor":28},{"not_picked":["Steam+1","Beam Cell","Streamline"],"picked":"SKIP","floor":29},{"not_picked":["Chill","Rebound"],"picked":"BootSequence","floor":30},{"not_picked":["All For One","Echo Form"],"picked":"Thunder Strike","floor":33},{"not_picked":["Leap"],"picked":"SKIP","floor":35},{"not_picked":["Go for the Eyes+1"],"picked":"SKIP","floor":37},{"not_picked":["Go for the Eyes+1"],"picked":"SKIP","floor":37},{"not_picked":["Beam Cell"],"picked":"SKIP","floor":38},{"not_picked":["Blizzard+1"],"picked":"SKIP","floor":46},{"not_picked":["Sweeping Beam"],"picked":"SKIP","floor":47},{"not_picked":["Compile Driver"],"picked":"SKIP","floor":48},{"not_picked":[],"picked":"Darkness","floor":54}],"player_experience":197315,"relics_obtained":[{"floor":9,"key":"Kunai"},{"floor":10,"key":"Sundial"},{"floor":12,"key":"Peace Pipe"},{"floor":21,"key":"Symbiotic Virus"},{"floor":24,"key":"Pen Nib"},{"floor":26,"key":"Tiny Chest"},{"floor":43,"key":"Whetstone"},{"floor":46,"key":"Thread and Needle"},{"floor":54,"key":"DataDisk"}],"event_choices":[{"damage_healed":0,"gold_gain":0,"player_choice":"Take Damage","damage_taken":18,"relics_obtained":["Golden Idol"],"max_hp_gain":0,"max_hp_loss":0,"event_name":"Golden Idol","floor":2,"gold_loss":0},{"damage_healed":0,"gold_gain":175,"player_choice":"AGREE","damage_taken":0,"max_hp_gain":0,"max_hp_loss":0,"event_name":"Liars Game","floor":3,"gold_loss":0,"cards_obtained":["Doubt"]},{"damage_healed":0,"gold_gain":0,"player_choice":"Grow","damage_taken":0,"max_hp_gain":0,"max_hp_loss":0,"event_name":"Living Wall","floor":5,"gold_loss":0,"cards_upgraded":["Zap"]},{"cards_removed":["Strike_B"],"damage_healed":0,"gold_gain":0,"player_choice":"Card Removal","damage_taken":7,"max_hp_gain":0,"max_hp_loss":0,"event_name":"Golden Wing","floor":7,"gold_loss":0},{"damage_healed":0,"gold_gain":0,"cards_transformed":["Defend_B","Strike_B"],"player_choice":"Became Test Subject","damage_taken":0,"max_hp_gain":0,"max_hp_loss":0,"event_name":"Drug Dealer","floor":19,"gold_loss":0,"cards_obtained":["Leap","Rebound"]},{"damage_healed":0,"gold_gain":0,"player_choice":"Ignored","damage_taken":0,"max_hp_gain":0,"max_hp_loss":0,"event_name":"Vampires","floor":20,"gold_loss":0},{"cards_removed":["Defend_B"],"damage_healed":0,"gold_gain":0,"player_choice":"Gave Gold","damage_taken":0,"max_hp_gain":0,"max_hp_loss":0,"event_name":"Beggar","floor":22,"gold_loss":75},{"damage_healed":0,"gold_gain":0,"player_choice":"Upgraded","damage_taken":0,"max_hp_gain":0,"max_hp_loss":0,"event_name":"Upgrade Shrine","floor":25,"gold_loss":0,"cards_upgraded":["Defragment"]},{"damage_healed":20,"gold_gain":0,"player_choice":"Writhe","damage_taken":0,"max_hp_gain":0,"max_hp_loss":0,"event_name":"Winding Halls","floor":39,"gold_loss":0,"cards_obtained":["Writhe"]},{"damage_healed":0,"gold_gain":333,"player_choice":"Gave Idol","damage_taken":0,"max_hp_gain":0,"max_hp_loss":0,"event_name":"The Moai Head","floor":44,"relics_lost":["Golden Idol"],"gold_loss":0}],"is_beta":false,"boss_relics":[{"not_picked":["Cursed Key","Astrolabe"],"picked":"Empty Cage"},{"not_picked":["Inserter","Pandora\u0027s Box"],"picked":"Busted Crown"}],"items_purged_floors":[13],"is_endless":false,"potions_floor_spawned":[1,10,12,24,29,30,33,37,38,54],"killed_by":"The Heart","ascension_level":2}