{"gold_per_floor":[113,113,128,98,113,113,147,71,71,71],"floor_reached":10,"playtime":283,"items_purged":[],"score":122,"play_id":"69e569b9-4b3c-4fb3-9e17-a20d5547da10","local_time":"20190203152956","is_ascension_mode":true,"campfire_choices":[{"data":"Zap","floor":6,"key":"SMITH"}],"neow_cost":"NONE","seed_source_timestamp":863526977455800,"circlet_count":0,"master_deck":["AscendersBane","Strike_B","Strike_B","Strike_B","Defend_B","Defend_B","Defend_B","Defend_B","Zap+1","Dualcast","Capacitor","BootSequence","Loop","Leap","Barrage","Self Repair"],"relics":["Cracked Core","Emotion Chip","Shovel"],"potions_floor_usage":[3,7],"damage_taken":[{"damage":7,"enemies":"Jaw Worm","floor":1,"turns":5},{"damage":1,"enemies":"Cultist","floor":3,"turns":3},{"damage":4,"enemies":"2 Louse","floor":5,"turns":3},{"damage":23,"enemies":"Lagavulin","floor":7,"turns":9},{"damage":40,"enemies":"Exordium Thugs","floor":10,"turns":3}],"seed_played":"-5475709450582887185","potions_obtained":[{"floor":1,"key":"Fire Potion"},{"floor":4,"key":"Explosive Potion"},{"floor":4,"key":"AttackPotion"}],"is_trial":false,"path_per_floor":["M","?","M","?","M","R","E","$","T","M"],"character_chosen":"DEFECT","items_purchased":["Self Repair"],"campfire_rested":0,"item_purchase_floors":[8],"current_hp_per_floor":[57,57,56,56,52,52,29,29,29,0],"gold":71,"neow_bonus":"THREE_CARDS","is_prod":false,"is_daily":false,"chose_seed":false,"campfire_upgraded":1,"win_rate":0,"timestamp":1549204196,"path_taken":["M","?","?","?","M","R","E","?","T","M"],"build_version":"2019-01-23","purchased_purges":0,"victory":false,"max_hp_per_floor":[71,71,71,71,71,71,71,71,71,71],"card_choices":[{"not_picked":["Coolheaded","Chaos"],"picked":"Capacitor","floor":0},{"not_picked":["Static Discharge","Gash"],"picked":"BootSequence","floor":1},{"not_picked":["Turbo","Redo"],"picked":"Loop","floor":3},{"not_picked":["Coolheaded","Steam"],"picked":"Leap","floor":5},{"not_picked":["Static Discharge","Reprogram"],"picked":"Barrage","floor":7}],"player_experience":453422,"relics_obtained":[{"floor":7,"key":"Emotion Chip"},{"floor":9,"key":"Shovel"}],"event_choices":[{"cards_removed":["Strike_B"],"damage_healed":0,"gold_gain":0,"player_choice":"Offered Basic","damage_taken":0,"max_hp_gain":0,"max_hp_loss":0,"event_name":"Bonfire Elementals","floor":2,"gold_loss":0},{"damage_healed":0,"gold_gain":0,"player_choice":"Bought 2 Potions","damage_taken":0,"max_hp_gain":0,"max_hp_loss":0,"event_name":"The Woman in Blue","floor":4,"gold_loss":0}],"is_beta":false,"boss_relics":[],"items_purged_floors":[],"is_endless":false,"potions_floor_spawned":[1],"killed_by":"Exordium Thugs","ascension_level":17}