{"gold_per_floor":[115,75,85,96,107,135,135,152,178,193,226,226,243,243,243,372,372,387,486,511,527,251,292,292,325,351,363,391,403,434,462,474,615,627,662,694,58,58,77,77,116,0,0,0,25,25,25,39,39,39],"floor_reached":51,"playtime":3495,"items_purged":["Strike_R","Strike_R"],"score":1074,"play_id":"63ab8578-cc32-4e7b-a295-f453aa24b1d2","local_time":"20190404233906","is_ascension_mode":true,"campfire_choices":[{"data":"Demon Form","floor":7,"key":"SMITH"},{"data":"Heavy Blade","floor":12,"key":"SMITH"},{"floor":15,"key":"REST"},{"data":"Pommel Strike","floor":29,"key":"SMITH"},{"floor":32,"key":"REST"},{"floor":40,"key":"REST"},{"data":"Limit Break","floor":44,"key":"SMITH"},{"floor":46,"key":"REST"},{"data":"Heavy Blade","floor":49,"key":"SMITH"}],"neow_cost":"NONE","seed_source_timestamp":85350004102215,"circlet_count":0,"master_deck":["Strike_R","Strike_R","Strike_R","Defend_R+1","Defend_R","Defend_R","Defend_R+1","Bash","Cleave","Headbutt","Evolve","Ghostly Armor","Demon Form+1","Inflame","Heavy Blade+1","Shockwave","Pommel Strike+1","Limit Break+1","Disarm","Heavy Blade+1","Sword Boomerang","Dropkick+1","Carnage+1","Bludgeon","Pommel Strike+1","Clothesline"],"relics":["Burning Blood","NeowsBlessing","Omamori","Blood Vial","War Paint","Golden Idol","Snecko Eye","Lantern","Bag of Marbles","Matryoshka","Mercury Hourglass","MawBank","Smiling Mask","Regal Pillow","Velvet Choker","Happy Flower","ClockworkSouvenir","Shuriken","Gambling Chip","Red Mask","Vajra","Dream Catcher"],"potions_floor_usage":[5,6,11,13,16,16,25,25,28,33,41,50,50],"damage_taken":[{"damage":0,"enemies":"Jaw Worm","floor":1,"turns":1},{"damage":0,"enemies":"Cultist","floor":3,"turns":1},{"damage":0,"enemies":"2 Louse","floor":4,"turns":1},{"damage":15,"enemies":"Exordium Thugs","floor":5,"turns":5},{"damage":15,"enemies":"3 Sentries","floor":6,"turns":5},{"damage":22,"enemies":"Exordium Wildlife","floor":8,"turns":5},{"damage":10,"enemies":"3 Louse","floor":10,"turns":3},{"damage":18,"enemies":"Gremlin Nob","floor":11,"turns":4},{"damage":13,"enemies":"Exordium Thugs","floor":13,"turns":4},{"damage":43,"enemies":"Hexaghost","floor":16,"turns":9},{"damage":0,"enemies":"Chosen","floor":18,"turns":3},{"damage":0,"enemies":"Spheric Guardian","floor":20,"turns":3},{"damage":13,"enemies":"Centurion and Healer","floor":21,"turns":5},{"damage":9,"enemies":"Gremlin Leader","floor":23,"turns":5},{"damage":33,"enemies":"Book of Stabbing","floor":25,"turns":4},{"damage":12,"enemies":"Chosen and Byrds","floor":28,"turns":4},{"damage":0,"enemies":"Sentry and Sphere","floor":30,"turns":3},{"damage":9,"enemies":"Centurion and Healer","floor":31,"turns":4},{"damage":48,"enemies":"Collector","floor":33,"turns":6},{"damage":19,"enemies":"Orb Walker","floor":35,"turns":3},{"damage":8,"enemies":"3 Shapes","floor":36,"turns":1},{"damage":18,"enemies":"Spire Growth","floor":39,"turns":3},{"damage":25,"enemies":"Reptomancer","floor":41,"turns":4},{"damage":22,"enemies":"Maw","floor":45,"turns":3},{"damage":2,"enemies":"4 Shapes","floor":48,"turns":3},{"damage":35,"enemies":"Time Eater","floor":50,"turns":5}],"seed_played":"2832225006587546882","potions_obtained":[{"floor":2,"key":"Block Potion"},{"floor":2,"key":"PowerPotion"},{"floor":2,"key":"Poison Potion"},{"floor":4,"key":"Strength Potion"},{"floor":5,"key":"PowerPotion"},{"floor":8,"key":"FearPotion"},{"floor":11,"key":"SkillPotion"},{"floor":16,"key":"Poison Potion"},{"floor":21,"key":"Regen Potion"},{"floor":23,"key":"Poison Potion"},{"floor":25,"key":"AttackPotion"},{"floor":30,"key":"LiquidBronze"},{"floor":33,"key":"EssenceOfSteel"},{"floor":35,"key":"AttackPotion"},{"floor":45,"key":"Strength Potion"},{"floor":48,"key":"GamblersBrew"}],"is_trial":false,"path_per_floor":["M","?","M","M","M","E","R","M","T","M","E","R","M","?","R","B",null,"M","?","M","M","$","E","T","E","T","?","M","R","M","M","R","B",null,"M","M","$","?","M","R","E","?","T","R","M","R","?","M","R","B",null],"character_chosen":"IRONCLAD","items_purchased":["Lantern","Heavy Blade","Happy Flower","ClockworkSouvenir","Shuriken"],"campfire_rested":4,"item_purchase_floors":[22,22,37,37,37],"current_hp_per_floor":[78,78,80,80,71,62,62,46,46,44,34,34,29,29,53,18,65,73,73,80,73,73,72,72,47,47,47,55,55,63,62,80,38,70,59,59,59,59,49,80,61,61,61,61,47,80,80,80,80,51],"gold":39,"neow_bonus":"THREE_ENEMY_KILL","is_prod":false,"is_daily":false,"chose_seed":false,"campfire_upgraded":5,"win_rate":0,"timestamp":1554439146,"path_taken":["M","?","M","M","?","E","R","M","T","M","E","R","M","?","R","BOSS","M","?","M","M","$","E","?","E","T","?","?","R","M","M","R","BOSS","M","M","$","?","M","R","E","?","T","R","M","R","?","M","R","BOSS"],"build_version":"2019-01-23","purchased_purges":2,"victory":true,"max_hp_per_floor":[80,80,80,80,80,80,80,80,80,80,80,80,80,80,80,80,80,80,80,80,80,80,80,80,80,80,80,80,80,80,80,80,80,80,80,80,80,80,80,80,80,80,80,80,80,80,80,80,80,80],"card_choices":[{"not_picked":["Thunderclap","Sentinel"],"picked":"Cleave","floor":1},{"not_picked":["Infernal Blade","Wild Strike"],"picked":"Headbutt","floor":3},{"not_picked":["Perfected Strike","Cleave"],"picked":"Evolve","floor":4},{"not_picked":["Rupture","Wild Strike"],"picked":"Ghostly Armor","floor":5},{"not_picked":["Wild Strike","Armaments"],"picked":"Demon Form","floor":6},{"not_picked":["Evolve","Intimidate"],"picked":"Inflame","floor":8},{"not_picked":["Twin Strike","Flex"],"picked":"Heavy Blade","floor":10},{"not_picked":["Cleave","Warcry"],"picked":"Shockwave","floor":11},{"not_picked":["Cleave","Seeing Red"],"picked":"Pommel Strike","floor":13},{"not_picked":["Impervious","Berserk"],"picked":"Limit Break","floor":16},{"not_picked":["Armaments+1","Body Slam"],"picked":"Shockwave+1","floor":18},{"not_picked":["Feel No Pain","Infernal Blade"],"picked":"Disarm","floor":20},{"not_picked":["Blood for Blood","Headbutt+1","Havoc+1"],"picked":"SKIP","floor":21},{"not_picked":["Metallicize","Wild Strike"],"picked":"Sword Boomerang","floor":23},{"not_picked":["True Grit","Juggernaut"],"picked":"Dropkick+1","floor":25},{"not_picked":["Inflame","Clash"],"picked":"Carnage+1","floor":28},{"not_picked":["Searing Blow","Evolve","Body Slam"],"picked":"SKIP","floor":30},{"not_picked":["Perfected Strike","Dropkick","Armaments"],"picked":"SKIP","floor":31},{"not_picked":["Perfected Strike","Dropkick","Armaments"],"picked":"SKIP","floor":31},{"not_picked":["Fiend Fire","Feed"],"picked":"Bludgeon","floor":33},{"not_picked":["Anger+1","Armaments","Headbutt+1"],"picked":"SKIP","floor":35},{"not_picked":["Searing Blow","Infernal Blade","Dual Wield"],"picked":"SKIP","floor":36},{"not_picked":["Perfected Strike+1","Searing Blow","Sword Boomerang"],"picked":"SKIP","floor":39},{"not_picked":["Flex","Evolve+1"],"picked":"Pommel Strike+1","floor":41},{"not_picked":["Carnage","Clash+1","Twin Strike+1"],"picked":"SKIP","floor":45},{"not_picked":["Twin Strike+1","Havoc+1"],"picked":"Clothesline","floor":46},{"not_picked":["Perfected Strike+1","Anger+1","Rampage+1"],"picked":"SKIP","floor":48}],"player_experience":401305,"relics_obtained":[{"floor":6,"key":"Omamori"},{"floor":9,"key":"Blood Vial"},{"floor":11,"key":"War Paint"},{"floor":23,"key":"Bag of Marbles"},{"floor":24,"key":"Matryoshka"},{"floor":25,"key":"Mercury Hourglass"},{"floor":26,"key":"MawBank"},{"floor":26,"key":"Smiling Mask"},{"floor":41,"key":"Gambling Chip"},{"floor":43,"key":"Vajra"},{"floor":43,"key":"Dream Catcher"}],"event_choices":[{"damage_healed":0,"gold_gain":0,"player_choice":"Bought 3 Potions","damage_taken":0,"max_hp_gain":0,"max_hp_loss":0,"event_name":"The Woman in Blue","floor":2,"gold_loss":0},{"damage_healed":0,"gold_gain":0,"player_choice":"Take Wound","damage_taken":0,"relics_obtained":["Golden Idol"],"max_hp_gain":0,"max_hp_loss":0,"event_name":"Golden Idol","floor":14,"gold_loss":0,"cards_obtained":["Injury"]},{"damage_healed":0,"gold_gain":99,"player_choice":"Stole From Cult","damage_taken":0,"max_hp_gain":0,"max_hp_loss":0,"event_name":"Nest","floor":19,"gold_loss":0},{"damage_healed":0,"gold_gain":0,"player_choice":"Opened","damage_taken":0,"relics_obtained":["Regal Pillow"],"max_hp_gain":0,"max_hp_loss":0,"event_name":"The Mausoleum","floor":27,"gold_loss":0},{"cards_removed":["Shockwave"],"damage_healed":0,"gold_gain":0,"player_choice":"Removed Skill","damage_taken":0,"max_hp_gain":0,"max_hp_loss":0,"event_name":"Falling","floor":38,"gold_loss":0},{"damage_healed":0,"gold_gain":0,"player_choice":"Paid","damage_taken":0,"relics_obtained":["Red Mask"],"max_hp_gain":0,"max_hp_loss":0,"event_name":"Tomb of Lord Red Mask","floor":42,"gold_loss":116},{"damage_healed":0,"gold_gain":0,"player_choice":"Memory 1","damage_taken":0,"max_hp_gain":0,"max_hp_loss":0,"event_name":"SensoryStone","floor":47,"gold_loss":0}],"is_beta":false,"boss_relics":[{"not_picked":["Philosopher\u0027s Stone","Empty Cage"],"picked":"Snecko Eye"},{"not_picked":["Runic Dome","Calling Bell"],"picked":"Velvet Choker"}],"items_purged_floors":[22,37],"is_endless":false,"potions_floor_spawned":[4,5,8,11,16,21,23,25,30,33,35,45,48],"ascension_level":9}