{"gold_per_floor":[115,135,14,14,27,27,38,38,88,88,102,102,130,146,146,250,250,267,17,17,36,36,36,51,62,62,62,62,73,91,114,114,114],"floor_reached":33,"playtime":623,"items_purged":["Strike_R","Strike_R"],"score":274,"play_id":"e5027ac0-59e7-4b0e-95df-d6a5a60cfb55","local_time":"20190420161225","is_ascension_mode":false,"campfire_choices":[{"data":"Whirlwind","floor":6,"key":"SMITH"},{"data":"Spot Weakness","floor":8,"key":"SMITH"},{"data":"Bash","floor":12,"key":"SMITH"},{"data":"Heavy Blade","floor":15,"key":"SMITH"},{"data":"Heavy Blade","floor":23,"key":"SMITH"},{"data":"Twin Strike","floor":27,"key":"SMITH"},{"floor":32,"key":"REST"}],"neow_cost":"NONE","seed_source_timestamp":5463685223941,"circlet_count":0,"master_deck":["Strike_R","Strike_R","Defend_R","Defend_R+1","Defend_R+1","Bash+1","Spot Weakness+1","Twin Strike","Heavy Blade+1","Whirlwind+1","Heavy Blade+1","Twin Strike+1","Disarm+1"],"relics":["Burning Blood","War Paint","Bronze Scales","Oddly Smooth Stone","Mark of Pain","Vajra","Pear","Juzu Bracelet"],"potions_floor_usage":[13,24,29,33],"damage_taken":[{"damage":0,"enemies":"Cultist","floor":1,"turns":3},{"damage":0,"enemies":"2 Louse","floor":2,"turns":3},{"damage":7,"enemies":"Jaw Worm","floor":5,"turns":3},{"damage":9,"enemies":"Exordium Thugs","floor":7,"turns":4},{"damage":0,"enemies":"Large Slime","floor":11,"turns":3},{"damage":11,"enemies":"3 Sentries","floor":13,"turns":3},{"damage":0,"enemies":"Gremlin Gang","floor":14,"turns":1},{"damage":25,"enemies":"The Guardian","floor":16,"turns":7},{"damage":0,"enemies":"3 Byrds","floor":18,"turns":3},{"damage":5,"enemies":"Chosen","floor":21,"turns":4},{"damage":21,"enemies":"Snake Plant","floor":24,"turns":3},{"damage":18,"enemies":"Centurion and Healer","floor":25,"turns":4},{"damage":3,"enemies":"3 Cultists","floor":29,"turns":3},{"damage":30,"enemies":"Sentry and Sphere","floor":30,"turns":4},{"damage":73,"enemies":"Champ","floor":33,"turns":9}],"seed_played":"-5777293167108299951","potions_obtained":[{"floor":1,"key":"SteroidPotion"},{"floor":5,"key":"Dexterity Potion"},{"floor":10,"key":"Dexterity Potion"},{"floor":10,"key":"Fire Potion"},{"floor":14,"key":"FearPotion"},{"floor":29,"key":"LiquidBronze"},{"floor":30,"key":"AttackPotion"}],"is_trial":false,"path_per_floor":["M","M","$","?","M","R","M","R","T","?","M","R","E","M","R","B",null,"M","$","?","M","?","R","M","M","T","R","?","M","M","T","R","B"],"character_chosen":"IRONCLAD","items_purchased":["Heavy Blade","Vajra"],"campfire_rested":1,"item_purchase_floors":[3,19],"current_hp_per_floor":[80,80,80,85,84,84,81,81,81,81,85,85,80,85,85,66,85,85,85,69,70,70,70,55,43,53,53,53,56,32,32,62,0],"gold":114,"neow_bonus":"RANDOM_COMMON_RELIC","is_prod":false,"is_daily":false,"chose_seed":false,"campfire_upgraded":6,"win_rate":0,"timestamp":1555798345,"path_taken":["M","M","?","?","M","R","M","R","T","?","?","R","E","?","R","BOSS","M","$","?","M","?","R","?","M","T","R","?","?","M","?","R","BOSS"],"build_version":"2019-01-23","purchased_purges":2,"victory":false,"max_hp_per_floor":[80,80,80,85,85,85,85,85,85,85,85,85,85,85,85,85,85,85,85,90,90,90,90,90,90,100,100,100,100,100,100,100,100],"card_choices":[{"not_picked":["Searing Blow","Armaments"],"picked":"Spot Weakness","floor":1},{"not_picked":["Sentinel","Body Slam"],"picked":"Twin Strike","floor":2},{"not_picked":["Havoc","Twin Strike"],"picked":"Whirlwind","floor":5},{"not_picked":["Dual Wield","Body Slam"],"picked":"Heavy Blade","floor":7},{"not_picked":["Heavy Blade","Warcry"],"picked":"Twin Strike","floor":11},{"not_picked":["Searing Blow","Pummel","Armaments"],"picked":"SKIP","floor":13},{"not_picked":["Wild Strike","Ghostly Armor","Evolve"],"picked":"SKIP","floor":14},{"not_picked":["Clash","Body Slam"],"picked":"Disarm+1","floor":18},{"not_picked":["Seeing Red+1","Flame Barrier","Fire Breathing"],"picked":"SKIP","floor":21},{"not_picked":["Clothesline","Rupture","Fire Breathing+1"],"picked":"SKIP","floor":24},{"not_picked":["Clash","Cleave+1","Sword Boomerang+1"],"picked":"SKIP","floor":25},{"not_picked":["Combust","Shrug It Off","Iron Wave+1"],"picked":"SKIP","floor":29},{"not_picked":["Combust","Shrug It Off","Iron Wave+1"],"picked":"SKIP","floor":29},{"not_picked":["Iron Wave","Bloodletting","Havoc"],"picked":"SKIP","floor":30}],"player_experience":1271239,"relics_obtained":[{"floor":9,"key":"Bronze Scales"},{"floor":13,"key":"Oddly Smooth Stone"},{"floor":26,"key":"Pear"},{"floor":31,"key":"Juzu Bracelet"}],"event_choices":[{"damage_healed":0,"gold_gain":0,"player_choice":"Donut","damage_taken":0,"max_hp_gain":5,"max_hp_loss":0,"event_name":"Big Fish","floor":4,"gold_loss":0},{"damage_healed":0,"gold_gain":0,"player_choice":"Got Potions","damage_taken":0,"max_hp_gain":0,"max_hp_loss":0,"event_name":"Lab","floor":10,"gold_loss":0},{"damage_healed":0,"gold_gain":0,"player_choice":"Shed Blood","damage_taken":21,"max_hp_gain":5,"max_hp_loss":0,"event_name":"Forgotten Altar","floor":20,"gold_loss":0},{"cards_removed":["Strike_R"],"damage_healed":0,"gold_gain":0,"player_choice":"Purged","damage_taken":0,"max_hp_gain":0,"max_hp_loss":0,"event_name":"Purifier","floor":22,"gold_loss":0},{"cards_removed":["Defend_R"],"damage_healed":0,"gold_gain":0,"player_choice":"Offered Basic","damage_taken":0,"max_hp_gain":0,"max_hp_loss":0,"event_name":"Bonfire Elementals","floor":28,"gold_loss":0}],"is_beta":false,"boss_relics":[{"not_picked":["Empty Cage","Runic Dome"],"picked":"Mark of Pain"}],"items_purged_floors":[3,19],"is_endless":false,"potions_floor_spawned":[1,5,11,14,18,29,30],"killed_by":"Champ","ascension_level":0}