{"path_per_floor":["M","?","?","$","?","R","M","R","T","M","M","?","R","M","R","B",null,"M","M","?","?"],"character_chosen":"IRONCLAD","items_purchased":[],"gold_per_floor":[115,65,65,65,65,65,81,81,105,120,135,210,210,230,230,330,330,346,319,319,319,319],"floor_reached":22,"campfire_rested":0,"playtime":739,"current_hp_per_floor":[80,80,64,64,64,64,70,70,70,70,64,53,53,54,54,27,80,80,52,52,52,17],"items_purged":[],"gold":319,"score":174,"play_id":"72595b59-1d15-416e-940b-7fc4ea83d9fb","local_time":"20180517233728","is_prod":false,"is_daily":false,"chose_seed":false,"is_ascension_mode":false,"campfire_upgraded":4,"timestamp":1526571448,"path_taken":["M","?","?","$","?","R","M","R","T","M","?","?","R","M","R","BOSS","M","?","?","?","M"],"build_version":"2018-05-10","seed_source_timestamp":18049295321942,"purchased_purges":0,"victory":false,"master_deck":["Strike_R","Strike_R","Strike_R","Defend_R","Defend_R+1","Defend_R","Defend_R+1","Bash+1","Dual Wield","Barricade+1","Iron Wave+1","Battle Trance","Armaments+1","Berserk","Entrench","Entrench"],"max_hp_per_floor":[80,80,80,80,80,80,80,80,80,80,80,80,80,80,80,80,80,80,80,80,80,80],"relics":["Burning Blood"],"card_choices":[{"not_picked":["Anger","Clothesline"],"picked":"Dual Wield","floor":1},{"not_picked":["Flame Barrier","Blood for Blood"],"picked":"Iron Wave","floor":7},{"not_picked":["Body Slam","Combust"],"picked":"Battle Trance","floor":10},{"not_picked":["Metallicize","Sword Boomerang"],"picked":"Armaments","floor":14},{"not_picked":["Barricade","Fiend Fire"],"picked":"Berserk","floor":16}],"player_experience":638059,"potions_floor_usage":[16,19,22],"damage_taken":[{"damage":1,"enemies":"Cultist","floor":1,"turns":4},{"damage":0,"enemies":"Small Slimes","floor":7,"turns":4},{"damage":6,"enemies":"2 Louse","floor":10,"turns":2},{"damage":12,"enemies":"Exordium Wildlife","floor":11,"turns":5},{"damage":5,"enemies":"Blue Slaver","floor":14,"turns":5},{"damage":33,"enemies":"Slime Boss","floor":16,"turns":15},{"damage":5,"enemies":"Shell Parasite","floor":18,"turns":11},{"damage":34,"enemies":"2 Thieves","floor":19,"turns":5},{"damage":35,"enemies":"3 Cultists","floor":22,"turns":5}],"event_choices":[{"event_name":"The Cleric","player_choice":"Card Removal","floor":2,"damage_taken":0},{"event_name":"Shining Light","player_choice":"Entered Light","floor":3,"damage_taken":0},{"event_name":"Living Wall","player_choice":"Change","floor":5,"damage_taken":0},{"event_name":"World of Goop","player_choice":"Gather Gold","floor":12,"damage_taken":0},{"event_name":"The Library","player_choice":"Read","floor":20,"damage_taken":0},{"event_name":"Duplicator","player_choice":"One dupe","floor":21,"damage_taken":0}],"boss_relics":[{"not_picked":["Tiny House","Philosopher\u0027s Stone","Orrery"]}],"potions_floor_spawned":[11,14,19],"seed_played":"5821216555653387965","killed_by":"3 Cultists","ascension_level":0,"is_trial":false}