{"gold_per_floor":[118,118,118,131,142,168,168,48,74,101,101],"floor_reached":11,"playtime":394,"items_purged":["Strike_R"],"score":122,"play_id":"f596526f-eb13-4658-a384-4b93828a29d3","local_time":"20190201095044","is_ascension_mode":true,"campfire_choices":[{"data":"Barricade","floor":7,"key":"SMITH"}],"neow_cost":"TEN_PERCENT_HP_LOSS","seed_source_timestamp":670207268074900,"circlet_count":0,"master_deck":["AscendersBane","Strike_R","Strike_R","Strike_R","Strike_R","Defend_R","Defend_R","Defend_R","Defend_R","Bash","Barricade+1","Pommel Strike","Clothesline","Shrug It Off","True Grit"],"relics":["Burning Blood","GremlinMask","Art of War","PreservedInsect","The Courier"],"potions_floor_usage":[10,10],"damage_taken":[{"damage":6,"enemies":"2 Louse","floor":1,"turns":4},{"damage":6,"enemies":"Cultist","floor":4,"turns":4},{"damage":2,"enemies":"Jaw Worm","floor":5,"turns":3},{"damage":32,"enemies":"Gremlin Nob","floor":6,"turns":5},{"damage":14,"enemies":"Lagavulin","floor":10,"turns":5},{"damage":59,"enemies":"Lots of Slimes","floor":11,"turns":6}],"seed_played":"2677464372479846993","potions_obtained":[{"floor":4,"key":"Regen Potion"},{"floor":5,"key":"Swift Potion"}],"is_trial":false,"path_per_floor":["M","?","?","M","M","E","R","$","T","E","M"],"character_chosen":"IRONCLAD","items_purchased":["Shrug It Off"],"campfire_rested":0,"item_purchase_floors":[8],"current_hp_per_floor":[72,77,77,77,77,51,51,51,51,55,0],"gold":101,"neow_bonus":"THREE_RARE_CARDS","is_prod":false,"is_daily":false,"chose_seed":false,"campfire_upgraded":1,"win_rate":0,"timestamp":1549011044,"path_taken":["M","?","?","M","M","E","R","$","T","E","M"],"build_version":"2019-01-23","purchased_purges":1,"victory":false,"max_hp_per_floor":[72,77,77,77,77,77,77,77,77,77,77],"card_choices":[{"not_picked":["Berserk","Impervious"],"picked":"Barricade","floor":0},{"not_picked":["Heavy Blade","Clash","Feel No Pain"],"picked":"SKIP","floor":1},{"not_picked":["Warcry","Brutality"],"picked":"Pommel Strike","floor":4},{"not_picked":["Flex","Clash"],"picked":"Clothesline","floor":5},{"not_picked":["Clash","Twin Strike","Blood for Blood"],"picked":"SKIP","floor":6},{"not_picked":["Thunderclap","Pommel Strike"],"picked":"True Grit","floor":10}],"player_experience":426685,"relics_obtained":[{"floor":6,"key":"Art of War"},{"floor":9,"key":"PreservedInsect"},{"floor":10,"key":"The Courier"}],"event_choices":[{"damage_healed":0,"gold_gain":0,"player_choice":"Donut","damage_taken":0,"max_hp_gain":5,"max_hp_loss":0,"event_name":"Big Fish","floor":2,"gold_loss":0},{"damage_healed":0,"gold_gain":0,"player_choice":"Trade","damage_taken":0,"relics_obtained":["GremlinMask"],"max_hp_gain":0,"max_hp_loss":0,"event_name":"FaceTrader","floor":3,"gold_loss":0}],"is_beta":false,"boss_relics":[],"items_purged_floors":[8],"is_endless":false,"potions_floor_spawned":[4,5],"killed_by":"Lots of Slimes","ascension_level":10}