{"gold_per_floor":[112,112,131,131,206,233,233,233,233,233,244,244,258,112,112,112],"floor_reached":16,"playtime":601,"items_purged":["Regret"],"score":98,"play_id":"ffa2d833-4835-4d2a-8983-e67913026cf0","local_time":"20190209000718","is_ascension_mode":false,"campfire_choices":[{"floor":7,"key":"REST"},{"floor":10,"key":"REST"},{"data":"Capacitor","floor":12,"key":"SMITH"},{"data":"Zap","floor":15,"key":"SMITH"}],"neow_cost":"CURSE","seed_source_timestamp":438847592903302,"circlet_count":0,"master_deck":["Strike_B","Strike_B","Strike_B","Strike_B","Defend_B","Defend_B","Defend_B","Defend_B","Zap+1","Dualcast","Injury","Beam Cell","Capacitor+1","Self Repair","Beam Cell","Loop"],"relics":["Cracked Core","Nunchaku","FossilizedHelix","Mummified Hand","Vajra","Blue Candle","Pear"],"potions_floor_usage":[16],"damage_taken":[{"damage":2,"enemies":"2 Louse","floor":1,"turns":2},{"damage":2,"enemies":"Jaw Worm","floor":3,"turns":3},{"damage":34,"enemies":"Lagavulin","floor":6,"turns":7},{"damage":0,"enemies":"Small Slimes","floor":11,"turns":3},{"damage":11,"enemies":"Looter","floor":13,"turns":3},{"damage":77,"enemies":"Slime Boss","floor":16,"turns":11}],"seed_played":"-3160898858095189207","potions_obtained":[{"floor":3,"key":"Explosive Potion"}],"is_trial":false,"path_per_floor":["M","?","M","?","?","E","R","T","T","R","M","R","M","$","R","B"],"character_chosen":"DEFECT","items_purchased":["Loop"],"campfire_rested":2,"item_purchase_floors":[14],"current_hp_per_floor":[73,73,71,68,57,23,45,45,55,80,80,80,76,76,76,0],"gold":112,"neow_bonus":"ONE_RARE_RELIC","is_prod":false,"is_daily":false,"chose_seed":false,"campfire_upgraded":2,"win_rate":0,"timestamp":1549692438,"path_taken":["M","?","M","?","?","E","R","?","T","R","?","R","M","$","R","BOSS"],"build_version":"2019-01-23","purchased_purges":1,"victory":false,"max_hp_per_floor":[75,75,75,75,75,75,75,75,85,85,85,85,85,85,85,85],"card_choices":[{"not_picked":["Tempest","Steam Power","Turbo"],"picked":"SKIP","floor":1},{"not_picked":["Turbo","Stack"],"picked":"Beam Cell","floor":3},{"not_picked":["Rebound","Darkness"],"picked":"Capacitor","floor":6},{"not_picked":["FTL","Defragment"],"picked":"Self Repair","floor":11},{"not_picked":["Sweeping Beam","Chill"],"picked":"Beam Cell","floor":13}],"player_experience":118234,"relics_obtained":[{"floor":6,"key":"Vajra"},{"floor":8,"key":"Blue Candle"},{"floor":9,"key":"Pear"}],"event_choices":[{"damage_healed":0,"gold_gain":0,"player_choice":"Box","damage_taken":0,"relics_obtained":["FossilizedHelix"],"max_hp_gain":0,"max_hp_loss":0,"event_name":"Big Fish","floor":2,"gold_loss":0,"cards_obtained":["Regret"]},{"damage_healed":0,"gold_gain":0,"player_choice":"Success","damage_taken":3,"relics_obtained":["Mummified Hand"],"max_hp_gain":0,"max_hp_loss":0,"event_name":"Scrap Ooze","floor":4,"gold_loss":0},{"damage_healed":0,"gold_gain":75,"player_choice":"Gather Gold","damage_taken":11,"max_hp_gain":0,"max_hp_loss":0,"event_name":"World of Goop","floor":5,"gold_loss":0}],"is_beta":false,"boss_relics":[],"items_purged_floors":[14],"is_endless":false,"potions_floor_spawned":[3],"killed_by":"Slime Boss","ascension_level":0}