{"gold_per_floor":[113,127,32,48,62,62,96,96,96,115,115,144,144,178,178,249,299,312,69,0,16,36,36,56,81,381,381,381,397,397,413,413,487,487,505,505,273,291,303,303,303],"floor_reached":41,"playtime":1817,"items_purged":["Strike_R"],"score":764,"play_id":"e958e1fe-b56f-4c3e-9098-859a425c64f3","local_time":"20190322190117","is_ascension_mode":true,"campfire_choices":[{"data":"Bash","floor":6,"key":"SMITH"},{"data":"Anger","floor":8,"key":"SMITH"},{"data":"Rage","floor":15,"key":"SMITH"},{"data":"Body Slam","floor":23,"key":"SMITH"},{"data":"Juggernaut","floor":27,"key":"SMITH"},{"floor":30,"key":"REST"},{"floor":32,"key":"REST"},{"floor":40,"key":"REST"}],"neow_cost":"NONE","seed_source_timestamp":728961090413800,"circlet_count":0,"master_deck":["AscendersBane","Strike_R+1","Defend_R","Defend_R","Defend_R","Defend_R","Bash+1","Feed","Anger+1","Cleave","Shrug It Off","Iron Wave","Pommel Strike","Rage+1","Flame Barrier+1","Juggernaut+1","Power Through","Body Slam+1","Body Slam+1","Shrug It Off","Spot Weakness","Impervious","Combust+1","Headbutt+1","Limit Break+1","Rage+1"],"relics":["Burning Blood","Red Skull","PreservedInsect","Blue Candle","Happy Flower","Tiny House","Kunai","Dodecahedron","Old Coin","Nilry\u0027s Codex","Astrolabe","Orichalcum"],"potions_floor_usage":[7,14,24,33],"damage_taken":[{"damage":2,"enemies":"2 Louse","floor":1,"turns":4},{"damage":14,"enemies":"Jaw Worm","floor":2,"turns":4},{"damage":4,"enemies":"Cultist","floor":4,"turns":5},{"damage":11,"enemies":"2 Fungi Beasts","floor":5,"turns":5},{"damage":12,"enemies":"3 Sentries","floor":7,"turns":6},{"damage":22,"enemies":"Exordium Thugs","floor":10,"turns":5},{"damage":8,"enemies":"Gremlin Nob","floor":12,"turns":3},{"damage":7,"enemies":"3 Sentries","floor":14,"turns":5},{"damage":52,"enemies":"Hexaghost","floor":16,"turns":11},{"damage":7,"enemies":"3 Byrds","floor":18,"turns":4},{"damage":14,"enemies":"Shell Parasite","floor":21,"turns":9},{"damage":13,"enemies":"Centurion and Healer","floor":22,"turns":6},{"damage":14,"enemies":"3 Cultists","floor":24,"turns":6},{"damage":38,"enemies":"Slavers","floor":25,"turns":5},{"damage":19,"enemies":"Snake Plant","floor":29,"turns":4},{"damage":6,"enemies":"Centurion and Healer","floor":31,"turns":6},{"damage":51,"enemies":"Champ","floor":33,"turns":11},{"damage":41,"enemies":"3 Darklings","floor":35,"turns":6},{"damage":11,"enemies":"Orb Walker","floor":38,"turns":3},{"damage":21,"enemies":"4 Shapes","floor":39,"turns":7},{"damage":94,"enemies":"Reptomancer","floor":41,"turns":5}],"seed_played":"-5354273473436916509","potions_obtained":[{"floor":2,"key":"SneckoOil"},{"floor":5,"key":"PowerPotion"},{"floor":10,"key":"Ancient Potion"},{"floor":14,"key":"Block Potion"},{"floor":31,"key":"Dexterity Potion"},{"floor":33,"key":"SteroidPotion"}],"is_trial":false,"path_per_floor":["M","M","$","M","M","R","E","R","T","M","?","E","?","E","R","B",null,"M","$","?","M","M","R","M","E","T","R","?","M","R","M","R","B",null,"M","?","$","M","M","R","E"],"character_chosen":"IRONCLAD","items_purchased":["Shrug It Off","Iron Wave","Kunai","Orichalcum"],"campfire_rested":3,"item_purchase_floors":[3,3,19,37],"current_hp_per_floor":[79,74,74,79,77,77,74,74,74,61,61,59,59,61,61,15,85,87,87,87,79,75,75,67,38,38,38,22,9,43,46,81,39,101,66,66,66,61,49,86,0],"gold":303,"neow_bonus":"ONE_RANDOM_RARE_CARD","is_prod":false,"is_daily":false,"chose_seed":false,"campfire_upgraded":5,"win_rate":0,"timestamp":1553277677,"path_taken":["M","M","$","M","M","R","E","R","T","M","?","E","?","E","R","BOSS","M","$","?","M","M","R","M","E","T","R","?","?","R","M","R","BOSS","M","?","$","M","M","R","E"],"build_version":"2019-01-23","purchased_purges":1,"victory":false,"max_hp_per_floor":[83,86,86,89,92,92,95,95,95,98,98,98,98,101,101,101,106,109,109,109,109,112,112,112,115,115,115,115,115,115,118,118,121,121,121,121,121,121,124,124,124],"card_choices":[{"not_picked":["Heavy Blade","Iron Wave"],"picked":"Anger","floor":1},{"not_picked":["Ghostly Armor","Twin Strike"],"picked":"Cleave","floor":2},{"not_picked":["Iron Wave","Flex","Perfected Strike"],"picked":"SKIP","floor":4},{"not_picked":["Rupture","Barricade","Clash"],"picked":"SKIP","floor":5},{"not_picked":["Perfected Strike","Rupture"],"picked":"Pommel Strike","floor":7},{"not_picked":["Ghostly Armor","Havoc"],"picked":"Rage","floor":10},{"not_picked":["Heavy Blade","Sever Soul"],"picked":"Flame Barrier","floor":12},{"not_picked":["Thunderclap","Shockwave","Heavy Blade"],"picked":"SKIP","floor":14},{"not_picked":["Dark Embrace","Brutality"],"picked":"Juggernaut","floor":16},{"not_picked":["Searing Blow","Blood for Blood"],"picked":"Power Through","floor":18},{"not_picked":["Heavy Blade","Cleave"],"picked":"Body Slam","floor":21},{"not_picked":["Shrug It Off","Clothesline"],"picked":"Body Slam+1","floor":22},{"not_picked":["Heavy Blade","Thunderclap+1","Wild Strike"],"picked":"SKIP","floor":24},{"not_picked":["Warcry","Clash","Shockwave"],"picked":"SKIP","floor":25},{"not_picked":["Pummel+1","Hemokinesis"],"picked":"Shrug It Off","floor":29},{"not_picked":["Dual Wield","Twin Strike"],"picked":"Spot Weakness","floor":31},{"not_picked":["Feed","Offering"],"picked":"Impervious","floor":33},{"not_picked":["Twin Strike","Rupture","Sword Boomerang"],"picked":"SKIP","floor":35},{"not_picked":["Flex","Heavy Blade","Wild Strike"],"picked":"SKIP","floor":38},{"not_picked":["Berserk","Armaments","Perfected Strike"],"picked":"SKIP","floor":39}],"player_experience":557354,"relics_obtained":[{"floor":7,"key":"Red Skull"},{"floor":9,"key":"PreservedInsect"},{"floor":12,"key":"Blue Candle"},{"floor":14,"key":"Happy Flower"},{"floor":25,"key":"Dodecahedron"},{"floor":26,"key":"Old Coin"},{"floor":28,"key":"Nilry\u0027s Codex"}],"event_choices":[{"damage_healed":0,"gold_gain":0,"player_choice":"Ignored","damage_taken":0,"max_hp_gain":0,"max_hp_loss":0,"event_name":"Liars Game","floor":11,"gold_loss":0},{"damage_healed":0,"gold_gain":0,"player_choice":"Upgraded","damage_taken":0,"max_hp_gain":0,"max_hp_loss":0,"event_name":"Upgrade Shrine","floor":13,"gold_loss":0,"cards_upgraded":["Flame Barrier"]},{"damage_healed":0,"gold_gain":0,"player_choice":"Paid Fearfully","damage_taken":0,"max_hp_gain":0,"max_hp_loss":0,"event_name":"Masked Bandits","floor":20,"gold_loss":69},{"damage_healed":0,"gold_gain":0,"player_choice":"Obtained Book","damage_taken":16,"max_hp_gain":0,"max_hp_loss":0,"event_name":"Cursed Tome","floor":28,"gold_loss":0},{"damage_healed":0,"gold_gain":0,"player_choice":"Copied","damage_taken":0,"max_hp_gain":0,"max_hp_loss":0,"event_name":"Duplicator","floor":36,"gold_loss":0,"cards_obtained":["Rage"]}],"is_beta":false,"boss_relics":[{"not_picked":["Velvet Choker","Mark of Pain"],"picked":"Tiny House"},{"not_picked":["Runic Dome","Black Blood"],"picked":"Astrolabe"}],"items_purged_floors":[37],"is_endless":false,"potions_floor_spawned":[2,5,10,14,21,22,31,33,35],"killed_by":"Reptomancer","ascension_level":13}