{"gold_per_floor":[214,389,464,126,126,126,146,146,170,187,222,233,233,243,243,339,339,349,349,66,66,78,78,88,88,136,163,78,0,14,30,30,128,178,196,250,250,350,369,395,395,395,419,419,419,68,84,95,95,95],"floor_reached":51,"playtime":3341,"items_purged":["Doubt","Strike_B","Writhe"],"score":1199,"play_id":"69b6ac66-8165-4249-aa43-ae4012a033fb","local_time":"20181221220921","is_ascension_mode":true,"campfire_choices":[{"data":"Zap","floor":6,"key":"SMITH"},{"data":"Go for the Eyes","floor":8,"key":"SMITH"},{"data":"Chill","floor":13,"key":"SMITH"},{"data":"Auto Shields","floor":15,"key":"SMITH"},{"data":"Self Repair","floor":23,"key":"SMITH"},{"data":"Buffer","floor":25,"key":"SMITH"},{"data":"Coolheaded","floor":32,"key":"SMITH"},{"data":"Thunder Strike","floor":41,"key":"SMITH"},{"data":"Secret Technique","floor":44,"key":"SMITH"},{"data":"Capacitor","floor":49,"key":"SMITH"}],"neow_cost":"NONE","seed_source_timestamp":46152829062400,"circlet_count":0,"master_deck":["AscendersBane","Strike_B","Defend_B","Defend_B+1","Defend_B","Defend_B","Zap+1","Dualcast+1","Chill+1","Go for the Eyes+1","Melter","Auto Shields+1","Self Repair+1","Electrodynamics","Compile Driver","Coolheaded+1","Buffer+1","Coolheaded+1","Blizzard+1","Lockon","Thunder Strike+1","FTL","Turbo","White Noise+1","Defragment+1","Secret Technique+1","Coolheaded","Conserve Battery","Steam Power","Cold Snap","Capacitor+1"],"relics":["Cracked Core","Membership Card","Blood Vial","Kunai","Coffee Dripper","OrangePellets","War Paint","PreservedInsect","Gambling Chip","Pocketwatch","Tiny House","Torii","Thread and Needle","Bag of Marbles","Turnip","Smiling Mask","Ancient Tea Set","Dodecahedron"],"potions_floor_usage":[11,16,18,24,33,35,36,36,40,47,47,50,50,50],"damage_taken":[{"damage":2,"enemies":"Jaw Worm","floor":1,"turns":4},{"damage":0,"enemies":"Cultist","floor":7,"turns":3},{"damage":0,"enemies":"2 Louse","floor":10,"turns":1},{"damage":18,"enemies":"Lagavulin","floor":11,"turns":6},{"damage":4,"enemies":"Exordium Wildlife","floor":12,"turns":5},{"damage":4,"enemies":"Blue Slaver","floor":14,"turns":3},{"damage":0,"enemies":"The Guardian","floor":16,"turns":11},{"damage":3,"enemies":"2 Thieves","floor":18,"turns":4},{"damage":0,"enemies":"Shell Parasite","floor":22,"turns":4},{"damage":0,"enemies":"Cultist and Chosen","floor":24,"turns":7},{"damage":13,"enemies":"Gremlin Leader","floor":27,"turns":7},{"damage":0,"enemies":"Snecko","floor":30,"turns":5},{"damage":4,"enemies":"Shelled Parasite and Fungi","floor":31,"turns":5},{"damage":8,"enemies":"Collector","floor":33,"turns":11},{"damage":0,"enemies":"3 Shapes","floor":35,"turns":4},{"damage":82,"enemies":"2 Orb Walkers","floor":36,"turns":6},{"damage":0,"enemies":"Mind Bloom Boss Battle","floor":38,"turns":8},{"damage":0,"enemies":"Orb Walker","floor":39,"turns":4},{"damage":0,"enemies":"Reptomancer","floor":40,"turns":6},{"damage":34,"enemies":"4 Shapes","floor":47,"turns":5},{"damage":33,"enemies":"Writhing Mass","floor":48,"turns":8},{"damage":18,"enemies":"Time Eater","floor":50,"turns":16}],"seed_played":"-5003403959041546853","potions_obtained":[{"floor":10,"key":"Poison Potion"},{"floor":12,"key":"Explosive Potion"},{"floor":14,"key":"LiquidBronze"},{"floor":24,"key":"LiquidBronze"},{"floor":31,"key":"FocusPotion"},{"floor":33,"key":"PowerPotion"},{"floor":34,"key":"Regen Potion"},{"floor":35,"key":"AttackPotion"},{"floor":38,"key":"Swift Potion"},{"floor":48,"key":"EntropicBrew"}],"is_trial":false,"path_per_floor":["M","?","?","$","?","R","M","R","T","M","E","M","R","M","R","B",null,"M","?","$","?","M","R","M","R","T","E","?","?","M","M","R","B",null,"M","?","?","?","M","E","R","T","T","R","?","$","M","M","R","B",null],"character_chosen":"DEFECT","items_purchased":["Membership Card","Chill","Go for the Eyes","PowerPotion","Melter","OrangePellets","Blizzard","War Paint","Block Potion","Ancient Tea Set","EssenceOfSteel","Swift Potion","Dodecahedron","Steam Power"],"campfire_rested":0,"item_purchase_floors":[4,4,4,4,4,20,20,20,20,46,46,46,46,46],"current_hp_per_floor":[66,66,55,55,48,48,48,48,48,50,41,46,46,51,51,60,71,75,75,75,75,75,75,75,75,75,72,72,72,75,75,75,75,80,80,17,17,29,41,53,53,53,53,53,73,73,51,30,30,24],"gold":95,"neow_bonus":"HUNDRED_GOLD","is_prod":false,"is_daily":false,"chose_seed":false,"campfire_upgraded":10,"win_rate":0,"timestamp":1545426561,"path_taken":["M","?","?","$","?","R","?","R","T","M","E","M","R","M","R","BOSS","M","?","$","?","M","R","M","R","T","E","?","?","M","M","R","BOSS","M","?","?","?","M","E","R","?","T","R","?","$","M","M","R","BOSS"],"build_version":"2018-12-20","purchased_purges":3,"victory":true,"max_hp_per_floor":[75,75,75,75,75,75,75,75,75,75,75,75,75,75,75,75,75,75,75,75,75,75,75,75,75,75,75,75,75,75,75,75,75,80,80,80,80,80,80,80,80,80,80,80,80,80,80,80,80,80],"card_choices":[{"not_picked":["Redo","Lockon","Beam Cell"],"picked":"SKIP","floor":1},{"not_picked":["Steam","Static Discharge"],"picked":"Auto Shields","floor":7},{"not_picked":["Streamline","BootSequence"],"picked":"Self Repair","floor":10},{"not_picked":["Gash","Go for the Eyes"],"picked":"Electrodynamics","floor":11},{"not_picked":["Skim","Rebound"],"picked":"Compile Driver","floor":12},{"not_picked":["Barrage","Ball Lightning"],"picked":"Coolheaded","floor":14},{"not_picked":["Thunder Strike","Creative AI"],"picked":"Buffer","floor":16},{"not_picked":["Melter+1","Leap"],"picked":"Coolheaded+1","floor":18},{"not_picked":["Turbo","Rebound"],"picked":"FTL","floor":22},{"not_picked":["Fusion","Melter+1","Streamline"],"picked":"SKIP","floor":24},{"not_picked":["Heatsinks","Go for the Eyes"],"picked":"Turbo","floor":27},{"not_picked":["Static Discharge","Gash"],"picked":"White Noise+1","floor":30},{"not_picked":["Creative AI","Ball Lightning","Lockon"],"picked":"SKIP","floor":31},{"not_picked":["Coolheaded","Hello World+1"],"picked":"Defragment+1","floor":34},{"not_picked":["Leap","Sweeping Beam+1","Double Energy"],"picked":"SKIP","floor":35},{"not_picked":["Discovery","Forethought"],"picked":"Secret Technique","floor":37},{"not_picked":["Compile Driver","Steam+1"],"picked":"Coolheaded","floor":39},{"not_picked":["Sweeping Beam+1","Barrage+1"],"picked":"Conserve Battery","floor":40},{"not_picked":["White Noise","Beam Cell"],"picked":"Cold Snap","floor":47},{"not_picked":["Stack","Hyperbeam"],"picked":"Capacitor","floor":48}],"player_experience":308512,"relics_obtained":[{"floor":9,"key":"Blood Vial"},{"floor":11,"key":"Kunai"},{"floor":26,"key":"PreservedInsect"},{"floor":27,"key":"Gambling Chip"},{"floor":36,"key":"Torii"},{"floor":38,"key":"Thread and Needle"},{"floor":40,"key":"Bag of Marbles"},{"floor":42,"key":"Turnip"},{"floor":43,"key":"Smiling Mask"}],"event_choices":[{"damage_healed":0,"gold_gain":175,"player_choice":"AGREE","damage_taken":0,"max_hp_gain":0,"max_hp_loss":0,"event_name":"Liars Game","floor":2,"gold_loss":0,"cards_obtained":["Doubt"]},{"damage_healed":0,"gold_gain":75,"player_choice":"Gather Gold","damage_taken":11,"max_hp_gain":0,"max_hp_loss":0,"event_name":"World of Goop","floor":3,"gold_loss":0},{"damage_healed":0,"gold_gain":0,"player_choice":"Damaged","damage_taken":7,"max_hp_gain":0,"max_hp_loss":0,"event_name":"Wheel of Change","floor":5,"gold_loss":0},{"damage_healed":0,"gold_gain":0,"player_choice":"Ignored","damage_taken":0,"max_hp_gain":0,"max_hp_loss":0,"event_name":"Cursed Tome","floor":19,"gold_loss":0},{"damage_healed":0,"gold_gain":0,"cards_transformed":["Strike_B","Strike_B"],"player_choice":"Became Test Subject","damage_taken":0,"max_hp_gain":0,"max_hp_loss":0,"event_name":"Drug Dealer","floor":21,"gold_loss":0,"cards_obtained":["Lockon","Thunder Strike"]},{"damage_healed":0,"gold_gain":0,"player_choice":"Obtained Relic","damage_taken":0,"relics_obtained":["Pocketwatch"],"max_hp_gain":0,"max_hp_loss":0,"event_name":"Addict","floor":28,"gold_loss":85},{"damage_healed":0,"gold_gain":0,"player_choice":"Paid Fearfully","damage_taken":0,"max_hp_gain":0,"max_hp_loss":0,"event_name":"Masked Bandits","floor":29,"gold_loss":78},{"damage_healed":0,"gold_gain":0,"player_choice":"Fight","damage_taken":0,"max_hp_gain":0,"max_hp_loss":0,"event_name":"Mysterious Sphere","floor":36,"gold_loss":0},{"damage_healed":0,"gold_gain":0,"player_choice":"Memory 1","damage_taken":0,"max_hp_gain":0,"max_hp_loss":0,"event_name":"SensoryStone","floor":37,"gold_loss":0},{"damage_healed":0,"gold_gain":0,"player_choice":"Fight","damage_taken":0,"max_hp_gain":0,"max_hp_loss":0,"event_name":"MindBloom","floor":38,"gold_loss":0},{"damage_healed":20,"gold_gain":0,"player_choice":"Writhe","damage_taken":0,"max_hp_gain":0,"max_hp_loss":0,"event_name":"Winding Halls","floor":45,"gold_loss":0,"cards_obtained":["Writhe"]}],"is_beta":false,"boss_relics":[{"not_picked":["Astrolabe","Lizard Tail"],"picked":"Coffee Dripper"},{"not_picked":["FrozenCore","Philosopher\u0027s Stone"],"picked":"Tiny House"}],"items_purged_floors":[4,20,46],"is_endless":false,"potions_floor_spawned":[10,12,14,24,31,33,35,38,48],"ascension_level":12}