{"gold_per_floor":[113,63,80,92,0,0,100,100,100,135,154,184,184,201,201,300,300,320,337,155,172,191,191,202,202,202,202,102,119,119,135,135,135],"floor_reached":33,"playtime":2688,"items_purged":["Strike_G","Strike_G"],"score":311,"play_id":"c60e5fb1-5b0f-4e0c-80c4-add4f3e4bf40","local_time":"20190330173020","is_ascension_mode":true,"campfire_choices":[{"data":"Neutralize","floor":6,"key":"SMITH"},{"floor":13,"key":"REST"},{"floor":15,"key":"REST"},{"floor":23,"key":"REST"},{"floor":25,"key":"REST"},{"floor":32,"key":"REST"}],"neow_cost":"TEN_PERCENT_HP_LOSS","seed_source_timestamp":88715989303000,"circlet_count":0,"master_deck":["Defend_G","Defend_G","Defend_G","Defend_G","Strike_G","Survivor","Neutralize+1","Poisoned Stab","Cloak And Dagger","Dramatic Entrance","Crippling Poison","Dagger Spray","Well Laid Plans","Dash","After Image","Bouncing Flask","Crippling Poison","Noxious Fumes","Terror+1","After Image","Calculated Gamble"],"relics":["Ring of the Snake","Gremlin Horn","Blue Candle","Bronze Scales","Runic Pyramid","Matryoshka","Lantern","Letter Opener"],"potions_floor_usage":[22,29,31,31,33,33],"damage_taken":[{"damage":0,"enemies":"Small Slimes","floor":1,"turns":5},{"damage":0,"enemies":"2 Louse","floor":3,"turns":3},{"damage":0,"enemies":"Cultist","floor":4,"turns":4},{"damage":38,"enemies":"3 Sentries","floor":10,"turns":11},{"damage":0,"enemies":"Looter","floor":11,"turns":3},{"damage":16,"enemies":"Lagavulin","floor":12,"turns":8},{"damage":0,"enemies":"Exordium Wildlife","floor":14,"turns":2},{"damage":4,"enemies":"Hexaghost","floor":16,"turns":11},{"damage":11,"enemies":"2 Thieves","floor":18,"turns":5},{"damage":23,"enemies":"Spheric Guardian","floor":19,"turns":6},{"damage":11,"enemies":"Centurion and Healer","floor":21,"turns":8},{"damage":8,"enemies":"3 Cultists","floor":22,"turns":5},{"damage":5,"enemies":"Snake Plant","floor":24,"turns":4},{"damage":17,"enemies":"Centurion and Healer","floor":29,"turns":7},{"damage":0,"enemies":"Snecko","floor":31,"turns":5},{"damage":49,"enemies":"Champ","floor":33,"turns":15}],"seed_played":"4420586573728979023","potions_obtained":[{"floor":11,"key":"SpeedPotion"},{"floor":16,"key":"Block Potion"},{"floor":18,"key":"PowerPotion"},{"floor":24,"key":"Fire Potion"},{"floor":29,"key":"SpeedPotion"},{"floor":31,"key":"SpeedPotion"}],"is_trial":false,"path_per_floor":["M","?","M","M","$","R","?","$","T","E","M","E","R","M","R","B",null,"M","M","$","M","M","R","M","R","T","?","$","M","T","M","R","B"],"character_chosen":"THE_SILENT","items_purchased":["Dramatic Entrance","Crippling Poison","Noxious Fumes"],"campfire_rested":5,"item_purchase_floors":[5,20,20],"current_hp_per_floor":[63,63,63,63,63,63,63,63,63,25,25,9,27,27,45,41,63,52,29,29,18,10,28,23,41,41,32,32,15,15,15,33,0],"gold":135,"neow_bonus":"REMOVE_TWO","is_prod":false,"is_daily":false,"chose_seed":false,"campfire_upgraded":1,"win_rate":0,"timestamp":1553963420,"path_taken":["M","?","M","M","$","R","?","$","T","E","M","E","R","M","R","BOSS","M","M","$","M","?","R","M","R","T","?","$","M","?","M","R","BOSS"],"build_version":"2019-01-23","purchased_purges":2,"victory":false,"max_hp_per_floor":[63,63,63,63,63,63,63,63,63,63,63,63,63,63,63,63,63,63,63,63,63,63,63,63,63,63,63,63,63,63,63,63,63],"card_choices":[{"not_picked":["Slice","Acrobatics","Deflect"],"picked":"SKIP","floor":1},{"not_picked":["Endless Agony","Underhanded Strike"],"picked":"Poisoned Stab","floor":3},{"not_picked":["Finisher","Dagger Throw"],"picked":"Cloak And Dagger","floor":4},{"not_picked":["Dodge and Roll","Dagger Spray"],"picked":"Crippling Poison","floor":10},{"not_picked":["Deadly Poison","Storm of Steel"],"picked":"Dagger Spray","floor":11},{"not_picked":["Deadly Poison","Blade Dance"],"picked":"Well Laid Plans","floor":12},{"not_picked":["Concentrate","Dagger Spray"],"picked":"Dash","floor":14},{"not_picked":["Night Terror","Glass Knife"],"picked":"After Image","floor":16},{"not_picked":["Catalyst","Poisoned Stab"],"picked":"Bouncing Flask","floor":18},{"not_picked":["Poisoned Stab","Quick Slash","Dagger Spray+1"],"picked":"SKIP","floor":19},{"not_picked":["Acrobatics","Endless Agony"],"picked":"Terror+1","floor":21},{"not_picked":["Slice","Quick Slash","Infinite Blades"],"picked":"SKIP","floor":22},{"not_picked":["Choke","Outmaneuver"],"picked":"After Image","floor":24},{"not_picked":["Expertise+1","Blade Dance","Poisoned Stab"],"picked":"SKIP","floor":29},{"not_picked":["Bane+1","Terror"],"picked":"Calculated Gamble","floor":31}],"player_experience":477104,"relics_obtained":[{"floor":9,"key":"Gremlin Horn"},{"floor":10,"key":"Blue Candle"},{"floor":12,"key":"Bronze Scales"},{"floor":26,"key":"Matryoshka"},{"floor":30,"key":"Lantern"},{"floor":30,"key":"Letter Opener"}],"event_choices":[{"cards_removed":["Defend_G"],"damage_healed":0,"gold_gain":0,"player_choice":"Card Removal","damage_taken":0,"max_hp_gain":0,"max_hp_loss":0,"event_name":"The Cleric","floor":2,"gold_loss":50},{"damage_healed":0,"gold_gain":100,"player_choice":"Gold","damage_taken":0,"max_hp_gain":0,"max_hp_loss":0,"event_name":"Wheel of Change","floor":7,"gold_loss":0},{"damage_healed":0,"gold_gain":0,"player_choice":"Stopped","damage_taken":9,"max_hp_gain":0,"max_hp_loss":0,"event_name":"Cursed Tome","floor":27,"gold_loss":0}],"is_beta":false,"boss_relics":[{"not_picked":["WristBlade","White Beast Statue"],"picked":"Runic Pyramid"}],"items_purged_floors":[20,28],"is_endless":false,"potions_floor_spawned":[11,16,18,21,24,29,31],"killed_by":"Champ","ascension_level":4}