{"gold_per_floor":[114,114,128,148,163,163,178,178,204,225,265,284,284,304,304,433,433,451,451,476,575,594,594,594,574,574,574,592,630,630],"floor_reached":30,"playtime":1387,"items_purged":[],"score":292,"play_id":"9dbbfc25-bfbd-4344-96f0-7b5e0b1d210b","local_time":"20181016093132","is_ascension_mode":true,"campfire_choices":[{"data":"Zap","floor":6,"key":"SMITH"},{"data":"Dualcast","floor":8,"key":"SMITH"},{"floor":13,"key":"REST"},{"floor":15,"key":"REST"},{"floor":23,"key":"REST"},{"floor":27,"key":"REST"}],"neow_cost":"NONE","seed_source_timestamp":435619150039600,"circlet_count":0,"master_deck":["Strike_B","Strike_B","Strike_B","Strike_B","Defend_B","Defend_B","Defend_B","Defend_B+1","Zap+1","Dualcast+1","Creative AI+1","Sweeping Beam","Injury","Conserve Battery","Cold Snap","FTL","White Noise+1","Cold Snap","Redo","Sunder","Core Surge","Barrage","Glacier","Coolheaded","Zap","Rebound","Redo+1"],"relics":["Cracked Core","Golden Idol","Ancient Tea Set","War Paint","Philosopher\u0027s Stone","Bottled Lightning","Vajra"],"potions_floor_usage":[11,12,20,28,29,30],"damage_taken":[{"damage":5,"enemies":"Small Slimes","floor":1,"turns":2},{"damage":7,"enemies":"Jaw Worm","floor":3,"turns":2},{"damage":1,"enemies":"Cultist","floor":4,"turns":3},{"damage":12,"enemies":"Red Slaver","floor":5,"turns":3},{"damage":0,"enemies":"2 Fungi Beasts","floor":7,"turns":3},{"damage":5,"enemies":"Gremlin Gang","floor":10,"turns":5},{"damage":14,"enemies":"Lagavulin","floor":11,"turns":6},{"damage":0,"enemies":"3 Louse","floor":12,"turns":2},{"damage":0,"enemies":"Looter","floor":14,"turns":3},{"damage":46,"enemies":"Hexaghost","floor":16,"turns":9},{"damage":9,"enemies":"Chosen","floor":18,"turns":3},{"damage":9,"enemies":"Spheric Guardian","floor":20,"turns":3},{"damage":37,"enemies":"Snake Plant","floor":22,"turns":7},{"damage":13,"enemies":"Centurion and Healer","floor":28,"turns":5},{"damage":46,"enemies":"Slavers","floor":29,"turns":5},{"damage":13,"enemies":"3 Cultists","floor":30,"turns":3}],"seed_played":"-9060060403350950637","potions_obtained":[{"floor":4,"key":"SteroidPotion"},{"floor":5,"key":"Dexterity Potion"},{"floor":10,"key":"Strength Potion"},{"floor":11,"key":"Ancient Potion"},{"floor":20,"key":"FocusPotion"},{"floor":25,"key":"Weak Potion"},{"floor":29,"key":"PowerPotion"}],"is_trial":false,"path_per_floor":["M","?","M","M","M","R","M","R","T","M","E","M","R","M","R","B",null,"M","?","M","?","M","R","?","?","T","R","M","E"],"character_chosen":"DEFECT","items_purchased":[],"campfire_rested":4,"item_purchase_floors":[],"current_hp_per_floor":[70,70,63,62,50,50,50,50,50,45,31,31,53,53,75,29,75,66,66,57,57,20,42,42,42,42,64,51,5,0],"gold":630,"neow_bonus":"ONE_RANDOM_RARE_CARD","is_prod":false,"is_daily":false,"chose_seed":false,"campfire_upgraded":2,"win_rate":0,"timestamp":1539675092,"path_taken":["M","?","?","M","M","R","M","R","T","M","E","M","R","M","R","BOSS","M","?","M","?","M","R","?","?","T","R","M","E","M"],"build_version":"2018-10-11","purchased_purges":0,"victory":false,"max_hp_per_floor":[75,75,75,75,75,75,75,75,75,75,75,75,75,75,75,75,75,75,75,75,75,75,75,75,75,75,75,75,75,75],"card_choices":[{"not_picked":["Rebound","Recycle"],"picked":"Sweeping Beam","floor":1},{"not_picked":["Compile Driver","Ball Lightning"],"picked":"Conserve Battery","floor":3},{"not_picked":["Gash","Go for the Eyes"],"picked":"Cold Snap","floor":4},{"not_picked":["Heatsinks","Ball Lightning"],"picked":"FTL","floor":5},{"not_picked":["Rip and Tear","Loop"],"picked":"White Noise","floor":7},{"not_picked":["Streamline","Fission"],"picked":"Cold Snap","floor":10},{"not_picked":["Cold Snap","Steam"],"picked":"Redo","floor":11},{"not_picked":["Redo","Compile Driver","Turbo"],"picked":"SKIP","floor":12},{"not_picked":["Sweeping Beam","Streamline"],"picked":"Sunder","floor":14},{"not_picked":["Thunder Strike","Creative AI"],"picked":"Core Surge","floor":16},{"not_picked":["Coolheaded","Redo"],"picked":"Barrage","floor":18},{"not_picked":["Gash","Chaos+1"],"picked":"Glacier","floor":20},{"not_picked":["Undo+1","Recycle"],"picked":"Coolheaded","floor":22},{"not_picked":["Coolheaded+1","Redo"],"picked":"Rebound","floor":28},{"not_picked":["Storm","Hologram"],"picked":"Redo+1","floor":29}],"player_experience":148952,"relics_obtained":[{"floor":9,"key":"Ancient Tea Set"},{"floor":11,"key":"War Paint"},{"floor":26,"key":"Bottled Lightning"},{"floor":29,"key":"Vajra"}],"event_choices":[{"event_name":"Golden Idol","player_choice":"Take Wound","floor":2,"damage_taken":0},{"event_name":"Upgrade Shrine","player_choice":"Upgraded","floor":19,"damage_taken":0},{"event_name":"Nest","player_choice":"Stole From Cult","floor":21,"damage_taken":0},{"event_name":"Match and Keep!","player_choice":"1 cards matched","floor":24,"damage_taken":0},{"event_name":"The Woman in Blue","player_choice":"Bought 1 Potion","floor":25,"damage_taken":0}],"is_beta":false,"boss_relics":[{"not_picked":["Orrery","Runic Dome"],"picked":"Philosopher\u0027s Stone"}],"items_purged_floors":[],"is_endless":false,"potions_floor_spawned":[4,5,10,11,20,29],"killed_by":"3 Cultists","ascension_level":3}