{"gold_per_floor":[11,11,11,22,22,22,37,37,37,49,49,69,69,86,86,187,187,203,128,128,140,155,169,180,180,253,253,270,282,282,293,293,293],"floor_reached":33,"playtime":795,"items_purged":["Decay"],"score":243,"play_id":"41892264-c276-455d-80e6-f534bba6ac93","local_time":"20190327180611","is_ascension_mode":false,"campfire_choices":[{"data":"Zap","floor":6.0,"key":"SMITH"},{"data":"Dualcast","floor":8.0,"key":"SMITH"},{"data":"Biased Cognition","floor":11.0,"key":"SMITH"},{"data":"Machine Learning","floor":13.0,"key":"SMITH"},{"data":"Leap","floor":15.0,"key":"SMITH"},{"data":"Fusion","floor":25,"key":"SMITH"},{"floor":27,"key":"REST"},{"data":"Hello World","floor":30,"key":"SMITH"},{"floor":32,"key":"REST"}],"neow_cost":"NO_GOLD","seed_source_timestamp":0,"circlet_count":0,"master_deck":["Strike_B","Strike_B","Strike_B","Defend_B","Defend_B","Defend_B","Zap+1","Dualcast+1","Biased Cognition+1","Steam","Rebound","Leap+1","Ball Lightning","Ball Lightning","Machine Learning+1","Steam","Electrodynamics","Redo+1","Loop","Hello World+1","Biased Cognition","Fusion+1","Clumsy","Hello World","White Noise+1"],"special_seed":0,"relics":["Cracked Core","Cursed Key","Nloth\u0027s Gift","Singing Bowl"],"potions_floor_usage":[16,24,29,33],"damage_taken":[{"damage":0.0,"enemies":"Jaw Worm","floor":1.0,"turns":2.0},{"damage":0.0,"enemies":"Cultist","floor":4.0,"turns":3.0},{"damage":3.0,"enemies":"Small Slimes","floor":7.0,"turns":2.0},{"damage":0.0,"enemies":"Gremlin Gang","floor":10.0,"turns":4.0},{"damage":0.0,"enemies":"Exordium Thugs","floor":12.0,"turns":3.0},{"damage":15.0,"enemies":"Lots of Slimes","floor":14.0,"turns":3.0},{"damage":27,"enemies":"Hexaghost","floor":16,"turns":9},{"damage":14,"enemies":"2 Thieves","floor":18,"turns":2},{"damage":13,"enemies":"Shell Parasite","floor":21,"turns":4},{"damage":0,"enemies":"Centurion and Healer","floor":22,"turns":4},{"damage":17,"enemies":"Shelled Parasite and Fungi","floor":23,"turns":3},{"damage":15,"enemies":"Chosen and Byrds","floor":24,"turns":3},{"damage":12,"enemies":"3 Cultists","floor":28,"turns":4},{"damage":15,"enemies":"Centurion and Healer","floor":29,"turns":2},{"damage":15,"enemies":"Chosen and Byrds","floor":31,"turns":3},{"damage":37,"enemies":"Champ","floor":33,"turns":7}],"seed_played":"496858637405887220","potions_obtained":[{"floor":1.0,"key":"Regen Potion"},{"floor":7.0,"key":"Block Potion"},{"floor":14.0,"key":"PowerPotion"},{"floor":21,"key":"Swift Potion"},{"floor":22,"key":"LiquidBronze"},{"floor":29,"key":"Strength Potion"},{"floor":31,"key":"LiquidBronze"}],"is_trial":false,"path_per_floor":["M","?","$","M","?","R","M","R","T","M","R","M","R","M","R","B",null,"M","$","?","M","M","M","M","R","T","R","M","M","R","M","R","B"],"character_chosen":"DEFECT","items_purchased":[],"campfire_rested":2,"item_purchase_floors":[],"current_hp_per_floor":[75,75,75,75,75,75,72,72,72,72,72,72,72,57,57,30,75,61,61,61,48,48,31,25,25,25,47,35,20,20,7,30,0],"gold":293,"neow_bonus":"TRANSFORM_TWO_CARDS","is_prod":false,"is_daily":false,"chose_seed":false,"campfire_upgraded":7,"win_rate":0,"timestamp":1553731571,"path_taken":["M","?","?","M","?","R","M","R","T","M","R","M","R","?","R","BOSS","M","$","?","M","M","M","?","R","T","R","M","M","R","M","R","BOSS"],"build_version":"2019-01-23","purchased_purges":1,"victory":false,"max_hp_per_floor":[75,75,75,75,75,75,75,75,75,75,75,75,75,75,75,75,75,75,75,75,75,75,75,75,75,75,75,75,75,75,77,77,77],"card_choices":[{"not_picked":["Leap","Lockon"],"picked":"Rebound","floor":1.0},{"not_picked":["Compile Driver","Turbo"],"picked":"Leap","floor":4.0},{"not_picked":["Chill","Skim"],"picked":"Ball Lightning","floor":7.0},{"not_picked":["Reinforced Body","Go for the Eyes"],"picked":"Ball Lightning","floor":10.0},{"not_picked":["Skim","Sweeping Beam"],"picked":"Machine Learning","floor":12.0},{"not_picked":["Undo","Force Field"],"picked":"Steam","floor":14.0},{"not_picked":["All For One","Hyperbeam"],"picked":"Electrodynamics","floor":16},{"not_picked":["Go for the Eyes","Aggregate"],"picked":"Redo+1","floor":18},{"not_picked":["Double Energy","Turbo"],"picked":"Loop","floor":21},{"not_picked":["Steam Power","Steam"],"picked":"Hello World","floor":22},{"not_picked":["Turbo+1","Cold Snap"],"picked":"Biased Cognition","floor":23},{"not_picked":["Rebound","Gash"],"picked":"Fusion","floor":24},{"not_picked":["Go for the Eyes+1","Lockon+1"],"picked":"Hello World","floor":28},{"not_picked":["Darkness","Beam Cell"],"picked":"White Noise+1","floor":29},{"not_picked":["Lockon","Leap","Coolheaded"],"picked":"Singing Bowl","floor":31}],"player_experience":1130415,"relics_obtained":[{"floor":9.0,"key":"Shuriken"},{"floor":26,"key":"Singing Bowl"}],"event_choices":[{"damage_healed":0.0,"max_hp_gain":0.0,"max_hp_loss":0.0,"gold_gain":0.0,"event_name":"Wheel of Change","player_choice":"Cursed","floor":2.0,"gold_loss":0.0,"damage_taken":0.0,"cards_obtained":["Decay"]},{"damage_healed":0.0,"max_hp_gain":0.0,"max_hp_loss":0.0,"gold_gain":0.0,"event_name":"NoteForYourself","player_choice":"Ignored","floor":5.0,"gold_loss":0.0,"damage_taken":0.0},{"damage_healed":0,"gold_gain":0,"player_choice":"Traded Relic","damage_taken":0,"relics_obtained":["Nloth\u0027s Gift"],"max_hp_gain":0,"max_hp_loss":0,"event_name":"N\u0027loth","floor":20,"relics_lost":["Shuriken"],"gold_loss":0}],"is_beta":false,"boss_relics":[{"not_picked":["Tiny House","White Beast Statue"],"picked":"Cursed Key"}],"items_purged_floors":[19],"is_endless":false,"potions_floor_spawned":[1,7,14,21,22,29,31],"killed_by":"Champ","ascension_level":0}