{"gold_per_floor":[114,126,201,212,227,253,253,278,278,278,297,47,47,67,67,138,138,153,167,185,199,199,199,199,212,259,277,295,245,245,122,122,199,199,215,215,215,231,57,57,76,76,76,76,76,76,76,92,92,92],"floor_reached":50,"playtime":2815,"items_purged":["Strike_G","Defend_G","Night Terror"],"score":820,"play_id":"a77f7e40-0b99-4784-b833-78a8321adfaa","local_time":"20190215173919","is_ascension_mode":true,"campfire_choices":[{"data":"Well Laid Plans","floor":7.0,"key":"SMITH"},{"floor":10.0,"key":"REST"},{"data":"Terror","floor":13.0,"key":"SMITH"},{"data":"Bouncing Flask","floor":15.0,"key":"SMITH"},{"data":"Deadly Poison","floor":23.0,"key":"SMITH"},{"floor":32.0,"key":"REST"},{"data":"Footwork","floor":40,"key":"SMITH"},{"data":"Adrenaline","floor":42,"key":"SMITH"},{"data":"Dodge and Roll","floor":44,"key":"SMITH"},{"data":"Backflip","floor":46,"key":"SMITH"},{"data":"Neutralize","floor":49,"key":"SMITH"}],"neow_cost":"NONE","seed_source_timestamp":31934050467400,"circlet_count":0,"master_deck":["AscendersBane","Defend_G+1","Defend_G","Defend_G","Survivor","Neutralize+1","Crippling Poison","Terror+1","Well Laid Plans+1","Predator","Sucker Punch","Backflip+1","Bouncing Flask+1","Deflect","Deadly Poison+1","Adrenaline+1","Deflect+1","Skewer+1","Bane","PiercingWail","Doppelganger","Dash","Blur","Corpse Explosion","Dodge and Roll+1","PiercingWail","Footwork+1","PiercingWail","PiercingWail+1","Glass Knife","Backflip+1"],"special_seed":0,"relics":["Ring of the Snake","Mango","Smiling Mask","Bag of Preparation","Juzu Bracelet","Sozu","Whetstone","Eternal Feather","Boot"],"potions_floor_usage":[50],"damage_taken":[{"damage":2.0,"enemies":"Cultist","floor":1.0,"turns":4.0},{"damage":4.0,"enemies":"2 Louse","floor":2.0,"turns":3.0},{"damage":0.0,"enemies":"Jaw Worm","floor":4.0,"turns":4.0},{"damage":0.0,"enemies":"Large Slime","floor":5.0,"turns":4.0},{"damage":6.0,"enemies":"Gremlin Nob","floor":6.0,"turns":3.0},{"damage":22.0,"enemies":"Lagavulin","floor":8.0,"turns":7.0},{"damage":15.0,"enemies":"Exordium Thugs","floor":11.0,"turns":4.0},{"damage":0.0,"enemies":"Looter","floor":14.0,"turns":4.0},{"damage":1.0,"enemies":"The Guardian","floor":16.0,"turns":9.0},{"damage":0.0,"enemies":"Chosen","floor":18.0,"turns":4.0},{"damage":0.0,"enemies":"Spheric Guardian","floor":19.0,"turns":3.0},{"damage":0.0,"enemies":"Shelled Parasite and Fungi","floor":20.0,"turns":7.0},{"damage":12.0,"enemies":"Snake Plant","floor":21.0,"turns":4.0},{"damage":10.0,"enemies":"Sentry and Sphere","floor":25.0,"turns":4.0},{"damage":13.0,"enemies":"Chosen and Byrds","floor":27.0,"turns":7.0},{"damage":0.0,"enemies":"Snake Plant","floor":28.0,"turns":3.0},{"damage":53.0,"enemies":"Champ","floor":33.0,"turns":11.0},{"damage":1,"enemies":"3 Shapes","floor":35,"turns":2},{"damage":38,"enemies":"3 Darklings","floor":38,"turns":3},{"damage":12,"enemies":"Sphere and 2 Shapes","floor":41,"turns":7},{"damage":16,"enemies":"Spire Growth","floor":48,"turns":6},{"damage":76,"enemies":"Donu and Deca","floor":50,"turns":11}],"seed_played":"9089533322999614362","potions_obtained":[{"floor":2.0,"key":"Weak Potion"},{"floor":5.0,"key":"AttackPotion"},{"floor":8.0,"key":"Swift Potion"},{"floor":11.0,"key":"FearPotion"},{"floor":14.0,"key":"Regen Potion"}],"is_trial":false,"path_per_floor":["M","M","?","M","M","E","R","E","T","R","M","$","R","M","R","B",null,"M","M","M","M","?","R","$","M","T","M","M","?","?","$","R","B",null,"M","?","?","M","$","R","M","R","T","R","?","R","?","M","R","B"],"character_chosen":"THE_SILENT","items_purchased":["Juzu Bracelet","Deflect","Blur","Footwork","PiercingWail"],"campfire_rested":2,"item_purchase_floors":[12,12,31,39,39],"current_hp_per_floor":[57,53,42,42,42,50,50,28,28,52,37,37,37,37,37,51,73,73,73,73,61,61,61,61,51,51,38,38,38,38,38,62,9,62,61,61,61,23,23,41,29,47,47,65,65,76,76,60,76,0],"gold":92,"neow_bonus":"TRANSFORM_CARD","is_prod":false,"is_daily":false,"chose_seed":false,"campfire_upgraded":9,"win_rate":0,"timestamp":1550248759,"path_taken":["M","M","?","M","M","E","R","E","T","R","M","$","R","M","R","BOSS","M","M","M","M","?","R","?","M","T","M","M","?","?","$","R","BOSS","M","?","?","M","$","R","M","R","T","R","?","R","?","M","R","BOSS"],"build_version":"2019-01-23","purchased_purges":3,"victory":false,"max_hp_per_floor":[66,66,66,66,66,80,80,80,80,80,80,80,80,80,80,80,80,80,80,80,80,80,80,80,80,80,80,80,80,80,80,80,80,80,80,76,76,76,76,76,76,76,76,76,76,76,76,76,76,76],"card_choices":[{"not_picked":["Outmaneuver","Deflect"],"picked":"Terror","floor":1.0},{"not_picked":["Quick Slash","Blade Dance"],"picked":"Well Laid Plans","floor":2.0},{"not_picked":["Quick Slash","Flying Knee"],"picked":"Predator","floor":4.0},{"not_picked":["Prepared","Distraction"],"picked":"Sucker Punch","floor":5.0},{"not_picked":["Acrobatics","Venomology"],"picked":"Backflip","floor":6.0},{"not_picked":["Prepared","Accuracy","Calculated Gamble"],"picked":"SKIP","floor":8.0},{"not_picked":["PiercingWail","Catalyst"],"picked":"Bouncing Flask","floor":11.0},{"not_picked":["Backflip","Poisoned Stab"],"picked":"Deadly Poison","floor":14.0},{"not_picked":["Doppelganger","Storm of Steel"],"picked":"Adrenaline","floor":16.0},{"not_picked":["Heel Hook","Riddle With Holes"],"picked":"Deflect","floor":18.0},{"not_picked":["Acrobatics","Blade Dance"],"picked":"Skewer","floor":19.0},{"not_picked":["Backflip","Reflex+1"],"picked":"Bane","floor":20.0},{"not_picked":["Deflect","Choke"],"picked":"PiercingWail","floor":21.0},{"not_picked":["Prepared","Calculated Gamble","Slice+1"],"picked":"SKIP","floor":25.0},{"not_picked":["Reflex+1","Poisoned Stab"],"picked":"Dash","floor":27.0},{"not_picked":["Underhanded Strike","Finisher","Deadly Poison"],"picked":"SKIP","floor":28.0},{"not_picked":["Glass Knife","Adrenaline"],"picked":"Corpse Explosion","floor":33.0},{"not_picked":["Dagger Throw","Quick Slash+1"],"picked":"Dodge and Roll","floor":35},{"not_picked":["Sucker Punch","Dagger Spray+1"],"picked":"PiercingWail","floor":38},{"not_picked":["Finisher","Cloak And Dagger"],"picked":"PiercingWail+1","floor":41},{"not_picked":["Quick Slash","Blur"],"picked":"Backflip+1","floor":48}],"player_experience":497455,"relics_obtained":[{"floor":6.0,"key":"Mango"},{"floor":8.0,"key":"Smiling Mask"},{"floor":9.0,"key":"Bag of Preparation"},{"floor":26.0,"key":"Whetstone"},{"floor":43,"key":"Boot"}],"event_choices":[{"damage_healed":0.0,"max_hp_gain":0.0,"max_hp_loss":0.0,"gold_gain":75.0,"event_name":"World of Goop","player_choice":"Gather Gold","floor":3.0,"gold_loss":0.0,"damage_taken":11.0},{"damage_healed":0.0,"max_hp_gain":0.0,"max_hp_loss":0.0,"gold_gain":0.0,"cards_transformed":["Strike_G","Strike_G"],"event_name":"Drug Dealer","player_choice":"Became Test Subject","floor":22.0,"gold_loss":0.0,"damage_taken":0.0,"cards_obtained":["Doppelganger","Night Terror"]},{"damage_healed":0.0,"max_hp_gain":0.0,"max_hp_loss":0.0,"gold_gain":0.0,"event_name":"Designer","player_choice":"Upgraded Two","floor":29.0,"gold_loss":50.0,"damage_taken":0.0,"cards_upgraded":["Deflect","Defend_G"]},{"damage_healed":0.0,"max_hp_gain":0.0,"max_hp_loss":0.0,"gold_gain":0.0,"event_name":"Beggar","player_choice":"Ignored","floor":30.0,"gold_loss":0.0,"damage_taken":0.0},{"damage_healed":0,"gold_gain":0,"player_choice":"Max HP","damage_taken":0,"max_hp_gain":0,"max_hp_loss":4,"event_name":"Winding Halls","floor":36,"gold_loss":0},{"damage_healed":0,"gold_gain":0,"player_choice":"Ignored","damage_taken":0,"max_hp_gain":0,"max_hp_loss":0,"event_name":"Mysterious Sphere","floor":37,"gold_loss":0},{"cards_removed":["Strike_G"],"damage_healed":0,"gold_gain":0,"player_choice":"Removed Attack","damage_taken":0,"max_hp_gain":0,"max_hp_loss":0,"event_name":"Falling","floor":45,"gold_loss":0},{"damage_healed":0,"gold_gain":0,"cards_transformed":["Defend_G"],"player_choice":"Transformed","damage_taken":0,"max_hp_gain":0,"max_hp_loss":0,"event_name":"Transmorgrifier","floor":47,"gold_loss":0,"cards_obtained":["Glass Knife"]}],"is_beta":false,"boss_relics":[{"not_picked":["Coffee Dripper","Ring of the Serpent"],"picked":"Sozu"},{"not_picked":["Philosopher\u0027s Stone","Lizard Tail"],"picked":"Eternal Feather"}],"items_purged_floors":[12,31,39],"is_endless":false,"potions_floor_spawned":[2,5,8,11,14,25,27,28,33],"killed_by":"Donu and Deca","ascension_level":15}