{"gold_per_floor":[119,119,129,147,69,102,102,130,130,130,149,149],"floor_reached":12,"playtime":346,"items_purged":[],"score":167,"play_id":"4b13ff3f-b13f-4f47-a2f4-6b38eb4a9b97","local_time":"20190329163812","is_ascension_mode":true,"campfire_choices":[{"data":"Consume","floor":7,"key":"SMITH"},{"floor":10,"key":"REST"}],"neow_cost":"NONE","seed_source_timestamp":1326811755681000,"circlet_count":0,"master_deck":["AscendersBane","Strike_B","Strike_B","Strike_B","Defend_B","Defend_B","Defend_B","Defend_B","Zap","Dualcast","Streamline","Buffer","Consume+1","Steam","Loop","Barrage","Cold Snap","Sunder"],"relics":["Cracked Core","NeowsBlessing","Girya","Pantograph","Toxic Egg 2"],"potions_floor_usage":[8],"damage_taken":[{"damage":0,"enemies":"Jaw Worm","floor":1,"turns":1},{"damage":0,"enemies":"Cultist","floor":3,"turns":1},{"damage":0,"enemies":"Small Slimes","floor":4,"turns":1},{"damage":20,"enemies":"Lagavulin","floor":6,"turns":7},{"damage":30,"enemies":"3 Sentries","floor":8,"turns":7},{"damage":30,"enemies":"Exordium Wildlife","floor":11,"turns":5},{"damage":33,"enemies":"Gremlin Nob","floor":12,"turns":3}],"seed_played":"1238549338965385716","potions_obtained":[{"floor":1,"key":"Explosive Potion"},{"floor":6,"key":"SpeedPotion"}],"is_trial":false,"path_per_floor":["M","?","M","M","$","E","R","E","T","R","M","E"],"character_chosen":"DEFECT","items_purchased":["Loop"],"campfire_rested":1,"item_purchase_floors":[5],"current_hp_per_floor":[64,64,64,64,64,44,44,14,14,35,5,0],"gold":149,"neow_bonus":"THREE_ENEMY_KILL","is_prod":false,"is_daily":false,"chose_seed":false,"campfire_upgraded":1,"win_rate":0,"timestamp":1553873892,"path_taken":["M","?","M","M","$","E","R","E","T","R","M","E"],"build_version":"2019-01-23","purchased_purges":0,"victory":false,"max_hp_per_floor":[71,71,71,71,71,71,71,71,71,71,71,71],"card_choices":[{"not_picked":["Heatsinks","Stack"],"picked":"Streamline","floor":1},{"not_picked":["Compile Driver","Auto Shields"],"picked":"Consume","floor":3},{"not_picked":["Barrage","White Noise"],"picked":"Steam","floor":4},{"not_picked":["Lockon","White Noise"],"picked":"Barrage","floor":6},{"not_picked":["Leap","Undo"],"picked":"Cold Snap","floor":8},{"not_picked":["Ball Lightning","Compile Driver"],"picked":"Sunder","floor":11}],"player_experience":570029,"relics_obtained":[{"floor":6,"key":"Girya"},{"floor":8,"key":"Pantograph"},{"floor":9,"key":"Toxic Egg 2"}],"event_choices":[{"damage_healed":0,"gold_gain":0,"cards_transformed":["Strike_B"],"player_choice":"Transformed","damage_taken":0,"max_hp_gain":0,"max_hp_loss":0,"event_name":"Transmorgrifier","floor":2,"gold_loss":0,"cards_obtained":["Buffer"]}],"is_beta":false,"boss_relics":[],"items_purged_floors":[],"is_endless":false,"potions_floor_spawned":[1,6],"killed_by":"Gremlin Nob","ascension_level":18}