{"gold_per_floor":[118,68,68,78,90,90,15,15,15,27,27,52,52,68,68,196,196,216,116,135,135],"floor_reached":21,"playtime":1105,"items_purged":["Strike_G","Strike_G"],"score":171,"play_id":"24d15ae3-1e87-4831-b483-a6e37f99b968","local_time":"20190420162543","is_ascension_mode":false,"campfire_choices":[{"data":"Envenom","floor":6,"key":"SMITH"},{"data":"Neutralize","floor":8,"key":"SMITH"},{"data":"Cloak And Dagger","floor":15,"key":"SMITH"}],"neow_cost":"NONE","seed_source_timestamp":632111361700245,"circlet_count":0,"master_deck":["Defend_G","Defend_G","Defend_G","Defend_G","Defend_G","Strike_G","Survivor","Neutralize+1","Envenom+1","Backflip","Bouncing Flask","Neutralize","Madness","Escape Plan","Expertise","Infinite Blades","Cloak And Dagger+1","Storm of Steel","Noxious Fumes"],"relics":["Ring of the Snake","Bottled Tornado","Golden Idol","HoveringKite"],"potions_floor_usage":[10,18],"damage_taken":[{"damage":4,"enemies":"Cultist","floor":1,"turns":5},{"damage":0,"enemies":"Small Slimes","floor":4,"turns":3},{"damage":0,"enemies":"2 Louse","floor":5,"turns":2},{"damage":13,"enemies":"Gremlin Gang","floor":10,"turns":7},{"damage":4,"enemies":"Exordium Wildlife","floor":12,"turns":3},{"damage":0,"enemies":"3 Louse","floor":14,"turns":6},{"damage":16,"enemies":"The Guardian","floor":16,"turns":11},{"damage":25,"enemies":"Spheric Guardian","floor":18,"turns":7},{"damage":0,"enemies":"Chosen","floor":20,"turns":4}],"seed_played":"-1723784396474146692","potions_obtained":[{"floor":5,"key":"GhostInAJar"},{"floor":14,"key":"SkillPotion"},{"floor":16,"key":"SpeedPotion"},{"floor":20,"key":"Dexterity Potion"}],"is_trial":false,"path_per_floor":["M","?","?","M","M","R","$","R","T","M","?","M","?","M","R","B",null,"M","$","M","?"],"character_chosen":"THE_SILENT","items_purchased":[],"campfire_rested":0,"item_purchase_floors":[],"current_hp_per_floor":[66,66,66,66,66,66,66,66,66,53,36,32,32,32,32,16,70,45,45,45,45],"gold":135,"neow_bonus":"ONE_RANDOM_RARE_CARD","is_prod":false,"is_daily":false,"chose_seed":false,"campfire_upgraded":3,"win_rate":0,"timestamp":1555748743,"path_taken":["M","?","?","M","?","R","$","R","T","?","?","M","?","M","R","BOSS","M","$","?","?"],"build_version":"2019-01-23","purchased_purges":2,"victory":false,"max_hp_per_floor":[70,70,70,70,70,70,70,70,70,70,70,70,70,70,70,70,70,70,70,70,70],"card_choices":[{"not_picked":["Quick Slash","Caltrops"],"picked":"Backflip","floor":1},{"not_picked":["Dodge and Roll","Deflect"],"picked":"Escape Plan","floor":4},{"not_picked":["Acrobatics","PiercingWail"],"picked":"Expertise","floor":5},{"not_picked":["Slice","Grand Finale"],"picked":"Infinite Blades","floor":10},{"not_picked":["Backstab","Backflip"],"picked":"Cloak And Dagger","floor":12},{"not_picked":["Bouncing Flask","Deadly Poison","Underhanded Strike"],"picked":"SKIP","floor":14},{"not_picked":["Wraith Form v2","Envenom"],"picked":"Storm of Steel","floor":16},{"not_picked":["Flechettes","Terror","Outmaneuver"],"picked":"SKIP","floor":18},{"not_picked":["Escape Plan","Poisoned Stab+1"],"picked":"Noxious Fumes","floor":20}],"player_experience":998721,"relics_obtained":[{"floor":9,"key":"Bottled Tornado"}],"event_choices":[{"cards_removed":["Strike_G"],"damage_healed":0,"gold_gain":0,"player_choice":"Card Removal","damage_taken":0,"max_hp_gain":0,"max_hp_loss":0,"event_name":"The Cleric","floor":2,"gold_loss":50},{"damage_healed":0,"gold_gain":0,"player_choice":"3 cards matched","damage_taken":0,"max_hp_gain":0,"max_hp_loss":0,"event_name":"Match and Keep!","floor":3,"gold_loss":0,"cards_obtained":["Bouncing Flask","Neutralize","Madness"]},{"damage_healed":0,"gold_gain":0,"player_choice":"Take Damage","damage_taken":17,"relics_obtained":["Golden Idol"],"max_hp_gain":0,"max_hp_loss":0,"event_name":"Golden Idol","floor":11,"gold_loss":0},{"cards_removed":["Strike_G"],"damage_healed":0,"gold_gain":0,"player_choice":"Offered Basic","damage_taken":0,"max_hp_gain":0,"max_hp_loss":0,"event_name":"Bonfire Elementals","floor":13,"gold_loss":0}],"is_beta":false,"boss_relics":[{"not_picked":["Runic Dome","Runic Pyramid"],"picked":"HoveringKite"}],"items_purged_floors":[7,19],"is_endless":false,"potions_floor_spawned":[5,14,16,20],"ascension_level":0}