{"gold_per_floor":[119,132,143,159,174,206,206,224,271,284,316,332,332,359,359,455,455,465,477,477,496,268,268,102,121,121,121,135,149,161,184,184,279,279,290,0,10,20,36,36,52,52,52,68,88,88,88,102,102,102],"floor_reached":51,"playtime":3250,"items_purged":[],"score":656,"play_id":"bf9fa78a-0491-40d4-bc1c-61372f73b222","local_time":"20181013114950","is_ascension_mode":false,"campfire_choices":[{"data":"Armaments","floor":7,"key":"SMITH"},{"data":"Armaments","floor":15,"key":"SMITH"},{"data":"Ghostly Armor","floor":23,"key":"SMITH"},{"data":"Spot Weakness","floor":32,"key":"SMITH"},{"data":"Demon Form","floor":40,"key":"SMITH"},{"data":"Offering","floor":42,"key":"SMITH"},{"data":"Disarm","floor":47,"key":"SMITH"},{"data":"Pommel Strike","floor":49,"key":"SMITH"}],"neow_cost":"NONE","seed_source_timestamp":182769943357200,"circlet_count":0,"master_deck":["Ghostly Armor+1","Pommel Strike","Armaments+1","Cleave","Pommel Strike+1","Disarm+1","Thunderclap","Reaper+1","Armaments+1","Demon Form+1","Iron Wave+1","Havoc+1","Bloodletting+1","Sword Boomerang+1","Headbutt+1","Heavy Blade+1","Pummel+1","Headbutt+1","Cleave+1","Spot Weakness+1","Offering+1","Clash+1","Sword Boomerang+1","Searing Blow+1","Disarm+1","Flex+1","Whirlwind+1","Infernal Blade+1","Heavy Blade+1","Flex+1"],"relics":["Burning Blood","Lantern","Bag of Preparation","Molten Egg 2","Pantograph","Pandora\u0027s Box","MutagenicStrength","ClockworkSouvenir","Vajra","War Paint","Potion Belt","Astrolabe","Red Mask","Letter Opener"],"potions_floor_usage":[4,6,18,21,33,33,33,35,48],"damage_taken":[{"damage":3,"enemies":"2 Louse","floor":1,"turns":4},{"damage":0,"enemies":"Cultist","floor":2,"turns":4},{"damage":1,"enemies":"Small Slimes","floor":3,"turns":4},{"damage":0,"enemies":"Red Slaver","floor":4,"turns":4},{"damage":2,"enemies":"Looter","floor":5,"turns":4},{"damage":28,"enemies":"Gremlin Nob","floor":6,"turns":4},{"damage":3,"enemies":"3 Louse","floor":8,"turns":4},{"damage":0,"enemies":"Exordium Wildlife","floor":10,"turns":3},{"damage":7,"enemies":"3 Sentries","floor":11,"turns":7},{"damage":0,"enemies":"Red Slaver","floor":12,"turns":3},{"damage":17,"enemies":"Gremlin Nob","floor":14,"turns":4},{"damage":58,"enemies":"Hexaghost","floor":16,"turns":16},{"damage":18,"enemies":"Spheric Guardian","floor":18,"turns":5},{"damage":6,"enemies":"Chosen","floor":19,"turns":4},{"damage":18,"enemies":"Snake Plant","floor":21,"turns":3},{"damage":3,"enemies":"Centurion and Healer","floor":25,"turns":3},{"damage":25,"enemies":"Colosseum Slavers","floor":27,"turns":3},{"damage":12,"enemies":"3 Cultists","floor":28,"turns":3},{"damage":3,"enemies":"Sentry and Sphere","floor":29,"turns":2},{"damage":3,"enemies":"Chosen and Byrds","floor":30,"turns":2},{"damage":76,"enemies":"Automaton","floor":33,"turns":7},{"damage":0,"enemies":"3 Darklings","floor":35,"turns":1},{"damage":0,"enemies":"Orb Walker","floor":37,"turns":2},{"damage":3,"enemies":"3 Darklings","floor":38,"turns":4},{"damage":18,"enemies":"Maw","floor":39,"turns":6},{"damage":6,"enemies":"Spire Growth","floor":41,"turns":2},{"damage":0,"enemies":"Sphere and 2 Shapes","floor":44,"turns":2},{"damage":26,"enemies":"Maw","floor":45,"turns":5},{"damage":6,"enemies":"Transient","floor":48,"turns":5},{"damage":45,"enemies":"Donu and Deca","floor":50,"turns":5}],"seed_played":"4303430438723711477","potions_obtained":[{"floor":1,"key":"Fire Potion"},{"floor":4,"key":"Regen Potion"},{"floor":5,"key":"BloodPotion"},{"floor":8,"key":"Block Potion"},{"floor":10,"key":"GamblersBrew"},{"floor":18,"key":"SteroidPotion"},{"floor":25,"key":"PowerPotion"},{"floor":28,"key":"Strength Potion"},{"floor":33,"key":"Swift Potion"},{"floor":38,"key":"FairyPotion"},{"floor":44,"key":"FearPotion"},{"floor":45,"key":"SkillPotion"}],"is_trial":false,"path_per_floor":["M","M","M","M","M","E","R","M","T","M","E","M","?","E","R","B",null,"M","M","?","M","$","R","$","M","T","?","M","M","M","T","R","B",null,"M","?","M","M","M","R","M","R","T","M","M","?","R","M","R","B"],"character_chosen":"IRONCLAD","items_purchased":["ClockworkSouvenir","Anger+1","Vajra","Flex"],"campfire_rested":0,"item_purchase_floors":[22,22,24,24],"current_hp_per_floor":[80,80,80,80,80,66,66,69,69,75,74,80,80,72,72,30,80,68,68,68,56,56,56,56,59,59,40,67,70,73,73,73,10,80,80,80,80,80,68,68,68,68,68,74,54,54,54,73,73,41],"gold":102,"neow_bonus":"REMOVE_CARD","is_prod":false,"is_daily":false,"chose_seed":false,"campfire_upgraded":8,"win_rate":0,"timestamp":1539424190,"path_taken":["M","M","M","M","M","E","R","M","T","M","E","M","?","E","R","BOSS","M","M","?","M","$","R","$","M","T","?","M","?","M","?","R","BOSS","M","?","M","?","M","R","M","R","T","M","M","?","R","M","R","BOSS"],"build_version":"2018-10-11","purchased_purges":0,"victory":true,"max_hp_per_floor":[80,80,80,80,80,80,80,80,80,80,80,80,80,80,80,80,80,80,80,80,80,80,80,80,80,80,80,80,80,80,80,80,80,80,80,80,80,80,80,80,80,80,80,80,80,80,80,80,80,80],"card_choices":[{"not_picked":["Battle Trance","Seeing Red"],"picked":"Ghostly Armor","floor":1},{"not_picked":["Sever Soul","Anger"],"picked":"Pommel Strike","floor":2},{"not_picked":["Second Wind","Uppercut"],"picked":"Armaments","floor":3},{"not_picked":["Wild Strike","Pommel Strike"],"picked":"Cleave","floor":4},{"not_picked":["Warcry","Clothesline"],"picked":"Pommel Strike","floor":5},{"not_picked":["Anger","Clash"],"picked":"Disarm","floor":6},{"not_picked":["Uppercut","Clothesline","Anger"],"picked":"SKIP","floor":8},{"not_picked":["Twin Strike","Entrench"],"picked":"Thunderclap","floor":10},{"not_picked":["Bloodletting","True Grit"],"picked":"Reaper","floor":11},{"not_picked":["Uppercut+1","Power Through","Anger+1"],"picked":"SKIP","floor":12},{"not_picked":["Entrench","Thunderclap+1"],"picked":"Armaments","floor":14},{"not_picked":["Immolate+1","Limit Break"],"picked":"Demon Form","floor":16},{"not_picked":["Perfected Strike+1","True Grit"],"picked":"Pummel+1","floor":18},{"not_picked":["Clothesline+1","Uppercut+1"],"picked":"Headbutt+1","floor":19},{"not_picked":["Feel No Pain","Body Slam+1"],"picked":"Cleave+1","floor":21},{"not_picked":["Perfected Strike+1","Clothesline+1","Havoc"],"picked":"SKIP","floor":25},{"not_picked":["Clash+1","Intimidate","Armaments+1"],"picked":"SKIP","floor":28},{"not_picked":["Anger+1","Flame Barrier","Clothesline+1"],"picked":"SKIP","floor":29},{"not_picked":["Cleave+1","Heavy Blade+1"],"picked":"Spot Weakness","floor":30},{"not_picked":["Double Tap","Barricade"],"picked":"Offering","floor":33},{"not_picked":["Heavy Blade+1","Power Through"],"picked":"Disarm+1","floor":35},{"not_picked":["Sever Soul+1","Anger+1","Armaments"],"picked":"SKIP","floor":37},{"not_picked":["Warcry+1","Disarm+1"],"picked":"Flex+1","floor":38},{"not_picked":["Body Slam+1","Sword Boomerang+1"],"picked":"Whirlwind+1","floor":39},{"not_picked":["Anger+1","Pummel+1"],"picked":"Infernal Blade+1","floor":41},{"not_picked":["Flame Barrier","Cleave+1","Metallicize"],"picked":"SKIP","floor":44},{"not_picked":["Havoc","Reckless Charge+1","Flame Barrier"],"picked":"SKIP","floor":45},{"not_picked":["Seeing Red+1","Uppercut+1"],"picked":"Flex+1","floor":48}],"player_experience":140851,"relics_obtained":[{"floor":6,"key":"Lantern"},{"floor":9,"key":"Bag of Preparation"},{"floor":11,"key":"Molten Egg 2"},{"floor":14,"key":"Pantograph"},{"floor":26,"key":"War Paint"},{"floor":31,"key":"Potion Belt"},{"floor":43,"key":"Letter Opener"}],"event_choices":[{"event_name":"Purifier","player_choice":"One Purge","floor":13,"damage_taken":0},{"event_name":"Drug Dealer","player_choice":"Inject Mutagens","floor":20,"damage_taken":0},{"event_name":"Colosseum","player_choice":"Fight","floor":27,"damage_taken":0},{"event_name":"Colosseum","player_choice":"Fled From Nobs","floor":27,"damage_taken":0},{"event_name":"Tomb of Lord Red Mask","player_choice":"Paid","floor":36,"damage_taken":0},{"event_name":"Transmorgrifier","player_choice":"Transform","floor":46,"damage_taken":0}],"is_beta":false,"boss_relics":[{"not_picked":["Fusion Hammer","Snecko Eye"],"picked":"Pandora\u0027s Box"},{"not_picked":["Calling Bell","Coffee Dripper"],"picked":"Astrolabe"}],"items_purged_floors":[],"is_endless":false,"potions_floor_spawned":[1,4,5,8,10,18,25,28,33,38,44,45],"ascension_level":0}