{"gold_per_floor":[118,137,153,166,166,166,166,184,258,258,208,220,118,129,129,231,231,241,241,241,166,177,177],"floor_reached":23,"playtime":1370,"items_purged":["Strike_R"],"score":208,"play_id":"56cb73d9-e658-4689-ad10-b70cd651f7ea","local_time":"20190210170236","is_ascension_mode":false,"campfire_choices":[{"data":"Juggernaut","floor":6,"key":"SMITH"},{"data":"Infernal Blade","floor":10,"key":"SMITH"},{"floor":15,"key":"REST"}],"neow_cost":"NONE","seed_source_timestamp":1043459910973400,"circlet_count":0,"master_deck":["Defend_R","Defend_R+1","Defend_R","Defend_R","Bash","Juggernaut+1","Infernal Blade+1","Body Slam","Spot Weakness","Thunderclap","Anger","Searing Blow","Armaments","Clash","Feed","Entrench","Bite","Bite","Bite","Bite","Bite","True Grit+1"],"relics":["Burning Blood","Mercury Hourglass","Mark of Pain","Thread and Needle"],"potions_floor_usage":[8,16,18,22,23],"damage_taken":[{"damage":5,"enemies":"Small Slimes","floor":1,"turns":5},{"damage":5,"enemies":"Jaw Worm","floor":2,"turns":4},{"damage":1,"enemies":"Cultist","floor":3,"turns":4},{"damage":40,"enemies":"Gremlin Gang","floor":4,"turns":8},{"damage":0,"enemies":"Large Slime","floor":8,"turns":5},{"damage":7,"enemies":"3 Louse","floor":12,"turns":2},{"damage":13,"enemies":"Red Slaver","floor":14,"turns":3},{"damage":20,"enemies":"The Guardian","floor":16,"turns":6},{"damage":3,"enemies":"Spheric Guardian","floor":18,"turns":3},{"damage":19,"enemies":"2 Thieves","floor":22,"turns":4},{"damage":71,"enemies":"Slavers","floor":23,"turns":4}],"seed_played":"136735531564769422","potions_obtained":[{"floor":4,"key":"Block Potion"},{"floor":8,"key":"SteroidPotion"},{"floor":12,"key":"SpeedPotion"},{"floor":14,"key":"Weak Potion"},{"floor":22,"key":"Regen Potion"}],"is_trial":false,"path_per_floor":["M","M","M","M","?","R","?","M","T","R","?","M","$","M","R","B",null,"M","?","?","?","M","E"],"character_chosen":"IRONCLAD","items_purchased":["Armaments"],"campfire_rested":1,"item_purchase_floors":[13],"current_hp_per_floor":[80,80,80,46,30,30,30,36,36,36,36,35,35,28,52,38,80,80,80,56,56,47,0],"gold":177,"neow_bonus":"ONE_RANDOM_RARE_CARD","is_prod":false,"is_daily":false,"chose_seed":false,"campfire_upgraded":2,"win_rate":0.0,"timestamp":1549814556,"path_taken":["M","M","M","M","?","R","?","M","T","R","?","M","$","?","R","BOSS","M","?","?","?","M","E"],"build_version":"2019-01-23","purchased_purges":1,"victory":false,"max_hp_per_floor":[80,80,80,80,80,80,80,80,80,80,80,80,80,80,80,80,80,80,80,56,56,56,56],"card_choices":[{"not_picked":["Shrug It Off","Iron Wave"],"picked":"Infernal Blade","floor":1},{"not_picked":["Bloodletting","Sword Boomerang"],"picked":"Body Slam","floor":2},{"not_picked":["Reckless Charge","Hemokinesis"],"picked":"Spot Weakness","floor":3},{"not_picked":["Sword Boomerang","Headbutt"],"picked":"Thunderclap","floor":4},{"not_picked":["Headbutt","Thunderclap"],"picked":"Anger","floor":8},{"not_picked":["Wild Strike","Twin Strike"],"picked":"Searing Blow","floor":12},{"not_picked":["Headbutt","Iron Wave"],"picked":"Clash","floor":14},{"not_picked":["Impervious","Dark Embrace"],"picked":"Feed","floor":16},{"not_picked":["Reckless Charge","Armaments"],"picked":"Entrench","floor":18},{"not_picked":["Thunderclap","Cleave"],"picked":"True Grit+1","floor":22}],"player_experience":13752,"relics_obtained":[{"floor":9,"key":"Mercury Hourglass"}],"event_choices":[{"damage_healed":0,"gold_gain":0,"player_choice":"Entered Light","damage_taken":16,"max_hp_gain":0,"max_hp_loss":0,"event_name":"Shining Light","floor":5,"gold_loss":0,"cards_upgraded":["Defend_R","Strike_R"]},{"cards_removed":["Strike_R"],"damage_healed":0,"gold_gain":0,"player_choice":"Forget","damage_taken":0,"max_hp_gain":0,"max_hp_loss":0,"event_name":"Living Wall","floor":7,"gold_loss":0},{"cards_removed":["Strike_R"],"damage_healed":0,"gold_gain":0,"player_choice":"Card Removal","damage_taken":0,"max_hp_gain":0,"max_hp_loss":0,"event_name":"The Cleric","floor":11,"gold_loss":50},{"damage_healed":0,"gold_gain":0,"player_choice":"Opened","damage_taken":0,"relics_obtained":["Thread and Needle"],"max_hp_gain":0,"max_hp_loss":0,"event_name":"The Mausoleum","floor":19,"gold_loss":0,"cards_obtained":["Writhe"]},{"damage_healed":0,"gold_gain":0,"player_choice":"Became a vampire","damage_taken":0,"max_hp_gain":0,"max_hp_loss":24,"event_name":"Vampires","floor":20,"gold_loss":0,"cards_obtained":["Bite","Bite","Bite","Bite","Bite"]},{"cards_removed":["Writhe"],"damage_healed":0,"gold_gain":0,"player_choice":"Gave Gold","damage_taken":0,"max_hp_gain":0,"max_hp_loss":0,"event_name":"Beggar","floor":21,"gold_loss":75}],"is_beta":false,"boss_relics":[{"not_picked":["Fusion Hammer","Orrery"],"picked":"Mark of Pain"}],"items_purged_floors":[13],"is_endless":false,"potions_floor_spawned":[4,8,12,14,22],"killed_by":"Slavers","ascension_level":0}