{"gold_per_floor":[111,61,61,71,71,96,113,113,137,237,265,284,284,296,296,296],"floor_reached":16,"playtime":552,"items_purged":[],"score":110,"play_id":"4a56e5c8-e18b-428e-b6a1-fde89f243f8a","local_time":"20181212202442","is_ascension_mode":false,"campfire_choices":[{"floor":8,"key":"REST"},{"data":"Dualcast","floor":13,"key":"SMITH"},{"data":"Cold Snap","floor":15,"key":"SMITH"}],"neow_cost":"NONE","seed_source_timestamp":42674455300000,"circlet_count":0,"master_deck":["Strike_B","Strike_B","Strike_B","Defend_B","Defend_B","Defend_B","Defend_B","Zap+1","Dualcast+1","Cold Snap+1","Turbo","Blizzard","Coolheaded","Seek"],"relics":["Cracked Core","Regal Pillow","Juzu Bracelet","WingedGreaves","Potion Belt","Omamori"],"potions_floor_usage":[11],"damage_taken":[{"damage":0,"enemies":"Cultist","floor":1,"turns":3},{"damage":0,"enemies":"Small Slimes","floor":4,"turns":4},{"damage":42,"enemies":"Gremlin Nob","floor":6,"turns":5},{"damage":0,"enemies":"2 Louse","floor":7,"turns":2},{"damage":15,"enemies":"Lagavulin","floor":11,"turns":7},{"damage":10,"enemies":"Exordium Thugs","floor":12,"turns":5},{"damage":4,"enemies":"Exordium Wildlife","floor":14,"turns":4},{"damage":31,"enemies":"Hexaghost","floor":16,"turns":14}],"seed_played":"-4044633678750396628","potions_obtained":[{"floor":7,"key":"Weak Potion"},{"floor":12,"key":"Ancient Potion"}],"is_trial":false,"path_per_floor":["M","?","?","M","?","E","M","R","T","?","E","M","R","M","R","B"],"character_chosen":"DEFECT","items_purchased":[],"campfire_rested":1,"item_purchase_floors":[],"current_hp_per_floor":[75,75,75,75,63,21,21,58,58,58,43,33,33,29,29,0],"gold":296,"neow_bonus":"UPGRADE_CARD","is_prod":false,"is_daily":false,"chose_seed":false,"campfire_upgraded":2,"win_rate":0,"timestamp":1544642682,"path_taken":["M","?","?","?","?","E","M","R","T","?","E","M","R","M","R","BOSS"],"build_version":"2018-12-06","purchased_purges":0,"victory":false,"max_hp_per_floor":[75,75,75,75,75,75,75,75,75,75,75,75,75,75,75,75],"card_choices":[{"not_picked":["Steam","Coolheaded"],"picked":"Cold Snap","floor":1},{"not_picked":["Steam","Aggregate"],"picked":"Turbo","floor":4},{"not_picked":["Leap","Double Energy"],"picked":"Blizzard","floor":6},{"not_picked":["Blizzard","Sweeping Beam"],"picked":"Coolheaded","floor":7},{"not_picked":["Ball Lightning","Go for the Eyes"],"picked":"Seek","floor":11},{"not_picked":["Barrage","Rebound","Streamline"],"picked":"SKIP","floor":12},{"not_picked":["Streamline","Heatsinks","Undo"],"picked":"SKIP","floor":14}],"player_experience":246647,"relics_obtained":[{"floor":3,"key":"Regal Pillow"},{"floor":6,"key":"WingedGreaves"},{"floor":9,"key":"Potion Belt"},{"floor":11,"key":"Omamori"}],"event_choices":[{"cards_removed":["Strike_B"],"damage_healed":0,"gold_gain":0,"player_choice":"Card Removal","damage_taken":0,"max_hp_gain":0,"max_hp_loss":0,"event_name":"The Cleric","floor":2,"gold_loss":50},{"damage_healed":0,"gold_gain":0,"player_choice":"Relic","damage_taken":0,"max_hp_gain":0,"max_hp_loss":0,"event_name":"Wheel of Change","floor":3,"gold_loss":0},{"damage_healed":0,"gold_gain":0,"player_choice":"Success","damage_taken":12,"relics_obtained":["Juzu Bracelet"],"max_hp_gain":0,"max_hp_loss":0,"event_name":"Scrap Ooze","floor":5,"gold_loss":0},{"damage_healed":0,"gold_gain":100,"player_choice":"Pray","damage_taken":0,"max_hp_gain":0,"max_hp_loss":0,"event_name":"Golden Shrine","floor":10,"gold_loss":0}],"is_beta":false,"boss_relics":[],"items_purged_floors":[],"is_endless":false,"potions_floor_spawned":[7,12],"killed_by":"Hexaghost","ascension_level":0}