{"gold_per_floor":[112,112,128,143,143,143,173,173,173,232,232,182,182,198,198,301,301,301,301,301,301,301,301,301,301,301,301,301,301,301,301,301,301,301,301,301,301,301,301,301,83,83,83,83,83,83,83,25,25,25],"floor_reached":51,"playtime":2565,"items_purged":["Bite"],"score":718,"play_id":"556caf5d-9876-4358-be86-123c182cc288","local_time":"20190305234611","is_ascension_mode":false,"campfire_choices":[{"data":"Bash","floor":6,"key":"SMITH"},{"data":"Inflame","floor":8,"key":"SMITH"},{"data":"Shrug It Off","floor":11,"key":"SMITH"},{"data":"Rage","floor":13,"key":"SMITH"},{"data":"Shrug It Off","floor":15,"key":"SMITH"},{"data":"Heavy Blade","floor":23,"key":"SMITH"},{"data":"Intimidate","floor":28,"key":"SMITH"},{"data":"Battle Trance","floor":32,"key":"SMITH"},{"data":"Brutality","floor":40,"key":"SMITH"},{"data":"Bite","floor":42,"key":"SMITH"},{"data":"Defend_R","floor":44,"key":"SMITH"},{"data":"Bite","floor":45,"key":"SMITH"},{"data":"Defend_R","floor":46,"key":"SMITH"},{"data":"Limit Break","floor":49,"key":"SMITH"}],"neow_cost":"NONE","seed_source_timestamp":894769457686460,"circlet_count":0,"master_deck":["Defend_R+1","Defend_R","Defend_R+1","Bash+1","Battle Trance+1","Rage+1","Headbutt","Shrug It Off+1","Inflame+1","Shrug It Off+1","Demon Form+1","Thunderclap+1","Heavy Blade+1","Sword Boomerang+1","Twin Strike","Intimidate+1","Pommel Strike+1","Warcry+1","Bite+1","Bite+1","Bite","Bite","Brutality+1","Flex+1","Clothesline+1","Heavy Blade+1","Limit Break+1"],"relics":["Black Blood","Vajra","Singing Bowl","Gremlin Horn","PreservedInsect","Ectoplasm","Torii","Bottled Tornado","Mummified Hand","WingedGreaves","Happy Flower","Juzu Bracelet","Dead Branch"],"potions_floor_usage":[19,33,50],"damage_taken":[{"damage":5,"enemies":"Small Slimes","floor":1,"turns":4},{"damage":0,"enemies":"2 Louse","floor":3,"turns":2},{"damage":1,"enemies":"Cultist","floor":4,"turns":4},{"damage":22,"enemies":"3 Sentries","floor":7,"turns":12},{"damage":22,"enemies":"3 Sentries","floor":10,"turns":6},{"damage":0,"enemies":"Gremlin Gang","floor":14,"turns":3},{"damage":18,"enemies":"The Guardian","floor":16,"turns":11},{"damage":7,"enemies":"Shell Parasite","floor":18,"turns":5},{"damage":7,"enemies":"Colosseum Slavers","floor":19,"turns":4},{"damage":7,"enemies":"Colosseum Nobs","floor":19,"turns":3},{"damage":10,"enemies":"3 Byrds","floor":21,"turns":5},{"damage":15,"enemies":"Snake Plant","floor":22,"turns":3},{"damage":7,"enemies":"Chosen and Byrds","floor":24,"turns":3},{"damage":0,"enemies":"Snecko","floor":25,"turns":3},{"damage":0,"enemies":"3 Cultists","floor":27,"turns":3},{"damage":1,"enemies":"Snake Plant","floor":29,"turns":3},{"damage":11,"enemies":"Champ","floor":33,"turns":5},{"damage":10,"enemies":"3 Darklings","floor":35,"turns":3},{"damage":26,"enemies":"2 Orb Walkers","floor":36,"turns":4},{"damage":10,"enemies":"Orb Walker","floor":38,"turns":2},{"damage":3,"enemies":"Sphere and 2 Shapes","floor":47,"turns":3},{"damage":53,"enemies":"Time Eater","floor":50,"turns":6}],"seed_played":"406503053159214205","potions_obtained":[{"floor":1,"key":"Ancient Potion"},{"floor":7,"key":"SteroidPotion"},{"floor":16,"key":"SkillPotion"},{"floor":24,"key":"BloodPotion"},{"floor":27,"key":"Strength Potion"},{"floor":38,"key":"EntropicBrew"}],"is_trial":false,"path_per_floor":["M","?","M","M","?","R","E","R","T","?","R","?","R","M","R","B",null,"M","?","?","M","M","R","M","M","T","M","R","M","?","$","R","B",null,"M","?","?","M","?","R","$","R","T","R","R","R","M","?","R","B",null],"character_chosen":"IRONCLAD","items_purchased":["Happy Flower"],"campfire_rested":0,"item_purchase_floors":[41],"current_hp_per_floor":[80,80,80,80,68,68,52,52,52,36,36,36,36,44,44,32,82,81,79,79,75,66,66,65,71,71,77,77,84,58,58,58,58,58,58,52,52,56,56,56,56,56,56,56,56,56,60,60,60,28],"gold":25,"neow_bonus":"RANDOM_COMMON_RELIC","is_prod":false,"is_daily":false,"chose_seed":false,"campfire_upgraded":14,"win_rate":0,"timestamp":1551800771,"path_taken":["M","?","M","M","?","R","E","R","T","?","R","?","R","M","R","BOSS","M","?","?","?","M","R","?","M","T","M","R","M","?","$","R","BOSS","M","?","?","?","?","R","?","R","T","R","R","R","M","?","R","BOSS"],"build_version":"2019-01-23","purchased_purges":1,"victory":true,"max_hp_per_floor":[80,80,80,80,80,80,80,80,80,80,80,80,80,82,82,82,82,82,82,82,82,82,82,82,82,82,82,82,84,58,58,58,58,58,58,60,60,60,60,60,60,60,60,60,60,60,60,60,60,60],"card_choices":[{"not_picked":["Dual Wield","True Grit"],"picked":"Battle Trance","floor":1},{"not_picked":["Heavy Blade","Thunderclap"],"picked":"Headbutt","floor":3},{"not_picked":["Metallicize","Heavy Blade"],"picked":"Shrug It Off","floor":4},{"not_picked":["Intimidate","Flex"],"picked":"Inflame","floor":7},{"not_picked":["Iron Wave","Warcry"],"picked":"Shrug It Off","floor":10},{"not_picked":["Iron Wave","Clash","Clothesline"],"picked":"Singing Bowl","floor":14},{"not_picked":["Brutality","Exhume"],"picked":"Demon Form","floor":16},{"not_picked":["Anger+1","Searing Blow"],"picked":"Thunderclap+1","floor":18},{"not_picked":["Power Through+1","Headbutt"],"picked":"Heavy Blade","floor":19},{"not_picked":["Disarm","Uppercut"],"picked":"Sword Boomerang+1","floor":21},{"not_picked":["Wild Strike","Sword Boomerang"],"picked":"Twin Strike","floor":22},{"not_picked":["Rupture","Metallicize"],"picked":"Intimidate","floor":24},{"not_picked":["Combust+1","Armaments"],"picked":"Pommel Strike+1","floor":25},{"not_picked":["Havoc+1","Wild Strike"],"picked":"Warcry+1","floor":27},{"not_picked":["Anger","Havoc","Thunderclap"],"picked":"Singing Bowl","floor":29},{"not_picked":["Fiend Fire","Feed"],"picked":"Brutality","floor":33},{"not_picked":["Clash","Havoc+1"],"picked":"Flex+1","floor":35},{"not_picked":["Twin Strike","Battle Trance","Iron Wave"],"picked":"Singing Bowl","floor":36},{"not_picked":["Corruption","Carnage+1"],"picked":"Clothesline+1","floor":38},{"not_picked":["Infernal Blade+1","Pommel Strike"],"picked":"Limit Break","floor":47}],"player_experience":760218,"relics_obtained":[{"floor":7,"key":"Gremlin Horn"},{"floor":10,"key":"PreservedInsect"},{"floor":19,"key":"Torii"},{"floor":19,"key":"Bottled Tornado"},{"floor":26,"key":"Mummified Hand"},{"floor":36,"key":"WingedGreaves"},{"floor":43,"key":"Juzu Bracelet"}],"event_choices":[{"damage_healed":0,"gold_gain":0,"cards_transformed":["Strike_R"],"player_choice":"Change","damage_taken":0,"max_hp_gain":0,"max_hp_loss":0,"event_name":"Living Wall","floor":2,"gold_loss":0,"cards_obtained":["Rage"]},{"damage_healed":0,"gold_gain":0,"player_choice":"Success","damage_taken":12,"relics_obtained":["Singing Bowl"],"max_hp_gain":0,"max_hp_loss":0,"event_name":"Scrap Ooze","floor":5,"gold_loss":0},{"damage_healed":0,"gold_gain":0,"player_choice":"Searched \u00272\u0027 times","damage_taken":0,"max_hp_gain":0,"max_hp_loss":0,"event_name":"Dead Adventurer","floor":10,"gold_loss":0},{"cards_removed":["Defend_R"],"damage_healed":0,"gold_gain":0,"player_choice":"Card Removal","damage_taken":0,"max_hp_gain":0,"max_hp_loss":0,"event_name":"The Cleric","floor":12,"gold_loss":50},{"damage_healed":0,"gold_gain":0,"player_choice":"Fight","damage_taken":0,"max_hp_gain":0,"max_hp_loss":0,"event_name":"Colosseum","floor":19,"gold_loss":0},{"damage_healed":0,"gold_gain":0,"player_choice":"Fought Nobs","damage_taken":0,"max_hp_gain":0,"max_hp_loss":0,"event_name":"Colosseum","floor":19,"gold_loss":0},{"damage_healed":0,"gold_gain":0,"player_choice":"Upgraded","damage_taken":0,"max_hp_gain":0,"max_hp_loss":0,"event_name":"Upgrade Shrine","floor":20,"gold_loss":0,"cards_upgraded":["Demon Form"]},{"damage_healed":0,"gold_gain":0,"player_choice":"Became a vampire","damage_taken":0,"max_hp_gain":0,"max_hp_loss":26,"event_name":"Vampires","floor":30,"gold_loss":0,"cards_obtained":["Bite","Bite","Bite","Bite","Bite"]},{"damage_healed":0,"gold_gain":0,"player_choice":"Fight","damage_taken":0,"max_hp_gain":0,"max_hp_loss":0,"event_name":"Mysterious Sphere","floor":36,"gold_loss":0},{"damage_healed":0,"gold_gain":0,"player_choice":"Ignored","damage_taken":0,"max_hp_gain":0,"max_hp_loss":0,"event_name":"SecretPortal","floor":37,"gold_loss":0},{"damage_healed":0,"gold_gain":0,"player_choice":"Copied","damage_taken":0,"max_hp_gain":0,"max_hp_loss":0,"event_name":"Duplicator","floor":39,"gold_loss":0,"cards_obtained":["Heavy Blade"]},{"damage_healed":0,"gold_gain":0,"player_choice":"Paid Gold","damage_taken":0,"relics_obtained":["Dead Branch"],"max_hp_gain":0,"max_hp_loss":0,"event_name":"WeMeetAgain","floor":48,"gold_loss":58}],"is_beta":false,"boss_relics":[{"not_picked":["Lizard Tail","Coffee Dripper"],"picked":"Ectoplasm"},{"not_picked":["Runic Dome","White Beast Statue"],"picked":"Black Blood"}],"items_purged_floors":[41],"is_endless":false,"potions_floor_spawned":[1,7,16,18,24,25,27,29,38],"ascension_level":0}