{"gold_per_floor":[117,129,13,88,66,99,20,20,20,51,61,236,249,263,263,365,365,346,346,366,382,62,62],"floor_reached":23,"playtime":3221,"items_purged":["Strike_G","Strike_G"],"score":276,"play_id":"055ac4f6-4e85-4ad7-b54b-04441a8aef9c","local_time":"20190413124323","is_ascension_mode":true,"campfire_choices":[{"floor":8.0,"key":"REST"},{"floor":15.0,"key":"REST"}],"neow_cost":"NONE","seed_source_timestamp":0,"circlet_count":0,"master_deck":["Defend_G","Defend_G","Defend_G","Defend_G","Defend_G","Strike_G","Strike_G","Strike_G","Survivor","Neutralize","Blade Dance","Dodge and Roll","Accuracy","Blade Dance","Dagger Spray","Blade Dance","Flechettes","Blade Dance","Deadly Poison","Envenom","Cloak And Dagger","Catalyst","Backstab","Infinite Blades","Well Laid Plans","Infinite Blades"],"special_seed":0,"relics":["Ring of the Snake","The Courier","Paper Crane","Snake Skull","Lizard Tail"],"potions_floor_usage":[23],"damage_taken":[{"damage":2.0,"enemies":"2 Louse","floor":1.0,"turns":3.0},{"damage":1.0,"enemies":"Cultist","floor":2.0,"turns":3.0},{"damage":39.0,"enemies":"3 Sentries","floor":6.0,"turns":8.0},{"damage":26.0,"enemies":"Gremlin Nob","floor":10.0,"turns":4.0},{"damage":0.0,"enemies":"Small Slimes","floor":11.0,"turns":2.0},{"damage":15.0,"enemies":"Exordium Thugs","floor":13.0,"turns":3.0},{"damage":0.0,"enemies":"Lots of Slimes","floor":14.0,"turns":1.0},{"damage":25.0,"enemies":"Slime Boss","floor":16.0,"turns":9.0},{"damage":32.0,"enemies":"2 Thieves","floor":18.0,"turns":4.0},{"damage":9.0,"enemies":"3 Byrds","floor":20.0,"turns":5.0},{"damage":36,"enemies":"Snake Plant","floor":21,"turns":6},{"damage":22,"enemies":"Gremlin Leader","floor":23,"turns":4}],"seed_played":"8074601396860646650","potions_obtained":[{"floor":2.0,"key":"Ancient Potion"},{"floor":10.0,"key":"Swift Potion"},{"floor":13.0,"key":"Explosive Potion"},{"floor":21,"key":"Swift Potion"}],"is_trial":false,"path_per_floor":["M","M","$","?","$","E","$","R","T","E","M","?","M","M","R","B",null,"M","?","M","M","$","E"],"character_chosen":"THE_SILENT","items_purchased":["Accuracy","Blade Dance","Dagger Spray","Blade Dance","Backstab","Infinite Blades","Well Laid Plans","Infinite Blades"],"campfire_rested":2,"item_purchase_floors":[3,3,5,7,22,22,22,22],"current_hp_per_floor":[75,74,74,67,67,28,28,51,51,25,25,25,10,10,33,8,60,28,28,19,21,21,0],"gold":62,"neow_bonus":"TEN_PERCENT_HP_BONUS","is_prod":false,"is_daily":false,"chose_seed":false,"campfire_upgraded":0,"win_rate":0,"timestamp":1555152203,"path_taken":["M","M","$","?","?","E","$","R","T","E","?","?","M","M","R","BOSS","M","?","?","M","$","E"],"build_version":"2019-01-23","purchased_purges":2,"victory":false,"max_hp_per_floor":[77,77,77,77,77,77,77,77,77,77,77,77,77,77,77,77,77,77,77,77,77,77,77],"card_choices":[{"not_picked":["PiercingWail","Dagger Spray"],"picked":"Blade Dance","floor":1.0},{"not_picked":["Prepared","Predator"],"picked":"Dodge and Roll","floor":2.0},{"not_picked":["Bane","Deflect","Acrobatics"],"picked":"SKIP","floor":6.0},{"not_picked":["Predator","Bane"],"picked":"Flechettes","floor":10.0},{"not_picked":["Deflect","Tools of the Trade"],"picked":"Blade Dance","floor":11.0},{"not_picked":["Sucker Punch","Endless Agony","Dodge and Roll"],"picked":"SKIP","floor":13.0},{"not_picked":["Dagger Spray","Prepared"],"picked":"Deadly Poison","floor":14.0},{"not_picked":["Grand Finale","Venomology"],"picked":"Envenom","floor":16.0},{"not_picked":["Accuracy","Dagger Spray"],"picked":"Cloak And Dagger","floor":18.0},{"not_picked":["Deflect","Endless Agony","Expertise"],"picked":"SKIP","floor":20.0},{"not_picked":["Setup","Flying Knee"],"picked":"Catalyst","floor":21}],"player_experience":596199,"relics_obtained":[{"floor":6.0,"key":"The Courier"},{"floor":9.0,"key":"Paper Crane"},{"floor":10.0,"key":"Snake Skull"}],"event_choices":[{"damage_healed":0.0,"max_hp_gain":0.0,"max_hp_loss":0.0,"gold_gain":75.0,"event_name":"FaceTrader","player_choice":"Touch","floor":4.0,"gold_loss":0.0,"damage_taken":7.0},{"damage_healed":0.0,"max_hp_gain":0.0,"max_hp_loss":0.0,"gold_gain":175.0,"event_name":"Liars Game","player_choice":"AGREE","floor":12.0,"gold_loss":0.0,"damage_taken":0.0,"cards_obtained":["Doubt"]},{"cards_removed":["Doubt"],"damage_healed":0.0,"max_hp_gain":0.0,"max_hp_loss":0.0,"gold_gain":0.0,"event_name":"Fountain of Cleansing","player_choice":"Removed Curses","floor":19.0,"gold_loss":0.0,"damage_taken":0.0}],"is_beta":false,"boss_relics":[{"not_picked":["Philosopher\u0027s Stone","Busted Crown"],"picked":"Lizard Tail"}],"items_purged_floors":[7,22],"is_endless":false,"potions_floor_spawned":[2,10,13,21],"killed_by":"Gremlin Leader","ascension_level":5}