{"gold_per_floor":[119,136,153,166,183,183,218,218,263,263,288,288,254,254],"floor_reached":14,"playtime":400,"items_purged":[],"score":140,"play_id":"21959143-edb5-47ef-8783-135c7f94b957","local_time":"20190331185600","is_ascension_mode":true,"campfire_choices":[{"floor":6,"key":"REST"},{"floor":8,"key":"REST"},{"data":"Pommel Strike","floor":10,"key":"SMITH"}],"neow_cost":"NONE","seed_source_timestamp":201799830421944,"circlet_count":0,"master_deck":["Strike_R","Strike_R","Strike_R","Strike_R","Defend_R","Defend_R","Defend_R","Defend_R","Bash","Ghostly Armor","Pommel Strike+1","Armaments","Clothesline","Second Wind"],"relics":["Burning Blood","NeowsBlessing","Bird Faced Urn","Ancient Tea Set","Mercury Hourglass"],"potions_floor_usage":[4,11],"damage_taken":[{"damage":0,"enemies":"2 Louse","floor":1,"turns":1},{"damage":0,"enemies":"Small Slimes","floor":2,"turns":2},{"damage":0,"enemies":"Jaw Worm","floor":3,"turns":1},{"damage":16,"enemies":"Lots of Slimes","floor":4,"turns":3},{"damage":47,"enemies":"Exordium Thugs","floor":5,"turns":8},{"damage":38,"enemies":"Gremlin Nob","floor":7,"turns":6},{"damage":36,"enemies":"Lagavulin","floor":11,"turns":6}],"seed_played":"3937811222993522778","potions_obtained":[{"floor":1,"key":"Explosive Potion"},{"floor":3,"key":"Ancient Potion"},{"floor":7,"key":"Weak Potion"},{"floor":11,"key":"BloodPotion"}],"is_trial":false,"path_per_floor":["M","M","M","M","M","R","E","R","T","R","E","?","?","?"],"character_chosen":"IRONCLAD","items_purchased":[],"campfire_rested":2,"item_purchase_floors":[],"current_hp_per_floor":[78,80,80,70,29,53,21,45,45,45,15,15,15,0],"gold":254,"neow_bonus":"THREE_ENEMY_KILL","is_prod":false,"is_daily":false,"chose_seed":false,"campfire_upgraded":1,"win_rate":0,"timestamp":1554076560,"path_taken":["M","M","M","M","M","R","E","R","T","R","E","?","?","?"],"build_version":"2019-01-23","purchased_purges":0,"victory":false,"max_hp_per_floor":[80,80,80,80,80,80,80,80,80,80,80,80,80,80],"card_choices":[{"not_picked":["Sentinel","Dropkick"],"picked":"Ghostly Armor","floor":1},{"not_picked":["Heavy Blade","Cleave"],"picked":"Pommel Strike","floor":2},{"not_picked":["Perfected Strike","Body Slam"],"picked":"Armaments","floor":3},{"not_picked":["Flex","Bloodletting"],"picked":"Clothesline","floor":4},{"not_picked":["Havoc","Headbutt","Anger"],"picked":"SKIP","floor":5},{"not_picked":["Cleave","Reckless Charge","Flex"],"picked":"SKIP","floor":7},{"not_picked":["Berserk","True Grit","Flex"],"picked":"SKIP","floor":11}],"player_experience":370371,"relics_obtained":[{"floor":7,"key":"Bird Faced Urn"},{"floor":9,"key":"Ancient Tea Set"},{"floor":11,"key":"Mercury Hourglass"}],"event_choices":[{"damage_healed":0,"gold_gain":0,"cards_transformed":["Strike_R"],"player_choice":"Change","damage_taken":0,"max_hp_gain":0,"max_hp_loss":0,"event_name":"Living Wall","floor":12,"gold_loss":0,"cards_obtained":["Second Wind"]},{"damage_healed":0,"gold_gain":0,"player_choice":"Left Gold","damage_taken":0,"max_hp_gain":0,"max_hp_loss":0,"event_name":"World of Goop","floor":13,"gold_loss":34}],"is_beta":false,"boss_relics":[],"items_purged_floors":[],"is_endless":false,"potions_floor_spawned":[1,3,7,11],"ascension_level":8}