{"gold_per_floor":[110,126,145,70,245,274,274,274,298,298,298],"floor_reached":11,"playtime":1511,"items_purged":["Strike_R"],"score":99,"play_id":"ddc4f0f7-47ca-4b89-ad05-314ded504d7b","local_time":"20190413141501","is_ascension_mode":true,"campfire_choices":[{"floor":10,"key":"REST"}],"neow_cost":"NONE","seed_source_timestamp":242129832020600,"circlet_count":0,"master_deck":["Strike_R+1","Strike_R","Strike_R","Strike_R","Defend_R","Defend_R","Defend_R+1","Defend_R","Bash","Demon Form","Seeing Red","Sword Boomerang","Infernal Blade","Doubt","Shrug It Off"],"relics":["Burning Blood","Boot","Anchor"],"potions_floor_usage":[6],"damage_taken":[{"damage":9,"enemies":"Jaw Worm","floor":1,"turns":4},{"damage":14,"enemies":"Small Slimes","floor":2,"turns":4},{"damage":1,"enemies":"Cultist","floor":3,"turns":4},{"damage":40,"enemies":"3 Sentries","floor":6,"turns":6},{"damage":45,"enemies":"Exordium Thugs","floor":11,"turns":5}],"seed_played":"-8643190498898349307","potions_obtained":[{"floor":3,"key":"GamblersBrew"}],"is_trial":false,"path_per_floor":["M","M","M","$","?","E","?","?","T","R","M"],"character_chosen":"IRONCLAD","items_purchased":[],"campfire_rested":1,"item_purchase_floors":[],"current_hp_per_floor":[69,61,66,66,66,32,37,20,20,45,0],"gold":298,"neow_bonus":"ONE_RANDOM_RARE_CARD","is_prod":false,"is_daily":false,"chose_seed":false,"campfire_upgraded":0,"win_rate":0,"timestamp":1555157701,"path_taken":["M","M","M","$","?","E","?","?","T","R","M"],"build_version":"2019-01-23","purchased_purges":1,"victory":false,"max_hp_per_floor":[80,80,80,80,80,80,85,85,85,85,85],"card_choices":[{"not_picked":["Armaments","Inflame"],"picked":"Seeing Red","floor":1},{"not_picked":["Sever Soul","Wild Strike"],"picked":"Sword Boomerang","floor":2},{"not_picked":["Clash","Clothesline"],"picked":"Infernal Blade","floor":3},{"not_picked":["Clothesline","Body Slam"],"picked":"Shrug It Off","floor":6}],"player_experience":602826,"relics_obtained":[{"floor":6,"key":"Boot"},{"floor":9,"key":"Anchor"}],"event_choices":[{"damage_healed":0,"gold_gain":175,"player_choice":"AGREE","damage_taken":0,"max_hp_gain":0,"max_hp_loss":0,"event_name":"Liars Game","floor":5,"gold_loss":0,"cards_obtained":["Doubt"]},{"damage_healed":0,"gold_gain":0,"player_choice":"Donut","damage_taken":0,"max_hp_gain":5,"max_hp_loss":0,"event_name":"Big Fish","floor":7,"gold_loss":0},{"damage_healed":0,"gold_gain":0,"player_choice":"Entered Light","damage_taken":17,"max_hp_gain":0,"max_hp_loss":0,"event_name":"Shining Light","floor":8,"gold_loss":0,"cards_upgraded":["Defend_R","Strike_R"]}],"is_beta":false,"boss_relics":[],"items_purged_floors":[4],"is_endless":false,"potions_floor_spawned":[3],"killed_by":"Exordium Thugs","ascension_level":8}