{"gold_per_floor":[117,135,60,74,85,85,99,99,126,126,139,152,167,117,117,218,218,230,250,35,48,61,96,110,110,185,185,185,185,196,210,210,305,305,321,321,369,381,393,408,408,408,408,408,36,49,49,78,78,78],"floor_reached":51,"playtime":2389,"items_purged":["Strike_R","Bite"],"score":720,"play_id":"dfda588a-eb56-41b1-b623-58348f216586","local_time":"20190228234729","is_ascension_mode":false,"campfire_choices":[{"data":"Demon Form","floor":6,"key":"SMITH"},{"data":"Carnage","floor":8,"key":"SMITH"},{"data":"Bash","floor":10,"key":"SMITH"},{"data":"Flex","floor":15,"key":"SMITH"},{"floor":25,"key":"REST"},{"floor":32,"key":"REST"},{"floor":44,"key":"REST"},{"floor":47,"key":"REST"},{"floor":49,"key":"REST"}],"neow_cost":"NONE","seed_source_timestamp":463041498821246,"circlet_count":0,"master_deck":["Defend_R","Defend_R","Defend_R","Defend_R","Bash+1","Panacea","Carnage+1","Metallicize","Shrug It Off","Demon Form+1","Pummel","Cleave","Flex+1","Pommel Strike","Immolate","Sword Boomerang+1","Apotheosis","Sword Boomerang+1","Reaper","Brutality","Whirlwind","J.A.X.","Bite","Bite","Bite","Bite","Burning Pact+1","Limit Break","Shrug It Off+1","Flex+1","Pommel Strike+1","Sword Boomerang+1"],"relics":["Burning Blood","Red Skull","Fusion Hammer","Bag of Marbles","Sundial","Busted Crown","Ice Cream","Strawberry","Lantern","Ancient Tea Set"],"potions_floor_usage":[16,18,23,23,31,37,40,46],"damage_taken":[{"damage":1,"enemies":"Cultist","floor":1,"turns":3},{"damage":6,"enemies":"Jaw Worm","floor":2,"turns":3},{"damage":0,"enemies":"Small Slimes","floor":4,"turns":2},{"damage":6,"enemies":"3 Louse","floor":5,"turns":4},{"damage":5,"enemies":"Blue Slaver","floor":7,"turns":5},{"damage":12,"enemies":"Large Slime","floor":11,"turns":7},{"damage":5,"enemies":"3 Louse","floor":12,"turns":2},{"damage":12,"enemies":"Exordium Wildlife","floor":13,"turns":5},{"damage":21,"enemies":"Slime Boss","floor":16,"turns":7},{"damage":15,"enemies":"2 Thieves","floor":18,"turns":4},{"damage":0,"enemies":"Spheric Guardian","floor":19,"turns":1},{"damage":6,"enemies":"3 Cultists","floor":21,"turns":4},{"damage":18,"enemies":"Snake Plant","floor":22,"turns":5},{"damage":8,"enemies":"Gremlin Leader","floor":23,"turns":4},{"damage":16,"enemies":"Centurion and Healer","floor":24,"turns":5},{"damage":25,"enemies":"Snecko","floor":30,"turns":4},{"damage":7,"enemies":"Chosen and Byrds","floor":31,"turns":3},{"damage":80,"enemies":"Collector","floor":33,"turns":7},{"damage":24,"enemies":"Orb Walker","floor":35,"turns":4},{"damage":50,"enemies":"2 Orb Walkers","floor":37,"turns":4},{"damage":23,"enemies":"3 Darklings","floor":38,"turns":3},{"damage":5,"enemies":"Transient","floor":39,"turns":5},{"damage":45,"enemies":"Spire Growth","floor":40,"turns":4},{"damage":12,"enemies":"Sphere and 2 Shapes","floor":46,"turns":4},{"damage":27,"enemies":"Nemesis","floor":48,"turns":5},{"damage":55,"enemies":"Donu and Deca","floor":50,"turns":5}],"seed_played":"-6178316610464622582","potions_obtained":[{"floor":2,"key":"FearPotion"},{"floor":11,"key":"Dexterity Potion"},{"floor":12,"key":"EssenceOfSteel"},{"floor":16,"key":"AttackPotion"},{"floor":19,"key":"EssenceOfSteel"},{"floor":21,"key":"Fire Potion"},{"floor":24,"key":"Block Potion"},{"floor":39,"key":"Weak Potion"},{"floor":46,"key":"Energy Potion"}],"is_trial":false,"path_per_floor":["M","M","$","M","M","R","M","R","T","R","M","M","M","?","R","B",null,"M","M","$","M","M","E","M","R","T","?","?","?","M","M","R","B",null,"M","?","?","M","M","M","?","?","T","R","$","M","R","E","R","B",null],"character_chosen":"IRONCLAD","items_purchased":["Apotheosis","Strength Potion","Lantern","Block Potion","BloodPotion"],"campfire_rested":5,"item_purchase_floors":[20,20,45,45,45],"current_hp_per_floor":[80,80,80,80,80,80,80,80,80,80,74,75,69,69,69,54,80,71,77,77,77,65,80,70,80,80,80,80,56,37,40,56,16,56,46,46,33,24,55,23,23,23,30,48,48,48,63,44,62,44],"gold":78,"neow_bonus":"RANDOM_COLORLESS","is_prod":false,"is_daily":false,"chose_seed":false,"campfire_upgraded":4,"win_rate":0,"timestamp":1551368849,"path_taken":["M","M","$","M","M","R","M","R","T","R","M","?","M","?","R","BOSS","M","M","$","M","M","E","M","R","T","?","?","?","M","?","R","BOSS","M","?","?","M","M","M","?","?","T","R","$","M","R","E","R","BOSS"],"build_version":"2019-01-23","purchased_purges":2,"victory":true,"max_hp_per_floor":[80,80,80,80,80,80,80,80,80,80,80,80,80,80,80,80,80,80,80,80,80,80,80,80,80,80,80,80,56,56,56,56,56,56,56,56,56,56,56,56,56,56,63,63,63,63,63,63,63,63],"card_choices":[{"not_picked":["Iron Wave","Thunderclap"],"picked":"Carnage","floor":1},{"not_picked":["Wild Strike","Infernal Blade"],"picked":"Metallicize","floor":2},{"not_picked":["Blood for Blood","Iron Wave"],"picked":"Shrug It Off","floor":4},{"not_picked":["Armaments","Clothesline"],"picked":"Demon Form","floor":5},{"not_picked":["Headbutt","Warcry"],"picked":"Pummel","floor":7},{"not_picked":["Twin Strike","Havoc"],"picked":"Cleave","floor":11},{"not_picked":["Anger","Clothesline"],"picked":"Flex","floor":12},{"not_picked":["Perfected Strike","Warcry"],"picked":"Pommel Strike","floor":13},{"not_picked":["Barricade","Dark Embrace"],"picked":"Immolate","floor":16},{"not_picked":["Clothesline+1","Ghostly Armor"],"picked":"Sword Boomerang","floor":18},{"not_picked":["Dual Wield","Dropkick"],"picked":"Sword Boomerang+1","floor":19},{"not_picked":["Wild Strike","Havoc+1"],"picked":"Sword Boomerang+1","floor":21},{"not_picked":["Warcry","Clash"],"picked":"Reaper","floor":22},{"not_picked":["Power Through","Inflame"],"picked":"Brutality","floor":23},{"not_picked":["True Grit","Havoc","Corruption"],"picked":"SKIP","floor":24},{"not_picked":["Clash","Corruption"],"picked":"Burning Pact+1","floor":30},{"not_picked":["Flame Barrier","Ghostly Armor","Clash"],"picked":"SKIP","floor":31},{"not_picked":["Fiend Fire","Feed"],"picked":"Limit Break","floor":33},{"not_picked":["True Grit"],"picked":"SKIP","floor":35},{"not_picked":[],"picked":"Shrug It Off+1","floor":37},{"not_picked":[],"picked":"Flex+1","floor":38},{"not_picked":["Havoc+1"],"picked":"SKIP","floor":39},{"not_picked":[],"picked":"Pommel Strike+1","floor":40},{"not_picked":["Carnage"],"picked":"SKIP","floor":46},{"not_picked":[],"picked":"Sword Boomerang+1","floor":48}],"player_experience":721656,"relics_obtained":[{"floor":9,"key":"Red Skull"},{"floor":23,"key":"Bag of Marbles"},{"floor":26,"key":"Sundial"},{"floor":37,"key":"Ice Cream"},{"floor":43,"key":"Strawberry"},{"floor":48,"key":"Ancient Tea Set"}],"event_choices":[{"cards_removed":["Strike_R"],"damage_healed":0,"gold_gain":0,"player_choice":"Card Removal","damage_taken":0,"max_hp_gain":0,"max_hp_loss":0,"event_name":"The Cleric","floor":14,"gold_loss":50},{"damage_healed":0,"gold_gain":0,"player_choice":"Read","damage_taken":0,"max_hp_gain":0,"max_hp_loss":0,"event_name":"The Library","floor":27,"gold_loss":0,"cards_obtained":["Whirlwind"]},{"damage_healed":0,"gold_gain":0,"player_choice":"Obtain J.A.X.","damage_taken":0,"max_hp_gain":0,"max_hp_loss":0,"event_name":"Drug Dealer","floor":28,"gold_loss":0,"cards_obtained":["J.A.X."]},{"damage_healed":0,"gold_gain":0,"player_choice":"Became a vampire","damage_taken":0,"max_hp_gain":0,"max_hp_loss":24,"event_name":"Vampires","floor":29,"gold_loss":0,"cards_obtained":["Bite","Bite","Bite","Bite","Bite"]},{"damage_healed":0,"gold_gain":0,"player_choice":"Ignored","damage_taken":0,"max_hp_gain":0,"max_hp_loss":0,"event_name":"Tomb of Lord Red Mask","floor":36,"gold_loss":0},{"damage_healed":0,"gold_gain":0,"player_choice":"Fight","damage_taken":0,"max_hp_gain":0,"max_hp_loss":0,"event_name":"Mysterious Sphere","floor":37,"gold_loss":0},{"damage_healed":0,"gold_gain":0,"player_choice":"Ignored","damage_taken":0,"max_hp_gain":0,"max_hp_loss":0,"event_name":"The Moai Head","floor":41,"gold_loss":0},{"cards_removed":["Sword Boomerang"],"damage_healed":0,"gold_gain":0,"player_choice":"Removed Attack","damage_taken":0,"max_hp_gain":0,"max_hp_loss":0,"event_name":"Falling","floor":42,"gold_loss":0}],"is_beta":false,"boss_relics":[{"not_picked":["White Beast Statue","Runic Cube"],"picked":"Fusion Hammer"},{"not_picked":["Coffee Dripper","Eternal Feather"],"picked":"Busted Crown"}],"items_purged_floors":[3,45],"is_endless":false,"potions_floor_spawned":[2,11,12,16,19,21,24,39,46],"ascension_level":0}