{"gold_per_floor":[109,121,135,113,113,147,147,165,165,165,181,181,58,77,77,154,154,166,178,78,78,30,30,50,50,50,0,0,11,30,40,40,40],"floor_reached":33,"playtime":1807,"items_purged":["Power Through","Strike_R"],"score":427,"play_id":"b6528714-78c4-455c-9bff-58536568008b","local_time":"20190418222200","is_ascension_mode":true,"campfire_choices":[{"data":"Sever Soul","floor":7,"key":"SMITH"},{"data":"Clash","floor":10,"key":"SMITH"},{"data":"Bash","floor":12,"key":"SMITH"},{"data":"Pommel Strike","floor":15,"key":"SMITH"},{"data":"Shrug It Off","floor":23,"key":"SMITH"},{"data":"Shrug It Off","floor":32,"key":"SMITH"}],"neow_cost":"NONE","seed_source_timestamp":677680113629344,"circlet_count":0,"master_deck":["AscendersBane","Strike_R","Strike_R","Strike_R","Defend_R","Defend_R","Defend_R","Bash+1","Sever Soul+1","Rampage","Clash+1","Spot Weakness","Shrug It Off+1","Pommel Strike+1","Limit Break","Shrug It Off+1","Clash+1","Clash"],"relics":["Coffee Dripper","PreservedInsect","Paper Frog","Empty Cage","Pear"],"potions_floor_usage":[6,8,16,21,24,29,29],"damage_taken":[{"damage":7,"enemies":"Jaw Worm","floor":1,"turns":3},{"damage":0,"enemies":"Cultist","floor":2,"turns":3},{"damage":3,"enemies":"2 Louse","floor":3,"turns":2},{"damage":19,"enemies":"Lagavulin","floor":6,"turns":6},{"damage":9,"enemies":"Exordium Wildlife","floor":8,"turns":3},{"damage":0,"enemies":"3 Louse","floor":11,"turns":2},{"damage":0,"enemies":"Red Slaver","floor":14,"turns":2},{"damage":12,"enemies":"The Guardian","floor":16,"turns":7},{"damage":9,"enemies":"Shell Parasite","floor":18,"turns":3},{"damage":7,"enemies":"Chosen","floor":19,"turns":2},{"damage":0,"enemies":"Centurion and Healer","floor":21,"turns":1},{"damage":23,"enemies":"Chosen and Byrds","floor":24,"turns":6},{"damage":0,"enemies":"3 Cultists","floor":29,"turns":4},{"damage":15,"enemies":"Cultist and Chosen","floor":30,"turns":5},{"damage":14,"enemies":"Centurion and Healer","floor":31,"turns":4},{"damage":18,"enemies":"Champ","floor":33,"turns":1}],"seed_played":"2816174542044691448","potions_obtained":[{"floor":1,"key":"PowerPotion"},{"floor":3,"key":"SkillPotion"},{"floor":8,"key":"Energy Potion"},{"floor":14,"key":"EntropicBrew"},{"floor":16,"key":"SmokeBomb"},{"floor":30,"key":"SpeedPotion"},{"floor":31,"key":"Ancient Potion"}],"is_trial":false,"path_per_floor":["M","M","M","?","?","E","R","M","T","R","M","R","$","M","R","B",null,"M","M","$","M","$","R","M","?","T","?","?","M","M","M","R","B"],"character_chosen":"IRONCLAD","items_purchased":["Shrug It Off","Shrug It Off"],"campfire_rested":0,"item_purchase_floors":[13,22],"current_hp_per_floor":[61,61,58,58,58,39,39,30,30,30,30,30,30,30,30,18,61,52,45,45,45,45,45,22,22,32,32,32,32,17,3,3,0],"gold":40,"neow_bonus":"BOSS_RELIC","is_prod":false,"is_daily":false,"chose_seed":false,"campfire_upgraded":6,"win_rate":0,"timestamp":1555644120,"path_taken":["M","M","M","?","?","E","R","M","T","R","M","R","?","M","R","BOSS","M","M","$","M","$","R","M","?","T","?","?","M","M","M","R","BOSS"],"build_version":"2019-01-23","purchased_purges":2,"victory":false,"max_hp_per_floor":[75,75,75,75,75,75,75,75,75,75,75,75,75,75,75,75,75,75,75,75,75,75,75,75,75,85,85,85,85,85,85,85,85],"card_choices":[{"not_picked":["Twin Strike","Dual Wield"],"picked":"Sever Soul","floor":1},{"not_picked":["Flex","Anger","Sword Boomerang"],"picked":"SKIP","floor":2},{"not_picked":["Rampage","Twin Strike"],"picked":"Power Through","floor":3},{"not_picked":["Anger","Body Slam"],"picked":"Rampage","floor":6},{"not_picked":["Anger","Headbutt"],"picked":"Clash","floor":8},{"not_picked":["Barricade","Body Slam"],"picked":"Spot Weakness","floor":11},{"not_picked":["Uppercut","Dual Wield"],"picked":"Pommel Strike","floor":14},{"not_picked":["Immolate","Bludgeon"],"picked":"Limit Break","floor":16},{"not_picked":["Perfected Strike","Thunderclap","Reckless Charge"],"picked":"SKIP","floor":18},{"not_picked":["Combust","Uppercut","Reckless Charge+1"],"picked":"SKIP","floor":19},{"not_picked":["Battle Trance","Blood for Blood"],"picked":"Clash+1","floor":24},{"not_picked":["Thunderclap","True Grit","Body Slam"],"picked":"SKIP","floor":29},{"not_picked":["Thunderclap","True Grit","Body Slam"],"picked":"SKIP","floor":29},{"not_picked":["Intimidate","Wild Strike+1"],"picked":"Clash","floor":30},{"not_picked":["Exhume","Wild Strike","Perfected Strike+1"],"picked":"SKIP","floor":31}],"player_experience":481416,"relics_obtained":[{"floor":6,"key":"PreservedInsect"},{"floor":9,"key":"Paper Frog"},{"floor":26,"key":"Pear"}],"event_choices":[{"damage_healed":0,"gold_gain":0,"player_choice":"Left Gold","damage_taken":0,"max_hp_gain":0,"max_hp_loss":0,"event_name":"World of Goop","floor":4,"gold_loss":22},{"damage_healed":0,"gold_gain":0,"player_choice":"Ignored","damage_taken":0,"max_hp_gain":0,"max_hp_loss":0,"event_name":"Shining Light","floor":5,"gold_loss":0},{"damage_healed":0,"gold_gain":0,"player_choice":"Ignored","damage_taken":0,"max_hp_gain":0,"max_hp_loss":0,"event_name":"Cursed Tome","floor":25,"gold_loss":0},{"damage_healed":0,"gold_gain":0,"player_choice":"Paid Fearfully","damage_taken":0,"max_hp_gain":0,"max_hp_loss":0,"event_name":"Masked Bandits","floor":27,"gold_loss":50},{"damage_healed":0,"gold_gain":0,"player_choice":"Ignored","damage_taken":0,"max_hp_gain":0,"max_hp_loss":0,"event_name":"Ghosts","floor":28,"gold_loss":0}],"is_beta":false,"boss_relics":[{"not_picked":["Fusion Hammer","Tiny House"],"picked":"Empty Cage"}],"items_purged_floors":[13,20],"is_endless":false,"potions_floor_spawned":[1,3,8,14,16,21,30,31],"killed_by":"Champ","ascension_level":14}