{"gold_per_floor":[116,136,16,16,35,35,62,62,89,128,24,56,73,90,90,189,189,209,63,81,81,93,120,120,137,160,160,180,180,207,227,227,330,330,340,358,43,62,62,62,94,94,166,66,66,166,166,88,88,88],"floor_reached":51,"playtime":3010,"items_purged":["Strike_G","Normality"],"score":1172,"play_id":"c6f91e10-75c4-4881-8b28-79939674d735","local_time":"20190127150653","is_ascension_mode":true,"campfire_choices":[{"data":"Neutralize","floor":6,"key":"SMITH"},{"floor":8,"key":"REST"},{"floor":15,"key":"REST"},{"floor":24,"key":"REST"},{"data":"Noxious Fumes","floor":27,"key":"SMITH"},{"floor":29,"key":"REST"},{"floor":32,"key":"REST"},{"floor":40,"key":"REST"},{"floor":49,"key":"REST"}],"neow_cost":"NONE","seed_source_timestamp":254380420724100,"circlet_count":0,"master_deck":["AscendersBane","Defend_G","Defend_G","Defend_G","Defend_G","Defend_G","Strike_G","Strike_G","Strike_G","Strike_G","Survivor","Neutralize+1","Burst","Quick Slash","Catalyst","Dagger Spray","Predator","Predator","Deadly Poison","Blur","Catalyst","Bane","PiercingWail","PiercingWail","After Image","Bane+1","Crippling Poison","Dash+1","PiercingWail","Noxious Fumes+1","Outmaneuver+1","Dodge and Roll+1","PiercingWail","Madness","Deadly Poison+1"],"relics":["Ring of the Snake","Vajra","MawBank","Centennial Puzzle","Mummified Hand","Runic Pyramid","Boot","Snake Skull","Peace Pipe","Cursed Key","Bottled Tornado","Nunchaku","Sundial","Unceasing Top"],"potions_floor_usage":[7,7,11,18,18,23,23,30,33,50,50],"damage_taken":[{"damage":6,"enemies":"Jaw Worm","floor":1,"turns":6},{"damage":3,"enemies":"Cultist","floor":2,"turns":5},{"damage":0,"enemies":"Small Slimes","floor":5,"turns":3},{"damage":30,"enemies":"Lagavulin","floor":7,"turns":8},{"damage":29,"enemies":"Gremlin Nob","floor":10,"turns":5},{"damage":15,"enemies":"Lagavulin","floor":12,"turns":5},{"damage":0,"enemies":"2 Fungi Beasts","floor":13,"turns":2},{"damage":0,"enemies":"3 Louse","floor":14,"turns":2},{"damage":10,"enemies":"Hexaghost","floor":16,"turns":9},{"damage":18,"enemies":"3 Byrds","floor":18,"turns":7},{"damage":8,"enemies":"Shell Parasite","floor":20,"turns":6},{"damage":1,"enemies":"Snake Plant","floor":22,"turns":4},{"damage":19,"enemies":"Slavers","floor":23,"turns":7},{"damage":3,"enemies":"3 Cultists","floor":25,"turns":6},{"damage":1,"enemies":"Cultist and Chosen","floor":28,"turns":5},{"damage":3,"enemies":"Gremlin Leader","floor":30,"turns":6},{"damage":34,"enemies":"Snecko","floor":31,"turns":7},{"damage":47,"enemies":"Champ","floor":33,"turns":13},{"damage":13,"enemies":"3 Darklings","floor":35,"turns":4},{"damage":12,"enemies":"3 Shapes","floor":36,"turns":4},{"damage":9,"enemies":"Writhing Mass","floor":38,"turns":5},{"damage":11,"enemies":"Nemesis","floor":41,"turns":5},{"damage":0,"enemies":"Mind Bloom Boss Battle","floor":46,"turns":6},{"damage":4,"enemies":"Donu and Deca","floor":50,"turns":9}],"seed_played":"7574041894309601072","potions_obtained":[{"floor":2,"key":"Ancient Potion"},{"floor":5,"key":"Energy Potion"},{"floor":10,"key":"Fruit Juice"},{"floor":13,"key":"SkillPotion"},{"floor":16,"key":"Fruit Juice"},{"floor":18,"key":"Block Potion"},{"floor":21,"key":"Dexterity Potion"},{"floor":23,"key":"Weak Potion"},{"floor":31,"key":"AttackPotion"},{"floor":33,"key":"Ancient Potion"},{"floor":35,"key":"Weak Potion"},{"floor":41,"key":"SpeedPotion"}],"is_trial":false,"path_per_floor":["M","M","$","?","M","R","E","R","T","E","$","E","M","M","R","B",null,"M","$","M","?","M","E","R","M","T","R","M","R","E","M","R","B",null,"M","M","$","M","?","R","E","?","T","$","?","?","?","$","R","B",null],"character_chosen":"THE_SILENT","items_purchased":["Dagger Spray","Well Laid Plans","Blur","Catalyst","Crippling Poison","GhostInAJar","Bottled Tornado","GhostInAJar"],"campfire_rested":7,"item_purchase_floors":[3,3,11,11,19,37,37,48],"current_hp_per_floor":[57,54,54,54,54,54,24,45,45,16,21,6,6,6,28,18,61,48,48,40,40,39,20,44,41,41,41,40,64,61,27,51,4,61,48,36,36,27,27,51,40,40,40,40,40,40,40,40,62,58],"gold":88,"neow_bonus":"ONE_RANDOM_RARE_CARD","is_prod":false,"is_daily":false,"chose_seed":false,"campfire_upgraded":2,"win_rate":0,"timestamp":1548598013,"path_taken":["M","M","$","?","M","R","E","R","T","E","$","E","M","M","R","BOSS","M","$","M","?","M","E","R","M","T","R","M","R","E","?","R","BOSS","M","?","$","M","?","R","E","?","T","$","?","?","?","$","R","BOSS"],"build_version":"2019-01-23","purchased_purges":2,"victory":true,"max_hp_per_floor":[70,70,70,70,70,70,70,70,70,70,75,75,75,75,75,75,75,80,80,80,80,80,80,80,80,80,80,80,80,80,80,80,80,80,80,80,80,80,80,80,80,80,80,80,76,76,76,76,76,76],"card_choices":[{"not_picked":["Flying Knee","Backflip"],"picked":"Quick Slash","floor":1},{"not_picked":["Outmaneuver","Expertise"],"picked":"Catalyst","floor":2},{"not_picked":["Storm of Steel","Bane"],"picked":"Predator","floor":5},{"not_picked":["Poisoned Stab","Concentrate"],"picked":"Predator","floor":7},{"not_picked":["Flechettes","Underhanded Strike"],"picked":"Deadly Poison","floor":10},{"not_picked":["Heel Hook","Masterful Stab"],"picked":"Bane","floor":12},{"not_picked":["Flechettes","Storm of Steel"],"picked":"PiercingWail","floor":13},{"not_picked":["Sucker Punch","Quick Slash"],"picked":"PiercingWail","floor":14},{"not_picked":["Wraith Form v2","Venomology"],"picked":"After Image","floor":16},{"not_picked":["Backstab","Acrobatics"],"picked":"Bane+1","floor":18},{"not_picked":["PiercingWail","Catalyst"],"picked":"Dash+1","floor":20},{"not_picked":["Poisoned Stab+1","Grand Finale"],"picked":"PiercingWail","floor":22},{"not_picked":["Dagger Spray+1","Night Terror","Poisoned Stab"],"picked":"SKIP","floor":23},{"not_picked":["Acrobatics","Endless Agony"],"picked":"Noxious Fumes","floor":25},{"not_picked":["Endless Agony","Prepared"],"picked":"Outmaneuver+1","floor":28},{"not_picked":["Expertise","Flying Knee+1","Quick Slash"],"picked":"SKIP","floor":30},{"not_picked":["Quick Slash+1","After Image","Dodge and Roll"],"picked":"SKIP","floor":31},{"not_picked":["Heel Hook","Sucker Punch+1"],"picked":"Dodge and Roll+1","floor":35},{"not_picked":["Flying Knee","Bane"],"picked":"PiercingWail","floor":36},{"not_picked":["Choke","Blade Dance","Sucker Punch+1"],"picked":"SKIP","floor":38},{"not_picked":["Thinking Ahead","Mayhem"],"picked":"Madness","floor":39},{"not_picked":["Terror","Sucker Punch+1","Expertise"],"picked":"SKIP","floor":41},{"not_picked":["Underhanded Strike","Outmaneuver"],"picked":"Deadly Poison+1","floor":46}],"player_experience":397615,"relics_obtained":[{"floor":7,"key":"Vajra"},{"floor":9,"key":"MawBank"},{"floor":10,"key":"Centennial Puzzle"},{"floor":12,"key":"Mummified Hand"},{"floor":23,"key":"Boot"},{"floor":26,"key":"Snake Skull"},{"floor":30,"key":"Peace Pipe"},{"floor":41,"key":"Nunchaku"},{"floor":43,"key":"Sundial"},{"floor":46,"key":"Unceasing Top"}],"event_choices":[{"damage_healed":0,"gold_gain":0,"player_choice":"Ignored","damage_taken":0,"max_hp_gain":0,"max_hp_loss":0,"event_name":"Liars Game","floor":4,"gold_loss":0},{"damage_healed":0,"gold_gain":0,"player_choice":"Got Potions","damage_taken":0,"max_hp_gain":0,"max_hp_loss":0,"event_name":"Lab","floor":21,"gold_loss":0},{"damage_healed":0,"gold_gain":0,"player_choice":"Memory 1","damage_taken":0,"max_hp_gain":0,"max_hp_loss":0,"event_name":"SensoryStone","floor":39,"gold_loss":0},{"cards_removed":["Well Laid Plans"],"damage_healed":0,"gold_gain":0,"player_choice":"Removed Power","damage_taken":0,"max_hp_gain":0,"max_hp_loss":0,"event_name":"Falling","floor":42,"gold_loss":0},{"damage_healed":0,"gold_gain":0,"player_choice":"Max HP","damage_taken":0,"max_hp_gain":0,"max_hp_loss":4,"event_name":"Winding Halls","floor":45,"gold_loss":0},{"damage_healed":0,"gold_gain":0,"player_choice":"Fight","damage_taken":0,"max_hp_gain":0,"max_hp_loss":0,"event_name":"MindBloom","floor":46,"gold_loss":0},{"damage_healed":0,"gold_gain":0,"player_choice":"Ignored","damage_taken":0,"max_hp_gain":0,"max_hp_loss":0,"event_name":"Tomb of Lord Red Mask","floor":47,"gold_loss":0}],"is_beta":false,"boss_relics":[{"not_picked":["Velvet Choker","HoveringKite"],"picked":"Runic Pyramid"},{"not_picked":["Tiny House","WristBlade"],"picked":"Cursed Key"}],"items_purged_floors":[19,44],"is_endless":false,"potions_floor_spawned":[2,5,10,13,16,18,23,31,33,35,41],"ascension_level":11}