{"gold_per_floor":[113,113,113,137,149,149,176,186,231,246,18,18,35,35,35,133,133,146,161,181,194,40,40,40,66,93,93],"floor_reached":27,"playtime":1298,"items_purged":["Strike_B"],"score":245,"play_id":"36c0b051-71f9-4927-bba2-dda80f9ce9bb","local_time":"20181016095323","is_ascension_mode":true,"campfire_choices":[{"data":"Zap","floor":6,"key":"SMITH"},{"floor":12,"key":"REST"},{"data":"Defragment","floor":15,"key":"SMITH"},{"floor":23,"key":"REST"}],"neow_cost":"NONE","seed_source_timestamp":437019131413100,"circlet_count":0,"master_deck":["Strike_B","Strike_B","Defend_B","Defend_B","Defend_B","Zap+1","Dualcast","Capacitor","Barrage","Leap","Sweeping Beam","Defragment+1","Auto Shields","Seek","Conserve Battery","Reinforced Body","Conserve Battery","FTL","Self Repair","Shame","Steam","Normality"],"relics":["Cracked Core","Strawberry","Bag of Marbles","Regal Pillow","Anchor","Cursed Key","Unceasing Top","Red Mask","PreservedInsect"],"potions_floor_usage":[7,20,25,25,27],"damage_taken":[{"damage":6,"enemies":"2 Louse","floor":1,"turns":3},{"damage":0,"enemies":"Small Slimes","floor":5,"turns":3},{"damage":35,"enemies":"Gremlin Nob","floor":7,"turns":4},{"damage":0,"enemies":"Jaw Worm","floor":8,"turns":3},{"damage":1,"enemies":"Looter","floor":10,"turns":3},{"damage":8,"enemies":"Large Slime","floor":13,"turns":5},{"damage":19,"enemies":"The Guardian","floor":16,"turns":12},{"damage":17,"enemies":"2 Thieves","floor":18,"turns":4},{"damage":6,"enemies":"Shell Parasite","floor":19,"turns":6},{"damage":32,"enemies":"Snecko","floor":20,"turns":6},{"damage":13,"enemies":"Centurion and Healer","floor":21,"turns":12},{"damage":34,"enemies":"Masked Bandits","floor":25,"turns":6},{"damage":41,"enemies":"Cultist and Chosen","floor":27,"turns":6}],"seed_played":"638155476406681762","potions_obtained":[{"floor":1,"key":"Energy Potion"},{"floor":5,"key":"Fruit Juice"},{"floor":8,"key":"GamblersBrew"},{"floor":16,"key":"Block Potion"},{"floor":21,"key":"Weak Potion"}],"is_trial":false,"path_per_floor":["M","?","?","T","M","R","E","M","T","M","$","R","M","$","R","B",null,"M","M","M","M","$","R","?","?","T"],"character_chosen":"DEFECT","items_purchased":["Defragment","Anchor","Self Repair"],"campfire_rested":2,"item_purchase_floors":[11,11,22],"current_hp_per_floor":[69,62,62,69,69,69,39,39,39,38,38,79,71,71,71,52,87,70,64,32,19,19,60,60,33,33,0],"gold":93,"neow_bonus":"REMOVE_CARD","is_prod":false,"is_daily":false,"chose_seed":false,"campfire_upgraded":2,"win_rate":0,"timestamp":1539676403,"path_taken":["M","?","?","?","?","R","E","?","T","M","$","R","M","$","R","BOSS","M","M","M","M","$","R","?","?","T","M"],"build_version":"2018-10-11","purchased_purges":1,"victory":false,"max_hp_per_floor":[75,75,75,82,82,82,87,87,87,87,87,87,87,87,87,87,87,87,87,87,87,87,87,87,87,87,87],"card_choices":[{"not_picked":["Heatsinks","Beam Cell"],"picked":"Capacitor","floor":1},{"not_picked":["Stack","Rebound"],"picked":"Barrage","floor":5},{"not_picked":["Force Field","Skim"],"picked":"Leap","floor":7},{"not_picked":["Sunder","Cold Snap"],"picked":"Sweeping Beam","floor":8},{"not_picked":["Fusion","Sweeping Beam","Hologram"],"picked":"SKIP","floor":10},{"not_picked":["Static Discharge","Biased Cognition"],"picked":"Auto Shields","floor":13},{"not_picked":["All For One","Buffer"],"picked":"Seek","floor":16},{"not_picked":["Compile Driver","Steam Power"],"picked":"Conserve Battery","floor":18},{"not_picked":["Redo","Sweeping Beam"],"picked":"Reinforced Body","floor":19},{"not_picked":["Lockon","Static Discharge"],"picked":"Conserve Battery","floor":20},{"not_picked":["Gash","Fission"],"picked":"FTL","floor":21},{"not_picked":["Stack+1","Go for the Eyes"],"picked":"Steam","floor":25}],"player_experience":150339,"relics_obtained":[{"floor":4,"key":"Strawberry"},{"floor":7,"key":"Bag of Marbles"},{"floor":9,"key":"Regal Pillow"},{"floor":25,"key":"Red Mask"},{"floor":26,"key":"PreservedInsect"}],"event_choices":[{"event_name":"Golden Wing","player_choice":"Card Removal","floor":2,"damage_taken":0},{"event_name":"Liars Game","player_choice":"disagreed","floor":3,"damage_taken":0},{"event_name":"Addict","player_choice":"Stole Relic","floor":24,"damage_taken":0},{"event_name":"Masked Bandits","player_choice":"Fought Bandits","floor":25,"damage_taken":0}],"is_beta":false,"boss_relics":[{"not_picked":["Eternal Feather","Coffee Dripper"],"picked":"Cursed Key"}],"items_purged_floors":[22],"is_endless":false,"potions_floor_spawned":[1,5,8,16,21],"killed_by":"Cultist and Chosen","ascension_level":3}