{"gold_per_floor":[119,134,154,79,35,35,46,71,71,71,119,146,146,162,162,259,259,273,4,23,23,43,43,56,56,56,56,56,56,83,83],"floor_reached":31,"playtime":1667,"items_purged":["Normality"],"score":393,"play_id":"a79629ea-1377-4ac3-88ea-9544e5b23632","local_time":"20190331184846","is_ascension_mode":true,"campfire_choices":[{"floor":6.0,"key":"REST"},{"floor":10.0,"key":"REST"},{"floor":15.0,"key":"REST"},{"floor":23,"key":"REST"},{"floor":25,"key":"REST"},{"floor":28,"key":"REST"}],"neow_cost":"NONE","seed_source_timestamp":200057940546186,"circlet_count":0,"master_deck":["Strike_R+1","Strike_R","Strike_R+1","Strike_R","Strike_R","Defend_R","Defend_R","Defend_R","Defend_R","Bash","Injury","Whirlwind","Spot Weakness","Metallicize","Heavy Blade","Fiend Fire","Havoc","Dark Embrace","Shockwave+1","Feel No Pain+1","Havoc+1","Ghostly Armor"],"special_seed":0,"relics":["Calling Bell","Art of War","Mercury Hourglass","Nunchaku","The Courier","Mango","Whetstone","Dead Branch","Mark of Pain","Frozen Egg 2","Bottled Flame","MutagenicStrength","Pantograph"],"potions_floor_usage":[22,24],"damage_taken":[{"damage":5.0,"enemies":"2 Louse","floor":1.0,"turns":2.0},{"damage":24.0,"enemies":"Jaw Worm","floor":2.0,"turns":5.0},{"damage":12.0,"enemies":"Small Slimes","floor":3.0,"turns":4.0},{"damage":7.0,"enemies":"Looter","floor":7.0,"turns":3.0},{"damage":35.0,"enemies":"Lagavulin","floor":8.0,"turns":7.0},{"damage":45.0,"enemies":"3 Sentries","floor":12.0,"turns":6.0},{"damage":0.0,"enemies":"3 Louse","floor":14.0,"turns":1.0},{"damage":18.0,"enemies":"The Guardian","floor":16.0,"turns":9.0},{"damage":28.0,"enemies":"2 Thieves","floor":18.0,"turns":3.0},{"damage":4,"enemies":"Shell Parasite","floor":20,"turns":4},{"damage":22,"enemies":"Snake Plant","floor":22,"turns":4},{"damage":6,"enemies":"Centurion and Healer","floor":24,"turns":4},{"damage":76,"enemies":"Gremlin Leader","floor":30,"turns":7},{"damage":7,"enemies":"Chosen and Byrds","floor":31,"turns":3}],"seed_played":"3452695167689588474","potions_obtained":[{"floor":2.0,"key":"EssenceOfSteel"},{"floor":12.0,"key":"AttackPotion"},{"floor":16.0,"key":"Explosive Potion"},{"floor":18.0,"key":"SpeedPotion"},{"floor":20,"key":"PowerPotion"}],"is_trial":false,"path_per_floor":["M","M","M","$","?","R","M","E","T","R","T","E","?","M","R","B",null,"M","$","M","?","M","R","M","R","T","?","R","?","E","M"],"character_chosen":"IRONCLAD","items_purchased":["Frozen Egg 2","Feel No Pain+1","Fire Potion"],"campfire_rested":6,"item_purchase_floors":[19,19,19],"current_hp_per_floor":[67,43,31,31,31,55,48,13,27,55,55,10,10,10,38,20,76,48,48,44,44,22,50,44,72,72,53,82,82,6,0],"gold":83,"neow_bonus":"BOSS_RELIC","is_prod":false,"is_daily":false,"chose_seed":false,"campfire_upgraded":0,"win_rate":0,"timestamp":1554076126,"path_taken":["M","M","M","$","?","R","M","E","T","R","?","E","?","M","R","BOSS","M","$","M","?","M","R","M","R","T","?","R","?","E","M"],"build_version":"2019-01-23","purchased_purges":1,"victory":false,"max_hp_per_floor":[80,80,80,80,80,80,80,80,94,94,94,94,94,94,94,94,94,94,94,94,94,94,94,94,94,94,99,99,99,99,99],"card_choices":[{"not_picked":["Seeing Red","Anger"],"picked":"Whirlwind","floor":1.0},{"not_picked":["Thunderclap","Iron Wave"],"picked":"Spot Weakness","floor":2.0},{"not_picked":["Infernal Blade","Brutality","Combust"],"picked":"SKIP","floor":3.0},{"not_picked":["Sword Boomerang","Twin Strike"],"picked":"Metallicize","floor":7.0},{"not_picked":["Warcry","Metallicize"],"picked":"Heavy Blade","floor":8.0},{"not_picked":["Heavy Blade","Clash"],"picked":"Fiend Fire","floor":12.0},{"not_picked":["Perfected Strike","Sword Boomerang"],"picked":"Havoc","floor":14.0},{"not_picked":["Offering","Limit Break"],"picked":"Dark Embrace","floor":16.0},{"not_picked":["Entrench","Twin Strike"],"picked":"Shockwave+1","floor":18.0},{"not_picked":["Combust+1","Wild Strike","Rupture+1"],"picked":"SKIP","floor":20},{"not_picked":["Carnage","Clash+1","Perfected Strike+1"],"picked":"SKIP","floor":22},{"not_picked":["Whirlwind+1","Shockwave"],"picked":"Havoc+1","floor":24},{"not_picked":["Combust+1","Entrench"],"picked":"Ghostly Armor","floor":30}],"player_experience":368696,"relics_obtained":[{"floor":0.0,"key":"Art of War"},{"floor":0.0,"key":"Mercury Hourglass"},{"floor":0.0,"key":"Nunchaku"},{"floor":8.0,"key":"The Courier"},{"floor":9.0,"key":"Mango"},{"floor":11.0,"key":"Whetstone"},{"floor":12.0,"key":"Dead Branch"},{"floor":26,"key":"Bottled Flame"},{"floor":30,"key":"Pantograph"}],"event_choices":[{"damage_healed":0.0,"max_hp_gain":0.0,"max_hp_loss":0.0,"gold_gain":0.0,"event_name":"World of Goop","player_choice":"Left Gold","floor":5.0,"gold_loss":44.0,"damage_taken":0.0},{"cards_removed":["Doubt"],"damage_healed":0.0,"max_hp_gain":0.0,"max_hp_loss":0.0,"gold_gain":0.0,"event_name":"Living Wall","player_choice":"Forget","floor":13.0,"gold_loss":0.0,"damage_taken":0.0},{"damage_healed":0,"gold_gain":0,"player_choice":"Ignored","damage_taken":0,"max_hp_gain":0,"max_hp_loss":0,"event_name":"Ghosts","floor":21,"gold_loss":0},{"damage_healed":0,"gold_gain":0,"player_choice":"Shed Blood","damage_taken":24,"max_hp_gain":5,"max_hp_loss":0,"event_name":"Forgotten Altar","floor":27,"gold_loss":0},{"damage_healed":0,"gold_gain":0,"player_choice":"Inject Mutagens","damage_taken":0,"relics_obtained":["MutagenicStrength"],"max_hp_gain":0,"max_hp_loss":0,"event_name":"Drug Dealer","floor":29,"gold_loss":0}],"is_beta":false,"boss_relics":[{"not_picked":["Pandora\u0027s Box","Cursed Key"],"picked":"Mark of Pain"}],"items_purged_floors":[4],"is_endless":false,"potions_floor_spawned":[2,12,16,18,20],"killed_by":"Chosen and Byrds","ascension_level":8}