{"gold_per_floor":[118,137,151,9,9,45,45,85,167,167,200,200,225,249,249,345,345,364,33,123,73,96,140,140,153,153,153,171,16,90,104,104,104],"floor_reached":33,"playtime":4288,"items_purged":["Strike_R","Strike_R","Strike_R"],"score":470,"play_id":"4956cad6-dd13-42f1-9cf8-4d941c1881d8","local_time":"20190415002423","is_ascension_mode":true,"campfire_choices":[{"data":"Clothesline","floor":7.0,"key":"SMITH"},{"data":"Metallicize","floor":10.0,"key":"SMITH"},{"data":"Flame Barrier","floor":15.0,"key":"SMITH"},{"data":"Anger","floor":24.0,"key":"SMITH"},{"data":"Uppercut","floor":27.0,"key":"SMITH"},{"data":"Bash","floor":32.0,"key":"SMITH"}],"neow_cost":"NONE","seed_source_timestamp":0,"circlet_count":0,"master_deck":["AscendersBane","Strike_R","Strike_R","Defend_R","Defend_R","Defend_R","Defend_R","Bash+1","Clothesline+1","Anger+1","Armaments","Metallicize+1","Shockwave","Cleave","True Grit","Flame Barrier+1","Feed","Infernal Blade+1","Carnage","Uppercut+1","Cleave","Headbutt","Armaments","Headbutt","Shrug It Off"],"special_seed":0,"relics":["Burning Blood","Bag of Preparation","Golden Idol","Peace Pipe","Smiling Mask","Sundial","Bottled Tornado","Coffee Dripper","MealTicket","Bottled Flame","Turnip","Shuriken"],"potions_floor_usage":[],"damage_taken":[{"damage":1.0,"enemies":"2 Louse","floor":1.0,"turns":4.0},{"damage":4.0,"enemies":"Cultist","floor":2.0,"turns":3.0},{"damage":2.0,"enemies":"Small Slimes","floor":3.0,"turns":3.0},{"damage":23.0,"enemies":"Gremlin Nob","floor":6.0,"turns":5.0},{"damage":21.0,"enemies":"3 Sentries","floor":8.0,"turns":9.0},{"damage":18.0,"enemies":"Gremlin Nob","floor":11.0,"turns":5.0},{"damage":20.0,"enemies":"Exordium Wildlife","floor":13.0,"turns":5.0},{"damage":13.0,"enemies":"Lots of Slimes","floor":14.0,"turns":3.0},{"damage":32.0,"enemies":"Hexaghost","floor":16.0,"turns":15.0},{"damage":28.0,"enemies":"Spheric Guardian","floor":18.0,"turns":6.0},{"damage":0.0,"enemies":"Chosen","floor":22.0,"turns":3.0},{"damage":40.0,"enemies":"Book of Stabbing","floor":23.0,"turns":8.0},{"damage":1.0,"enemies":"Centurion and Healer","floor":25.0,"turns":3.0},{"damage":8.0,"enemies":"Snecko","floor":28.0,"turns":5.0},{"damage":12.0,"enemies":"Snake Plant","floor":31.0,"turns":5.0},{"damage":63,"enemies":"Champ","floor":33,"turns":10}],"seed_played":"4695959369766453481","potions_obtained":[{"floor":1.0,"key":"GamblersBrew"},{"floor":6.0,"key":"Poison Potion"},{"floor":8.0,"key":"Swift Potion"},{"floor":13.0,"key":"Regen Potion"},{"floor":14.0,"key":"Strength Potion"},{"floor":18.0,"key":"Fire Potion"},{"floor":23.0,"key":"AttackPotion"},{"floor":25.0,"key":"Explosive Potion"}],"is_trial":false,"path_per_floor":["M","M","M","$","?","E","R","E","T","R","E","?","M","M","R","B",null,"M","$","?","$","M","E","R","M","T","R","M","$","T","M","R","B"],"character_chosen":"IRONCLAD","items_purchased":["Metallicize","Regen Potion","MealTicket","Carnage","Headbutt","SpeedPotion"],"campfire_rested":0,"item_purchase_floors":[4,4,19,19,29,29],"current_hp_per_floor":[77,79,80,80,60,57,57,42,42,42,30,80,66,59,59,33,68,49,49,33,33,42,23,23,32,32,32,30,45,45,39,39,0],"gold":104,"neow_bonus":"RANDOM_COMMON_RELIC","is_prod":false,"is_daily":false,"chose_seed":false,"campfire_upgraded":6,"win_rate":0,"timestamp":1555313063,"path_taken":["M","M","M","$","?","E","R","E","T","R","E","?","M","?","R","BOSS","M","$","?","?","?","E","R","M","T","R","M","$","?","M","R","BOSS"],"build_version":"2019-01-23","purchased_purges":3,"victory":false,"max_hp_per_floor":[80,80,80,80,80,80,80,80,80,80,80,80,80,80,80,80,80,83,83,83,83,86,86,86,90,90,90,90,90,90,90,90,90],"card_choices":[{"not_picked":["Evolve","Body Slam"],"picked":"Clothesline","floor":1.0},{"not_picked":["Power Through","Combust"],"picked":"Anger","floor":2.0},{"not_picked":["True Grit","Clothesline"],"picked":"Armaments","floor":3.0},{"not_picked":["Headbutt","Juggernaut"],"picked":"Shockwave","floor":6.0},{"not_picked":["Sword Boomerang","Rampage"],"picked":"Cleave","floor":8.0},{"not_picked":["Pommel Strike","Body Slam"],"picked":"True Grit","floor":11.0},{"not_picked":["Reckless Charge","Seeing Red"],"picked":"Flame Barrier","floor":13.0},{"not_picked":["Body Slam","Flex","True Grit"],"picked":"SKIP","floor":14.0},{"not_picked":["Barricade","Juggernaut"],"picked":"Feed","floor":16.0},{"not_picked":["Headbutt","Perfected Strike"],"picked":"Infernal Blade+1","floor":18.0},{"not_picked":["Anger","Power Through+1"],"picked":"Uppercut","floor":22.0},{"not_picked":["Headbutt","Carnage"],"picked":"Cleave","floor":23.0},{"not_picked":["Cleave","Pommel Strike"],"picked":"Headbutt","floor":25.0},{"not_picked":["Bludgeon","Wild Strike"],"picked":"Armaments","floor":28.0},{"not_picked":["Flex","Intimidate"],"picked":"Shrug It Off","floor":31.0}],"player_experience":404485,"relics_obtained":[{"floor":6.0,"key":"Peace Pipe"},{"floor":8.0,"key":"Smiling Mask"},{"floor":9.0,"key":"Sundial"},{"floor":11.0,"key":"Bottled Tornado"},{"floor":23.0,"key":"Bottled Flame"},{"floor":26.0,"key":"Turnip"},{"floor":30.0,"key":"Shuriken"}],"event_choices":[{"damage_healed":0.0,"max_hp_gain":0.0,"max_hp_loss":0.0,"gold_gain":0.0,"event_name":"Golden Idol","player_choice":"Take Damage","floor":5.0,"gold_loss":0.0,"damage_taken":20.0,"relics_obtained":["Golden Idol"]},{"damage_healed":50.0,"max_hp_gain":0.0,"max_hp_loss":0.0,"gold_gain":0.0,"event_name":"Wheel of Change","player_choice":"Full Heal","floor":12.0,"gold_loss":0.0,"damage_taken":0.0},{"damage_healed":0.0,"max_hp_gain":0.0,"max_hp_loss":0.0,"gold_gain":90.0,"event_name":"Knowing Skull","player_choice":"GOLD ","floor":20.0,"potions_obtained":[],"gold_loss":0.0,"damage_taken":16.0,"cards_obtained":[]}],"is_beta":false,"boss_relics":[{"not_picked":["Philosopher\u0027s Stone","Runic Pyramid"],"picked":"Coffee Dripper"}],"items_purged_floors":[19,21,29],"is_endless":false,"potions_floor_spawned":[1,6,8,13,14,18,23,25],"killed_by":"Champ","ascension_level":13}