{"gold_per_floor":[109,129,129,129,147,147,164,164],"floor_reached":8,"playtime":370,"items_purged":[],"score":72,"play_id":"b32e7881-7a2d-4f50-9834-b2a96ee44f7f","local_time":"20190405022150","is_ascension_mode":true,"campfire_choices":[{"floor":6,"key":"REST"}],"neow_cost":"NONE","seed_source_timestamp":98260819691006,"circlet_count":0,"master_deck":["AscendersBane","Strike_R+1","Strike_R","Strike_R","Strike_R","Strike_R","Defend_R","Defend_R","Defend_R","Defend_R+1","Bash","True Grit","Disarm","Regret","Spot Weakness","Shrug It Off"],"relics":["Runic Pyramid","Bag of Marbles"],"potions_floor_usage":[8],"damage_taken":[{"damage":10,"enemies":"Small Slimes","floor":1,"turns":5},{"damage":2,"enemies":"2 Louse","floor":2,"turns":3},{"damage":15,"enemies":"Jaw Worm","floor":5,"turns":3},{"damage":40,"enemies":"Large Slime","floor":7,"turns":7},{"damage":19,"enemies":"Lagavulin","floor":8,"turns":3}],"seed_played":"-1380719855385821210","potions_obtained":[{"floor":5,"key":"Fire Potion"},{"floor":7,"key":"SkillPotion"}],"is_trial":false,"path_per_floor":["M","M","?","?","M","R","M","E"],"character_chosen":"IRONCLAD","items_purchased":[],"campfire_rested":1,"item_purchase_floors":[],"current_hp_per_floor":[62,60,60,44,29,53,13,0],"gold":164,"neow_bonus":"BOSS_RELIC","is_prod":false,"is_daily":false,"chose_seed":false,"campfire_upgraded":0,"win_rate":0,"timestamp":1554448910,"path_taken":["M","M","?","?","M","R","M","E"],"build_version":"2019-01-23","purchased_purges":0,"victory":false,"max_hp_per_floor":[80,80,80,80,80,80,80,80],"card_choices":[{"not_picked":["Dropkick","Iron Wave"],"picked":"True Grit","floor":1},{"not_picked":["Havoc","Heavy Blade"],"picked":"Disarm","floor":2},{"not_picked":["Battle Trance","Dual Wield"],"picked":"Spot Weakness","floor":5},{"not_picked":["Bloodletting","Armaments"],"picked":"Shrug It Off","floor":7}],"player_experience":413908,"relics_obtained":[],"event_choices":[{"damage_healed":0,"gold_gain":0,"player_choice":"Box","damage_taken":0,"relics_obtained":["Bag of Marbles"],"max_hp_gain":0,"max_hp_loss":0,"event_name":"Big Fish","floor":3,"gold_loss":0,"cards_obtained":["Regret"]},{"damage_healed":0,"gold_gain":0,"player_choice":"Entered Light","damage_taken":16,"max_hp_gain":0,"max_hp_loss":0,"event_name":"Shining Light","floor":4,"gold_loss":0,"cards_upgraded":["Strike_R","Defend_R"]}],"is_beta":false,"boss_relics":[],"items_purged_floors":[],"is_endless":false,"potions_floor_spawned":[5,7],"killed_by":"Lagavulin","ascension_level":10}