{"gold_per_floor":[116,129,129,129,144,175,175,189,189,223,223],"floor_reached":11,"playtime":433,"items_purged":[],"score":137,"play_id":"f9438fac-9a51-4db6-b5fd-a2c5f12676f2","local_time":"20190204172428","is_ascension_mode":true,"campfire_choices":[{"floor":7,"key":"REST"}],"neow_cost":"NONE","seed_source_timestamp":956669953748200,"circlet_count":0,"master_deck":["AscendersBane","Defend_G","Defend_G","Defend_G","Defend_G","Defend_G","Strike_G+1","Strike_G","Strike_G","Strike_G","Strike_G","Survivor","Neutralize","Envenom+1","Deadly Poison","Bane","Dodge and Roll","Flechettes","Bane","Footwork"],"relics":["Ring of the Snake","Golden Idol","Anchor","Bronze Scales","Letter Opener"],"potions_floor_usage":[6],"damage_taken":[{"damage":1,"enemies":"Small Slimes","floor":1,"turns":5},{"damage":3,"enemies":"2 Louse","floor":2,"turns":3},{"damage":6,"enemies":"Jaw Worm","floor":5,"turns":4},{"damage":24,"enemies":"3 Sentries","floor":6,"turns":11},{"damage":0,"enemies":"Large Slime","floor":8,"turns":6},{"damage":30,"enemies":"Lagavulin","floor":10,"turns":8},{"damage":16,"enemies":"2 Fungi Beasts","floor":11,"turns":3}],"seed_played":"8496046468715428037","potions_obtained":[{"floor":2,"key":"AttackPotion"},{"floor":10,"key":"Regen Potion"}],"is_trial":false,"path_per_floor":["M","M","?","?","M","E","R","M","T","E","M"],"character_chosen":"THE_SILENT","items_purchased":[],"campfire_rested":1,"item_purchase_floors":[],"current_hp_per_floor":[62,59,59,46,40,16,35,35,35,5,0],"gold":223,"neow_bonus":"ONE_RANDOM_RARE_CARD","is_prod":false,"is_daily":false,"chose_seed":false,"campfire_upgraded":0,"win_rate":0,"timestamp":1549297468,"path_taken":["M","M","?","?","M","E","R","M","T","E","M"],"build_version":"2019-01-23","purchased_purges":0,"victory":false,"max_hp_per_floor":[70,70,65,65,65,65,65,65,65,65,65],"card_choices":[{"not_picked":["Crippling Poison","Backflip"],"picked":"Deadly Poison","floor":1},{"not_picked":["Caltrops","Dagger Throw"],"picked":"Bane","floor":2},{"not_picked":["Tactician","Quick Slash"],"picked":"Dodge and Roll","floor":5},{"not_picked":["Dagger Throw","Grand Finale"],"picked":"Flechettes","floor":6},{"not_picked":["Slice","Dagger Spray"],"picked":"Bane","floor":8},{"not_picked":["Dagger Spray","Poisoned Stab"],"picked":"Footwork","floor":10}],"player_experience":468613,"relics_obtained":[{"floor":6,"key":"Anchor"},{"floor":9,"key":"Bronze Scales"},{"floor":10,"key":"Letter Opener"}],"event_choices":[{"damage_healed":0,"gold_gain":0,"player_choice":"Lose Max HP","damage_taken":0,"relics_obtained":["Golden Idol"],"max_hp_gain":0,"max_hp_loss":5,"event_name":"Golden Idol","floor":3,"gold_loss":0},{"damage_healed":0,"gold_gain":0,"player_choice":"Entered Light","damage_taken":13,"max_hp_gain":0,"max_hp_loss":0,"event_name":"Shining Light","floor":4,"gold_loss":0,"cards_upgraded":["Strike_G","Envenom"]}],"is_beta":false,"boss_relics":[],"items_purged_floors":[],"is_endless":false,"potions_floor_spawned":[2,10],"killed_by":"2 Fungi Beasts","ascension_level":13}