{"path_per_floor":["M","M","M","$","?","R","M","E","T","M","R","M","R","?","R","B",null,"M","?","T","?","M","R","M","?","T","M","R","M","M","$","R","B",null,"M","M","M","M","M","R","M","R","T","R","M","E","?","?","R"],"character_chosen":"IRONCLAD","items_purchased":["Inflame","Armaments","Armaments"],"gold_per_floor":[110,123,138,18,18,18,29,62,141,151,151,164,164,184,184,284,284,301,301,355,355,373,373,385,385,412,431,431,441,451,349,349,451,451,468,479,492,502,518,518,538,538,585,585,600,634,634,934,934],"floor_reached":50,"campfire_rested":1,"playtime":2849,"current_hp_per_floor":[80,80,80,80,80,80,80,64,64,65,65,64,64,62,62,57,80,77,77,84,84,79,79,72,72,72,73,73,80,83,83,83,59,91,91,85,65,65,66,66,59,59,59,59,54,57,57,57,86],"items_purged":["Defend_R"],"gold":934,"score":553,"play_id":"d797f9cf-8e88-4d43-a385-8d56bd77eea1","local_time":"20180322212031","is_prod":false,"is_daily":false,"is_ascension_mode":false,"campfire_upgraded":10,"timestamp":1521724831,"path_taken":["M","M","M","$","?","R","M","E","T","M","R","M","R","?","R","BOSS","M","?","?","?","M","R","M","?","T","?","R","M","M","$","R","BOSS","M","M","M","M","M","R","M","R","T","R","M","E","?","?","R","BOSS"],"build_version":"2018-03-15v3","purchased_purges":2,"victory":false,"master_deck":["Defend_R","Defend_R","Bash","Rampage","Thunderclap","Cleave","Inflame","Armaments+1","Searing Blow+9","Iron Wave","Impervious","Disarm+1","Ghostly Armor+1","Sever Soul+1","Seeing Red","Battle Trance","Pommel Strike+1","Bloodletting","Armaments","Offering","Armaments+1","Dual Wield+1","Seeing Red+1","Decay","Headbutt+1"],"max_hp_per_floor":[80,80,80,80,80,80,80,80,80,80,80,80,80,80,80,80,80,80,80,87,87,87,87,87,87,87,89,89,91,91,91,91,91,91,91,91,91,93,95,95,97,97,97,97,97,99,99,99,99],"relics":["Burning Blood","Happy Flower","The Courier","Odd Mushroom","Astrolabe","Strawberry","Singing Bowl","Cursed Key","Anchor","Paper Frog"],"card_choices":[{"not_picked":["Havoc","Sword Boomerang"],"picked":"Thunderclap"},{"not_picked":["Ghostly Armor","Anger"],"picked":"Cleave"},{"not_picked":["Clash","Wild Strike"],"picked":"Iron Wave"},{"not_picked":["Demon Form","Barricade"],"picked":"Impervious"},{"not_picked":["Rampage","Flex"],"picked":"Seeing Red"},{"not_picked":["Anger","Rampage"],"picked":"Pommel Strike"},{"not_picked":["Searing Blow","Havoc"],"picked":"Bloodletting"},{"not_picked":["Demon Form","Feed"],"picked":"Offering"},{"not_picked":["Headbutt","Perfected Strike"],"picked":"Armaments"},{"not_picked":["Feel No Pain","Fire Breathing"],"picked":"Dual Wield"},{"not_picked":["Clothesline","Warcry"],"picked":"Seeing Red"},{"not_picked":["Rupture","Shrug It Off"],"picked":"Headbutt"}],"player_experience":357516,"potions_floor_usage":[14,29,30,46,50,50],"damage_taken":[{"damage":6,"enemies":"Jaw Worm","floor":1,"turns":4},{"damage":2,"enemies":"2 Louse","floor":2,"turns":3},{"damage":1,"enemies":"Cultist","floor":3,"turns":3},{"damage":4,"enemies":"Blue Slaver","floor":7,"turns":5},{"damage":22,"enemies":"3 Sentries","floor":8,"turns":6},{"damage":5,"enemies":"Looter","floor":10,"turns":3},{"damage":7,"enemies":"2 Fungi Beasts","floor":12,"turns":3},{"damage":8,"enemies":"The Mushroom Lair","floor":14,"turns":3},{"damage":11,"enemies":"Slime Boss","floor":16,"turns":8},{"damage":9,"enemies":"Shell Parasite","floor":18,"turns":7},{"damage":11,"enemies":"Spheric Guardian","floor":22,"turns":4},{"damage":13,"enemies":"Centurion and Healer","floor":24,"turns":4},{"damage":7,"enemies":"Cultist and Chosen","floor":27,"turns":6},{"damage":1,"enemies":"Snecko","floor":29,"turns":3},{"damage":3,"enemies":"Slaver and Parasite","floor":30,"turns":5},{"damage":30,"enemies":"Collector","floor":33,"turns":8},{"damage":3,"enemies":"Orb Walker","floor":35,"turns":2},{"damage":12,"enemies":"3 Darklings","floor":36,"turns":7},{"damage":26,"enemies":"4 Shapes","floor":37,"turns":5},{"damage":8,"enemies":"Maw","floor":38,"turns":6},{"damage":7,"enemies":"Sphere and 2 Shapes","floor":39,"turns":6},{"damage":15,"enemies":"4 Shapes","floor":41,"turns":8},{"damage":11,"enemies":"3 Darklings","floor":45,"turns":6},{"damage":5,"enemies":"Giant Head","floor":46,"turns":4},{"damage":86,"enemies":"Donu and Deca","floor":50,"turns":5}],"event_choices":[{"event_name":"Living Wall","player_choice":"Change","floor":5,"damage_taken":0},{"event_name":"Mushrooms","player_choice":"Fought Mushrooms","floor":14,"damage_taken":0},{"event_name":"Vampires","player_choice":"Ignored","floor":19,"damage_taken":0},{"event_name":"The Library","player_choice":"Read","floor":21,"damage_taken":0},{"event_name":"Back to Basics","player_choice":"Elegance","floor":25,"damage_taken":0},{"event_name":"Mysterious Sphere","player_choice":"Ignore","floor":47,"damage_taken":0},{"event_name":"Wheel of Change","player_choice":"Gold","floor":48,"damage_taken":0}],"boss_relics":[{"not_picked":["Runic Dome","Snecko Eye"],"picked":"Astrolabe"},{"not_picked":["Philosopher\u0027s Stone","Runic Pyramid"],"picked":"Cursed Key"}],"potions_floor_spawned":[2,3,14,27,29,30,36,39,41],"seed_played":"-1252197117870721162","killed_by":"Donu and Deca","ascension_level":0,"is_trial":false}