{"gold_per_floor":[117,127,127,127,147,172,184,184,211,211,241,254,286,299,299,398,398,417,17,117,129,147,147,147,167,191,191,209,225,225],"floor_reached":30,"playtime":3346,"items_purged":["Strike_R"],"score":294,"play_id":"899b0a4e-fa6b-41ad-8e2d-c8c8db62b1b6","local_time":"20180922095428","is_ascension_mode":false,"campfire_choices":[{"floor":15,"key":"REST"},{"floor":23,"key":"REST"}],"neow_cost":"NONE","seed_source_timestamp":7196897531281,"circlet_count":0,"master_deck":["Defend_R+1","Defend_R+1","Defend_R+1","Defend_R+1","Bash","Sword Boomerang","Sword Boomerang","Metallicize+1","Thunderclap","Rampage","Rampage","Armaments","Heavy Blade","Dual Wield","Dropkick","Iron Wave","Juggernaut","Heavy Blade","Rampage","Body Slam","Body Slam","Cleave","Shockwave","Uppercut","Pommel Strike","Pommel Strike","Blood for Blood+1","Cleave","Bite","Bite","Bite","Bite","Bite","Spot Weakness","Bloodletting","Thunderclap+1"],"relics":["Burning Blood","Vajra","Juzu Bracelet","Lantern","Odd Mushroom","Dream Catcher","Orrery","Anchor","PreservedInsect"],"potions_floor_usage":[6,13,13,16,16,21,22,25],"damage_taken":[{"damage":3,"enemies":"Small Slimes","floor":1,"turns":3},{"damage":4,"enemies":"Jaw Worm","floor":2,"turns":4},{"damage":1,"enemies":"2 Louse","floor":5,"turns":2},{"damage":7,"enemies":"Gremlin Nob","floor":6,"turns":4},{"damage":5,"enemies":"Exordium Thugs","floor":7,"turns":3},{"damage":15,"enemies":"The Mushroom Lair","floor":11,"turns":4},{"damage":0,"enemies":"2 Fungi Beasts","floor":12,"turns":2},{"damage":9,"enemies":"3 Sentries","floor":13,"turns":5},{"damage":11,"enemies":"Lots of Slimes","floor":14,"turns":5},{"damage":46,"enemies":"Hexaghost","floor":16,"turns":11},{"damage":34,"enemies":"3 Byrds","floor":18,"turns":6},{"damage":11,"enemies":"Shell Parasite","floor":21,"turns":5},{"damage":31,"enemies":"3 Cultists","floor":22,"turns":7},{"damage":7,"enemies":"Chosen and Byrds","floor":25,"turns":6},{"damage":20,"enemies":"Snake Plant","floor":28,"turns":3},{"damage":40,"enemies":"Sentry and Sphere","floor":29,"turns":6},{"damage":26,"enemies":"Centurion and Healer","floor":30,"turns":4}],"seed_played":"-2548067051663016334","potions_obtained":[{"floor":2,"key":"Block Potion"},{"floor":5,"key":"Poison Potion"},{"floor":11,"key":"Dexterity Potion"},{"floor":12,"key":"Poison Potion"},{"floor":14,"key":"Fire Potion"},{"floor":21,"key":"SkillPotion"},{"floor":22,"key":"EssenceOfSteel"},{"floor":28,"key":"SpeedPotion"}],"is_trial":false,"path_per_floor":["M","M","?","?","M","E","M","?","T","?","?","M","E","M","R","B",null,"M","$","?","M","M","R","?","M","T","?","M","M"],"character_chosen":"IRONCLAD","items_purchased":["Ancient Potion","Anchor","Uppercut","Pommel Strike"],"campfire_rested":2,"item_purchase_floors":[19,19,19,19],"current_hp_per_floor":[80,80,68,73,78,77,78,61,61,61,52,58,55,50,75,35,85,57,57,57,52,27,52,52,57,57,57,45,21,0],"gold":225,"neow_bonus":"THREE_CARDS","is_prod":false,"is_daily":false,"chose_seed":false,"campfire_upgraded":0,"win_rate":0.0,"timestamp":1537602868,"path_taken":["M","M","?","?","M","E","M","?","T","?","?","M","E","M","R","BOSS","M","$","?","M","M","R","?","M","T","?","M","M","M"],"build_version":"2018-09-20","purchased_purges":1,"victory":false,"max_hp_per_floor":[80,80,80,85,85,85,85,85,85,85,85,85,85,85,85,85,85,85,85,85,85,85,85,59,59,59,59,59,59,59],"card_choices":[{"not_picked":["True Grit","Warcry"],"picked":"Sword Boomerang","floor":0},{"not_picked":["Heavy Blade","Bloodletting"],"picked":"Sword Boomerang","floor":1},{"not_picked":["Dropkick","Iron Wave"],"picked":"Metallicize","floor":2},{"not_picked":["Armaments","Clash"],"picked":"Thunderclap","floor":5},{"not_picked":["True Grit","Ghostly Armor"],"picked":"Rampage","floor":6},{"not_picked":["Body Slam","Bludgeon"],"picked":"Rampage","floor":7},{"not_picked":["Clothesline","Disarm"],"picked":"Armaments","floor":11},{"not_picked":["Clothesline","Reckless Charge"],"picked":"Heavy Blade","floor":12},{"not_picked":["Headbutt","Hemokinesis"],"picked":"Dual Wield","floor":13},{"not_picked":["Sever Soul","Entrench"],"picked":"Dropkick","floor":14},{"not_picked":["Disarm","Perfected Strike"],"picked":"Iron Wave","floor":15},{"not_picked":["Barricade","Limit Break"],"picked":"Juggernaut","floor":16},{"not_picked":["Dual Wield","Uppercut"],"picked":"Heavy Blade","floor":17},{"not_picked":["Thunderclap","Burning Pact"],"picked":"Rampage","floor":17},{"not_picked":["Blood for Blood","Warcry"],"picked":"Body Slam","floor":17},{"not_picked":["Heavy Blade","Twin Strike"],"picked":"Body Slam","floor":17},{"not_picked":["Flex","True Grit"],"picked":"Cleave","floor":17},{"not_picked":["True Grit","Twin Strike+1"],"picked":"Shockwave","floor":18},{"not_picked":["Second Wind","Clash"],"picked":"Pommel Strike","floor":21},{"not_picked":["Clash","Bloodletting"],"picked":"Blood for Blood+1","floor":22},{"not_picked":["Pummel","Uppercut"],"picked":"Cleave","floor":23},{"not_picked":["True Grit","Headbutt"],"picked":"Spot Weakness","floor":25},{"not_picked":["Twin Strike+1","Clash"],"picked":"Bloodletting","floor":28},{"not_picked":["Sword Boomerang","Headbutt"],"picked":"Thunderclap+1","floor":29}],"player_experience":7092,"relics_obtained":[{"floor":6,"key":"Juzu Bracelet"},{"floor":9,"key":"Lantern"},{"floor":11,"key":"Odd Mushroom"},{"floor":13,"key":"Dream Catcher"},{"floor":26,"key":"PreservedInsect"}],"event_choices":[{"event_name":"Scrap Ooze","player_choice":"success","floor":3,"damage_taken":12},{"event_name":"Big Fish","player_choice":"Donut","floor":4,"damage_taken":0},{"event_name":"Shining Light","player_choice":"Entered Light","floor":8,"damage_taken":0},{"event_name":"Living Wall","player_choice":"Grow","floor":10,"damage_taken":0},{"event_name":"Mushrooms","player_choice":"Fought Mushrooms","floor":11,"damage_taken":0},{"event_name":"Golden Shrine","player_choice":"Pray","floor":20,"damage_taken":0},{"event_name":"Vampires","player_choice":"Became a vampire","floor":24,"damage_taken":0},{"event_name":"Back to Basics","player_choice":"Simplicity","floor":27,"damage_taken":0}],"is_beta":false,"boss_relics":[{"not_picked":["Tiny House","Runic Pyramid"],"picked":"Orrery"}],"items_purged_floors":[19],"is_endless":false,"potions_floor_spawned":[2,5,11,12,14,21,22,28],"killed_by":"Centurion and Healer","ascension_level":0}