{"path_per_floor":["M","M","M","M","M","R","M","R","T","R","$","?","M","E","R","B",null,"M","?","$","M","M","R"],"character_chosen":"IRONCLAD","items_purchased":["Inflame","Happy Flower"],"gold_per_floor":[118,132,146,158,169,169,180,180,180,180,28,128,145,177,177,282,282,301,301,50,61,74,74],"floor_reached":24,"campfire_rested":0,"playtime":1264,"current_hp_per_floor":[80,80,80,73,77,77,77,77,77,77,77,77,73,81,81,62,90,77,77,77,38,13,13],"items_purged":["Strike_R","Strike_R"],"gold":74,"score":200,"play_id":"f6736cf2-e208-4f67-852d-df2ad52cd724","local_time":"20180312010243","is_prod":false,"is_daily":false,"is_ascension_mode":false,"campfire_upgraded":5,"timestamp":1520787763,"path_taken":["M","M","M","M","M","R","M","R","T","R","$","?","M","E","R","BOSS","M","?","$","M","M","R","?"],"build_version":"2018-03-09","purchased_purges":2,"victory":false,"master_deck":["Strike_R","Strike_R","Defend_R","Defend_R","Defend_R","Defend_R","Bash+1","Fiend Fire+1","Twin Strike","Clash","Rupture+1","Dropkick","Cleave","Dropkick","Inflame","Berserk","Entrench+1","Barricade+1","Inflame","Twin Strike","Headbutt","Burning Pact","Dropkick","Body Slam","Shrug It Off","True Grit","Entrench+1"],"max_hp_per_floor":[80,80,80,80,80,80,80,80,80,80,80,80,80,90,90,90,90,90,90,90,90,90,90],"relics":["Burning Blood","Calipers","Pear","Orrery","Happy Flower"],"card_choices":[{"not_picked":["Body Slam","Perfected Strike"],"picked":"Twin Strike"},{"not_picked":["Warcry","Iron Wave"],"picked":"Clash"},{"not_picked":["Twin Strike","Clothesline"],"picked":"Rupture"},{"not_picked":["Combust","Body Slam"],"picked":"Dropkick"},{"not_picked":["Rampage","Clothesline"],"picked":"Cleave"},{"not_picked":["Disarm","Wild Strike"],"picked":"Dropkick"},{"not_picked":["Headbutt","Feel No Pain"],"picked":"Berserk"},{"not_picked":["True Grit","Warcry"],"picked":"Entrench"},{"not_picked":["Demon Form","Bludgeon"],"picked":"Barricade"},{"not_picked":["Battle Trance","Second Wind"],"picked":"Inflame"},{"not_picked":["Perfected Strike","Flex"],"picked":"Twin Strike"},{"not_picked":["Twin Strike","Burning Pact"],"picked":"Headbutt"},{"not_picked":["Thunderclap","Infernal Blade"],"picked":"Burning Pact"},{"not_picked":["Flex","Disarm"],"picked":"Dropkick"},{"not_picked":["Demon Form","Entrench"],"picked":"Body Slam"},{"not_picked":["Anger","Warcry"],"picked":"True Grit"},{"not_picked":["Anger","Perfected Strike"],"picked":"Entrench"}],"player_experience":239334,"potions_floor_usage":[18,22,22],"damage_taken":[{"damage":1,"enemies":"Jaw Worm","floor":1,"turns":4},{"damage":1,"enemies":"Cultist","floor":2,"turns":3},{"damage":0,"enemies":"2 Louse","floor":3,"turns":2},{"damage":13,"enemies":"Large Slime","floor":4,"turns":6},{"damage":2,"enemies":"2 Fungi Beasts","floor":5,"turns":3},{"damage":6,"enemies":"Lots of Slimes","floor":7,"turns":3},{"damage":10,"enemies":"Looter","floor":13,"turns":2},{"damage":8,"enemies":"Gremlin Nob","floor":14,"turns":3},{"damage":25,"enemies":"Slime Boss","floor":16,"turns":7},{"damage":19,"enemies":"Shell Parasite","floor":18,"turns":5},{"damage":45,"enemies":"Spheric Guardian","floor":21,"turns":6},{"damage":40,"enemies":"Centurion and Healer","floor":22,"turns":4},{"damage":16,"enemies":"Snake Plant","floor":24,"turns":1}],"event_choices":[{"event_name":"Wheel of Change","player_choice":"Gold","floor":12,"damage_taken":0},{"event_name":"The Library","player_choice":"Read","floor":19,"damage_taken":0}],"boss_relics":[{"not_picked":["Eternal Feather","Tiny House"],"picked":"Orrery"}],"potions_floor_spawned":[5,7,18,22],"seed_played":"8588693864473807110","killed_by":"Snake Plant","ascension_level":0,"is_trial":false}