{"gold_per_floor":[117,145,177,205,237,249,322,334,372,384,411,441,482,510,522,637,649,672,363,373,473,493,528,548,548,572,572,572,590,615,627,627,727,727,746,756,116,135,150,177,177,222,222,222,240,240,265,280,280,280],"floor_reached":51,"playtime":4139,"items_purged":["Twin Strike","Flex"],"score":845,"play_id":"aef25546-c869-40e6-8315-4016304c7d4a","local_time":"20190216000853","daily_mods":["SealedDeck","Vintage","Heirloom"],"is_ascension_mode":false,"campfire_choices":[{"data":"Whirlwind","floor":6,"key":"SMITH"},{"floor":8,"key":"DIG"},{"data":"Rampage","floor":10,"key":"SMITH"},{"data":"Armaments","floor":15,"key":"SMITH"},{"data":"Demon Form","floor":25,"key":"SMITH"},{"floor":27,"key":"DIG"},{"data":"Heavy Blade","floor":32,"key":"SMITH"},{"data":"Feed","floor":41,"key":"SMITH"},{"data":"Metallicize","floor":44,"key":"SMITH"},{"floor":49,"key":"REST"}],"neow_cost":"","seed_source_timestamp":0,"circlet_count":0,"master_deck":["Seeing Red+1","Infernal Blade","Heavy Blade+1","Rampage+1","Headbutt","Disarm","Shrug It Off+1","Whirlwind+1","Metallicize+1","Armaments+1","Demon Form+1","Warcry","The Bomb","Uppercut","Metallicize","True Grit","Juggernaut","Heavy Blade","Corruption","Feel No Pain","Double Tap","Pommel Strike","Reaper","Seeing Red","Feel No Pain","Feed+1","Sentinel+1"],"relics":["Burning Blood","WingedGreaves","MawBank","Art of War","War Paint","Shovel","Strawberry","Tiny Chest","Blood Vial","Happy Flower","The Courier","Ornamental Fan","Juzu Bracelet","Mummified Hand","White Beast Statue","Magic Flower","Bottled Lightning","Prayer Wheel","Paper Frog","Oddly Smooth Stone","Bag of Marbles","Vajra","Centennial Puzzle","Bronze Scales","Omamori","Red Mask","Meat on the Bone","Orrery","Dream Catcher","Self Forming Clay","Chemical X","Incense Burner","Potion Belt","Bottled Tornado","Unceasing Top","Singing Bowl","Shuriken","Bottled Flame","Red Skull","Darkstone Periapt"],"potions_floor_usage":[16,16,18,21,22,23,29,30,31,33,39,42,47,48,48,48,50],"damage_taken":[{"damage":0,"enemies":"Cultist","floor":1,"turns":2},{"damage":0,"enemies":"2 Louse","floor":2,"turns":1},{"damage":3,"enemies":"Jaw Worm","floor":3,"turns":2},{"damage":0,"enemies":"Gremlin Gang","floor":4,"turns":1},{"damage":0,"enemies":"Looter","floor":5,"turns":2},{"damage":0,"enemies":"Gremlin Nob","floor":7,"turns":2},{"damage":11,"enemies":"Exordium Thugs","floor":11,"turns":3},{"damage":0,"enemies":"2 Fungi Beasts","floor":12,"turns":2},{"damage":6,"enemies":"3 Sentries","floor":13,"turns":2},{"damage":4,"enemies":"Looter","floor":14,"turns":2},{"damage":22,"enemies":"Hexaghost","floor":16,"turns":6},{"damage":17,"enemies":"3 Byrds","floor":18,"turns":4},{"damage":5,"enemies":"2 Thieves","floor":20,"turns":2},{"damage":26,"enemies":"Colosseum Slavers","floor":21,"turns":5},{"damage":15,"enemies":"Colosseum Nobs","floor":21,"turns":5},{"damage":16,"enemies":"3 Cultists","floor":22,"turns":4},{"damage":25,"enemies":"Gremlin Leader","floor":23,"turns":4},{"damage":16,"enemies":"Snecko","floor":24,"turns":5},{"damage":16,"enemies":"Sentry and Sphere","floor":29,"turns":3},{"damage":0,"enemies":"Masked Bandits","floor":30,"turns":2},{"damage":1,"enemies":"Centurion and Healer","floor":31,"turns":3},{"damage":11,"enemies":"Collector","floor":33,"turns":7},{"damage":23,"enemies":"3 Darklings","floor":35,"turns":3},{"damage":20,"enemies":"Orb Walker","floor":36,"turns":3},{"damage":12,"enemies":"Writhing Mass","floor":38,"turns":6},{"damage":2,"enemies":"Transient","floor":39,"turns":5},{"damage":4,"enemies":"Reptomancer","floor":40,"turns":5},{"damage":8,"enemies":"2 Orb Walkers","floor":42,"turns":3},{"damage":6,"enemies":"Jaw Worm Horde","floor":45,"turns":3},{"damage":2,"enemies":"Nemesis","floor":47,"turns":4},{"damage":14,"enemies":"Maw","floor":48,"turns":7},{"damage":19,"enemies":"Time Eater","floor":50,"turns":8}],"seed_played":"3142515701547932038","potions_obtained":[{"floor":1,"key":"SteroidPotion"},{"floor":4,"key":"SpeedPotion"},{"floor":7,"key":"SteroidPotion"},{"floor":16,"key":"Strength Potion"},{"floor":18,"key":"BloodPotion"},{"floor":20,"key":"Strength Potion"},{"floor":21,"key":"Ancient Potion"},{"floor":22,"key":"SpeedPotion"},{"floor":23,"key":"AttackPotion"},{"floor":29,"key":"FearPotion"},{"floor":31,"key":"Poison Potion"},{"floor":33,"key":"PowerPotion"},{"floor":35,"key":"SkillPotion"},{"floor":39,"key":"GamblersBrew"},{"floor":40,"key":"Poison Potion"},{"floor":42,"key":"Weak Potion"},{"floor":45,"key":"Energy Potion"},{"floor":47,"key":"Energy Potion"},{"floor":48,"key":"Dexterity Potion"}],"is_trial":true,"path_per_floor":["M","M","M","M","M","R","E","R","T","R","M","M","E","M","R","B",null,"M","$","M","?","M","E","M","R","T","R","?","M","?","M","R","B",null,"M","M","$","M","M","E","R","?","T","R","M","T","E","M","R","B",null],"character_chosen":"IRONCLAD","items_purchased":["Warcry","The Bomb","Uppercut","Metallicize","Double Tap","Pommel Strike","Reaper","Chemical X","Seeing Red","Feel No Pain"],"campfire_rested":1,"item_purchase_floors":[19,19,19,19,37,37,37,37,37,37],"current_hp_per_floor":[80,80,80,80,87,87,87,87,87,87,82,87,87,87,87,71,87,76,76,83,66,62,61,57,57,57,57,40,36,48,59,59,60,92,78,70,70,78,92,92,92,92,92,92,96,96,98,102,104,99],"gold":280,"neow_bonus":"","is_prod":false,"is_daily":false,"chose_seed":false,"campfire_upgraded":7,"win_rate":0,"timestamp":1550272133,"path_taken":["M","M","M","M","?","R","E","R","T","R","M","M","E","M","R","BOSS","M","$","M","?","M","E","M","R","T","R","?","M","?","M","R","BOSS","M","M","$","M","M","E","R","?","T","R","M","?","E","M","R","BOSS"],"build_version":"2019-01-23","purchased_purges":2,"victory":true,"max_hp_per_floor":[80,80,80,80,87,87,87,87,87,87,87,87,87,87,87,87,87,87,87,87,87,87,87,87,87,87,87,92,92,92,92,92,92,92,92,92,92,92,92,92,92,92,92,92,96,96,98,102,104,104],"card_choices":[{"not_picked":["Wild Strike","Clash"],"picked":"Metallicize","floor":7},{"not_picked":["Power Through","Cleave"],"picked":"Armaments","floor":13},{"not_picked":["Juggernaut","Dark Embrace"],"picked":"Demon Form","floor":16},{"not_picked":["Twin Strike","Clash+1","Havoc"],"picked":"SKIP","floor":23},{"not_picked":["Havoc","Combust"],"picked":"True Grit","floor":30},{"not_picked":["Berserk","Feed"],"picked":"Juggernaut","floor":33},{"not_picked":["Disarm","Twin Strike"],"picked":"Heavy Blade","floor":34},{"not_picked":["Burning Pact","Clash"],"picked":"Corruption","floor":34},{"not_picked":["Perfected Strike+1","Heavy Blade"],"picked":"Feel No Pain","floor":34},{"not_picked":["Flex+1","Whirlwind"],"picked":"Feed","floor":40},{"not_picked":["Corruption+1","Shrug It Off"],"picked":"Sentinel+1","floor":42},{"not_picked":["Searing Blow","Uppercut+1","Ghostly Armor"],"picked":"Singing Bowl","floor":47},{"not_picked":["Twin Strike","Thunderclap","Perfected Strike"],"picked":"Singing Bowl","floor":49}],"player_experience":123090,"relics_obtained":[{"floor":1,"key":"MawBank"},{"floor":2,"key":"Art of War"},{"floor":3,"key":"War Paint"},{"floor":4,"key":"Shovel"},{"floor":5,"key":"Strawberry"},{"floor":7,"key":"Tiny Chest"},{"floor":8,"key":"Blood Vial"},{"floor":9,"key":"Happy Flower"},{"floor":11,"key":"The Courier"},{"floor":12,"key":"Ornamental Fan"},{"floor":13,"key":"Juzu Bracelet"},{"floor":14,"key":"Mummified Hand"},{"floor":18,"key":"Magic Flower"},{"floor":20,"key":"Bottled Lightning"},{"floor":21,"key":"Prayer Wheel"},{"floor":21,"key":"Paper Frog"},{"floor":22,"key":"Oddly Smooth Stone"},{"floor":23,"key":"Bag of Marbles"},{"floor":24,"key":"Vajra"},{"floor":26,"key":"Centennial Puzzle"},{"floor":27,"key":"Bronze Scales"},{"floor":29,"key":"Omamori"},{"floor":30,"key":"Red Mask"},{"floor":31,"key":"Meat on the Bone"},{"floor":35,"key":"Dream Catcher"},{"floor":36,"key":"Self Forming Clay"},{"floor":38,"key":"Incense Burner"},{"floor":39,"key":"Potion Belt"},{"floor":40,"key":"Bottled Tornado"},{"floor":42,"key":"Unceasing Top"},{"floor":43,"key":"Singing Bowl"},{"floor":45,"key":"Shuriken"},{"floor":46,"key":"Bottled Flame"},{"floor":47,"key":"Red Skull"},{"floor":48,"key":"Darkstone Periapt"}],"event_choices":[{"damage_healed":0,"gold_gain":0,"player_choice":"Fight","damage_taken":0,"max_hp_gain":0,"max_hp_loss":0,"event_name":"Colosseum","floor":21,"gold_loss":0},{"damage_healed":0,"gold_gain":0,"player_choice":"Fought Nobs","damage_taken":0,"max_hp_gain":0,"max_hp_loss":0,"event_name":"Colosseum","floor":21,"gold_loss":0},{"damage_healed":0,"gold_gain":0,"player_choice":"Shed Blood","damage_taken":22,"max_hp_gain":5,"max_hp_loss":0,"event_name":"Forgotten Altar","floor":28,"gold_loss":0},{"damage_healed":0,"gold_gain":0,"player_choice":"Fought Bandits","damage_taken":0,"max_hp_gain":0,"max_hp_loss":0,"event_name":"Masked Bandits","floor":30,"gold_loss":0},{"damage_healed":0,"gold_gain":0,"player_choice":"Fight","damage_taken":0,"max_hp_gain":0,"max_hp_loss":0,"event_name":"Mysterious Sphere","floor":42,"gold_loss":0}],"is_beta":false,"boss_relics":[{"not_picked":["Snecko Eye","Velvet Choker"],"picked":"White Beast Statue"},{"not_picked":["Runic Cube","Sozu"],"picked":"Orrery"}],"items_purged_floors":[19,37],"is_endless":false,"potions_floor_spawned":[1,4,7,14,16,18,20,21,21,22,23,24,29,30,31,33,35,36,38,39,40,42,45,47,48],"ascension_level":0}