{"gold_per_floor":[113,126,126,126,126,126,51,51,104,129,147,147,170,213,213,334,334,359,89,114,114,134,134,9,9,87,102,102,143,162,203,203,203],"floor_reached":33,"playtime":1132,"items_purged":["Defend_R","Strike_R","Strike_R"],"score":290,"play_id":"948fd6e9-2563-4116-9826-b267e92001b6","local_time":"20190415204530","is_ascension_mode":false,"campfire_choices":[{"data":"Bash","floor":6,"key":"SMITH"},{"data":"Twin Strike","floor":8,"key":"SMITH"},{"data":"Armaments","floor":12,"key":"SMITH"},{"data":"Body Slam","floor":15,"key":"SMITH"},{"data":"True Grit","floor":23,"key":"SMITH"},{"floor":25,"key":"REST"},{"floor":28,"key":"REST"},{"floor":32,"key":"REST"}],"neow_cost":"NONE","seed_source_timestamp":354532746328800,"circlet_count":0,"master_deck":["Strike_R","Strike_R","Strike_R","Defend_R","Defend_R","Defend_R","Bash+1","Twin Strike+1","Wild Strike","Armaments+1","Body Slam+1","Cleave","True Grit","Cleave+1","True Grit+1","Shrug It Off","Shrug It Off"],"relics":["Burning Blood","Centennial Puzzle","Strawberry","Golden Idol","Tiny Chest","Orichalcum","White Beast Statue","Oddly Smooth Stone","Enchiridion","Gremlin Horn","Singing Bowl","Red Mask"],"potions_floor_usage":[14,16,29,29,33,33,33],"damage_taken":[{"damage":3,"enemies":"Small Slimes","floor":1,"turns":3},{"damage":2,"enemies":"2 Louse","floor":2,"turns":3},{"damage":1,"enemies":"Cultist","floor":10,"turns":3},{"damage":8,"enemies":"Lots of Slimes","floor":11,"turns":4},{"damage":5,"enemies":"3 Louse","floor":13,"turns":2},{"damage":22,"enemies":"3 Sentries","floor":14,"turns":8},{"damage":38,"enemies":"Hexaghost","floor":16,"turns":11},{"damage":17,"enemies":"3 Byrds","floor":18,"turns":8},{"damage":7,"enemies":"Spheric Guardian","floor":20,"turns":4},{"damage":32,"enemies":"Centurion and Healer","floor":22,"turns":5},{"damage":19,"enemies":"Chosen and Byrds","floor":27,"turns":7},{"damage":0,"enemies":"Gremlin Leader","floor":29,"turns":5},{"damage":0,"enemies":"Cultist and Chosen","floor":30,"turns":4},{"damage":33,"enemies":"Masked Bandits","floor":31,"turns":5},{"damage":95,"enemies":"Champ","floor":33,"turns":13}],"seed_played":"2553652249545346696","potions_obtained":[{"floor":2,"key":"Energy Potion"},{"floor":5,"key":"AttackPotion"},{"floor":5,"key":"SkillPotion"},{"floor":14,"key":"Swift Potion"},{"floor":18,"key":"LiquidBronze"},{"floor":29,"key":"Fire Potion"},{"floor":30,"key":"Strength Potion"}],"is_trial":false,"path_per_floor":["M","M","?","?","?","R","$","R","T","M","M","R","M","E","R","B",null,"M","$","M","?","M","R","$","R","T","M","R","E","M","?","R","B"],"character_chosen":"IRONCLAD","items_purchased":["Oddly Smooth Stone","True Grit"],"campfire_rested":3,"item_purchase_floors":[19,19],"current_hp_per_floor":[80,80,84,63,63,63,63,63,63,68,66,66,67,51,51,19,87,76,76,75,59,33,33,33,59,59,46,72,80,86,59,85,0],"gold":203,"neow_bonus":"RANDOM_COMMON_RELIC","is_prod":false,"is_daily":false,"chose_seed":false,"campfire_upgraded":5,"win_rate":0,"timestamp":1555353930,"path_taken":["M","M","?","?","?","R","$","R","T","?","M","R","?","E","R","BOSS","M","$","M","?","M","R","$","R","T","M","R","E","M","?","R","BOSS"],"build_version":"2019-01-23","purchased_purges":3,"victory":false,"max_hp_per_floor":[80,80,87,87,87,87,87,87,87,87,87,87,87,87,87,87,87,87,87,87,87,87,87,87,87,87,87,87,89,89,89,89,89],"card_choices":[{"not_picked":["True Grit","Second Wind"],"picked":"Twin Strike","floor":1},{"not_picked":["Twin Strike","Uppercut","Infernal Blade"],"picked":"SKIP","floor":2},{"not_picked":["Havoc","Rampage"],"picked":"Wild Strike","floor":10},{"not_picked":["Blood for Blood","Sever Soul"],"picked":"Armaments","floor":11},{"not_picked":["Pummel","Whirlwind","Dropkick"],"picked":"SKIP","floor":13},{"not_picked":["Second Wind","Evolve"],"picked":"Body Slam","floor":14},{"not_picked":["Combust","Whirlwind"],"picked":"Cleave","floor":18},{"not_picked":["Clothesline","Whirlwind"],"picked":"Cleave+1","floor":20},{"not_picked":["Armaments","Fire Breathing"],"picked":"True Grit","floor":22},{"not_picked":["Flex+1","Anger+1","Headbutt"],"picked":"SKIP","floor":27},{"not_picked":["Pommel Strike","Carnage","Whirlwind"],"picked":"Singing Bowl","floor":29},{"not_picked":["Heavy Blade+1","Dropkick"],"picked":"Shrug It Off","floor":30},{"not_picked":["Headbutt","Combust"],"picked":"Shrug It Off","floor":31}],"player_experience":589692,"relics_obtained":[{"floor":9,"key":"Tiny Chest"},{"floor":14,"key":"Orichalcum"},{"floor":21,"key":"Enchiridion"},{"floor":26,"key":"Gremlin Horn"},{"floor":29,"key":"Singing Bowl"},{"floor":31,"key":"Red Mask"}],"event_choices":[{"damage_healed":0,"gold_gain":0,"player_choice":"Success","damage_taken":3,"relics_obtained":["Strawberry"],"max_hp_gain":0,"max_hp_loss":0,"event_name":"Scrap Ooze","floor":3,"gold_loss":0},{"damage_healed":0,"gold_gain":0,"player_choice":"Take Damage","damage_taken":21,"relics_obtained":["Golden Idol"],"max_hp_gain":0,"max_hp_loss":0,"event_name":"Golden Idol","floor":4,"gold_loss":0},{"damage_healed":0,"gold_gain":0,"player_choice":"Got Potions","damage_taken":0,"max_hp_gain":0,"max_hp_loss":0,"event_name":"Lab","floor":5,"gold_loss":0},{"damage_healed":0,"gold_gain":0,"player_choice":"Obtained Book","damage_taken":16,"max_hp_gain":0,"max_hp_loss":0,"event_name":"Cursed Tome","floor":21,"gold_loss":0},{"damage_healed":0,"gold_gain":0,"player_choice":"Fought Bandits","damage_taken":0,"max_hp_gain":0,"max_hp_loss":0,"event_name":"Masked Bandits","floor":31,"gold_loss":0}],"is_beta":false,"boss_relics":[{"not_picked":["Busted Crown","Runic Pyramid"],"picked":"White Beast Statue"}],"items_purged_floors":[7,19,24],"is_endless":false,"potions_floor_spawned":[2,10,14,18,20,22,27,29,30,31],"killed_by":"Champ","ascension_level":0}