{"gold_per_floor":[119,119,139,153,169,169,188,220,232,244,266,56,68,87,87,192,192,209,209],"floor_reached":19,"playtime":2459,"items_purged":["Defend_G"],"score":223,"play_id":"c02d7f6a-5a2c-4c92-a53e-7cd7b867969d","local_time":"20180922185942","is_ascension_mode":false,"campfire_choices":[{"data":"Backstab","floor":6,"key":"SMITH"},{"floor":15,"key":"REST"}],"neow_cost":"NONE","seed_source_timestamp":40793811066366,"circlet_count":0,"master_deck":["Defend_G","Defend_G","Defend_G","Defend_G","Strike_G","Strike_G","Strike_G","Survivor","Neutralize","Glass Knife","Noxious Fumes","Prepared","Backstab+1","Deflect","Leg Sweep","Dodge and Roll","Calculated Gamble","Backflip","Acrobatics","Deadly Poison","Backflip","Venomology","Blur"],"relics":["Ring of the Snake","MawBank","Bronze Scales","Bag of Preparation","Orrery"],"potions_floor_usage":[8,16,19],"damage_taken":[{"damage":0,"enemies":"Small Slimes","floor":1,"turns":3},{"damage":0,"enemies":"Cultist","floor":3,"turns":4},{"damage":0,"enemies":"2 Louse","floor":4,"turns":4},{"damage":0,"enemies":"Red Slaver","floor":5,"turns":3},{"damage":8,"enemies":"Large Slime","floor":7,"turns":6},{"damage":17,"enemies":"Gremlin Nob","floor":8,"turns":5},{"damage":0,"enemies":"3 Louse","floor":11,"turns":3},{"damage":0,"enemies":"Looter","floor":13,"turns":3},{"damage":0,"enemies":"Red Slaver","floor":14,"turns":4},{"damage":0,"enemies":"The Guardian","floor":16,"turns":14},{"damage":10,"enemies":"Chosen","floor":18,"turns":6},{"damage":14,"enemies":"Colosseum Slavers","floor":19,"turns":5},{"damage":55,"enemies":"Colosseum Nobs","floor":19,"turns":3}],"seed_played":"5860005666693916749","potions_obtained":[{"floor":3,"key":"Dexterity Potion"},{"floor":4,"key":"Weak Potion"},{"floor":11,"key":"SteroidPotion"},{"floor":13,"key":"GhostInAJar"}],"is_trial":false,"path_per_floor":["M","?","M","M","M","R","M","E","T","?","M","$","M","M","R","B",null,"M"],"character_chosen":"THE_SILENT","items_purchased":["Bag of Preparation"],"campfire_rested":1,"item_purchase_floors":[12],"current_hp_per_floor":[70,70,70,70,70,70,62,45,45,38,38,38,38,38,59,59,70,60,0],"gold":209,"neow_bonus":"ONE_RANDOM_RARE_CARD","is_prod":false,"is_daily":false,"chose_seed":false,"campfire_upgraded":1,"win_rate":0.0,"timestamp":1537635582,"path_taken":["M","?","M","M","?","R","M","E","T","?","M","$","M","?","R","BOSS","M","?"],"build_version":"2018-09-20","purchased_purges":1,"victory":false,"max_hp_per_floor":[70,70,70,70,70,70,70,70,70,70,70,70,70,70,70,70,70,70,70],"card_choices":[{"not_picked":["Bane","Crippling Poison"],"picked":"Noxious Fumes","floor":1},{"not_picked":["Slice","Outmaneuver"],"picked":"Prepared","floor":3},{"not_picked":["Blur","Deadly Poison"],"picked":"Backstab","floor":4},{"not_picked":["Flying Knee","Endless Agony"],"picked":"Deflect","floor":5},{"not_picked":["Underhanded Strike","Skewer"],"picked":"Leg Sweep","floor":7},{"not_picked":["Flying Knee","Wraith Form v2"],"picked":"Dodge and Roll","floor":8},{"not_picked":["Quick Slash","Distraction"],"picked":"Calculated Gamble","floor":11},{"not_picked":["Infinite Blades","Prepared"],"picked":"Backflip","floor":13},{"not_picked":["Bouncing Flask","Dagger Throw"],"picked":"Acrobatics","floor":14},{"not_picked":["Dagger Throw","Flying Knee"],"picked":"Deadly Poison","floor":17},{"not_picked":["Distraction","Prepared"],"picked":"Backflip","floor":17},{"not_picked":["Poisoned Stab","Quick Slash"],"picked":"Venomology","floor":17},{"not_picked":["Underhanded Strike","Deflect"],"picked":"Blur","floor":18}],"player_experience":27657,"relics_obtained":[{"floor":8,"key":"MawBank"},{"floor":9,"key":"Bronze Scales"}],"event_choices":[{"event_name":"Purifier","player_choice":"One Purge","floor":2,"damage_taken":0},{"event_name":"Golden Wing","player_choice":"Card Removal","floor":10,"damage_taken":0},{"event_name":"Colosseum","player_choice":"Fight","floor":19,"damage_taken":0},{"event_name":"Colosseum","player_choice":"Fought Nobs","floor":19,"damage_taken":0}],"is_beta":false,"boss_relics":[{"not_picked":["White Beast Statue","Sozu"],"picked":"Orrery"}],"items_purged_floors":[12],"is_endless":false,"potions_floor_spawned":[3,4,11,13,19],"killed_by":"Colosseum Nobs","ascension_level":0}