{"gold_per_floor":[112,132,144,158,11,11,40,40,40,55,55,66,82,97,97,194,194,208,225,70,81,91,91,102,114,114,114],"floor_reached":27,"playtime":5582,"items_purged":["Strike_R"],"score":223,"play_id":"f1df6ec7-de7e-41d0-bc08-b7a5aa932acd","local_time":"20190210195303","is_ascension_mode":false,"campfire_choices":[{"data":"Corruption","floor":6,"key":"SMITH"},{"data":"Bludgeon","floor":8,"key":"SMITH"},{"data":"Armaments","floor":15,"key":"SMITH"},{"floor":23,"key":"REST"}],"neow_cost":"NONE","seed_source_timestamp":1049472340058900,"circlet_count":0,"master_deck":["Strike_R","Strike_R","Strike_R","Defend_R","Defend_R","Defend_R","Defend_R","Bash","Bludgeon+1","Reckless Charge","Corruption+1","Carnage","Iron Wave","Anger","Flex","Fire Breathing","Headbutt","Shrug It Off","Armaments+1","Offering","Disarm","Inflame","Feel No Pain","Iron Wave","Anger","Clash+1","Rage"],"relics":["Black Blood","Potion Belt","Shuriken","Pear","Toxic Egg 2"],"potions_floor_usage":[10,16,21,22,24],"damage_taken":[{"damage":7,"enemies":"2 Louse","floor":1,"turns":3},{"damage":0,"enemies":"Cultist","floor":2,"turns":2},{"damage":0,"enemies":"Small Slimes","floor":3,"turns":3},{"damage":13,"enemies":"3 Louse","floor":4,"turns":3},{"damage":30,"enemies":"3 Sentries","floor":7,"turns":8},{"damage":10,"enemies":"Exordium Thugs","floor":10,"turns":4},{"damage":0,"enemies":"2 Fungi Beasts","floor":12,"turns":3},{"damage":11,"enemies":"Red Slaver","floor":13,"turns":4},{"damage":7,"enemies":"Blue Slaver","floor":14,"turns":3},{"damage":27,"enemies":"Hexaghost","floor":16,"turns":12},{"damage":37,"enemies":"Shell Parasite","floor":18,"turns":6},{"damage":30,"enemies":"3 Byrds","floor":19,"turns":7},{"damage":27,"enemies":"Snake Plant","floor":21,"turns":5},{"damage":24,"enemies":"3 Cultists","floor":22,"turns":5},{"damage":14,"enemies":"Cultist and Chosen","floor":24,"turns":6},{"damage":20,"enemies":"Centurion and Healer","floor":25,"turns":6},{"damage":27,"enemies":"Snake Plant","floor":27,"turns":3}],"seed_played":"6246646773758363214","potions_obtained":[{"floor":1,"key":"Swift Potion"},{"floor":7,"key":"Dexterity Potion"},{"floor":12,"key":"Ancient Potion"},{"floor":13,"key":"Dexterity Potion"},{"floor":19,"key":"Strength Potion"},{"floor":21,"key":"FearPotion"}],"is_trial":false,"path_per_floor":["M","M","M","M","$","R","E","R","T","M","?","M","M","M","R","B",null,"M","M","$","M","M","R","M","M","T","M"],"character_chosen":"IRONCLAD","items_purchased":["Potion Belt","Feel No Pain"],"campfire_rested":1,"item_purchase_floors":[5,20],"current_hp_per_floor":[79,80,80,73,73,73,49,49,59,55,55,61,56,55,55,34,90,63,43,43,26,12,39,35,25,25,0],"gold":114,"neow_bonus":"TRANSFORM_CARD","is_prod":false,"is_daily":false,"chose_seed":false,"campfire_upgraded":3,"win_rate":0.0,"timestamp":1549824783,"path_taken":["M","M","M","M","$","R","E","R","T","M","?","M","M","?","R","BOSS","M","M","$","M","M","R","M","M","T","M"],"build_version":"2019-01-23","purchased_purges":1,"victory":false,"max_hp_per_floor":[80,80,80,80,80,80,80,80,90,90,90,90,90,90,90,90,90,90,90,90,90,90,90,90,90,90,90],"card_choices":[{"not_picked":["Warcry","Anger"],"picked":"Reckless Charge","floor":1},{"not_picked":["Armaments","True Grit"],"picked":"Corruption","floor":2},{"not_picked":["Headbutt","Dual Wield"],"picked":"Carnage","floor":3},{"not_picked":["Heavy Blade","Anger"],"picked":"Iron Wave","floor":4},{"not_picked":["Iron Wave","Warcry"],"picked":"Anger","floor":7},{"not_picked":["Twin Strike","Combust"],"picked":"Flex","floor":10},{"not_picked":["Searing Blow","Sword Boomerang"],"picked":"Headbutt","floor":12},{"not_picked":["Second Wind","Bludgeon"],"picked":"Shrug It Off","floor":13},{"not_picked":["Anger","Body Slam"],"picked":"Armaments","floor":14},{"not_picked":["Brutality","Dark Embrace"],"picked":"Offering","floor":16},{"not_picked":["Iron Wave","Shrug It Off"],"picked":"Disarm","floor":18},{"not_picked":["Flex","Wild Strike"],"picked":"Inflame","floor":19},{"not_picked":["Corruption+1","Reckless Charge+1"],"picked":"Iron Wave","floor":21},{"not_picked":["Headbutt","Flex"],"picked":"Anger","floor":22},{"not_picked":["True Grit+1","Combust+1"],"picked":"Clash+1","floor":24},{"not_picked":["Sever Soul","Clothesline"],"picked":"Rage","floor":25}],"player_experience":19699,"relics_obtained":[{"floor":7,"key":"Shuriken"},{"floor":9,"key":"Pear"},{"floor":26,"key":"Toxic Egg 2"}],"event_choices":[{"damage_healed":0,"gold_gain":0,"player_choice":"1 cards matched","damage_taken":0,"max_hp_gain":0,"max_hp_loss":0,"event_name":"Match and Keep!","floor":11,"gold_loss":0,"cards_obtained":["Fire Breathing"]}],"is_beta":false,"boss_relics":[{"not_picked":["White Beast Statue","Philosopher\u0027s Stone"],"picked":"Black Blood"}],"items_purged_floors":[20],"is_endless":false,"potions_floor_spawned":[1,7,12,13,19,21],"killed_by":"Snake Plant","ascension_level":0}