{"path_per_floor":["M","M","M","M","$","R","?","R","T","?","$","E","R","M","R","B",null,"M","?","$","M","?","R","M","M","T","?","R","?","R","M","R","B",null,"M","M","?","?","$","R","E","$","T","M","?","?","R","M","R","B"],"character_chosen":"IRONCLAD","items_purchased":["Lantern","Regal Pillow","Cleave"],"gold_per_floor":[112,128,139,157,157,157,223,223,276,276,45,77,77,91,91,191,191,211,301,45,55,55,55,71,84,84,84,84,84,84,104,104,208,208,225,238,238,238,62,62,92,92,92,111,111,0,0,20,20,20],"floor_reached":51,"campfire_rested":3,"playtime":1893,"current_hp_per_floor":[80,80,80,65,65,65,65,65,65,49,49,54,54,54,54,37,80,80,56,56,57,42,82,73,69,69,69,69,69,69,57,57,57,85,78,87,87,76,76,76,16,16,16,24,24,24,65,57,91,49],"items_purged":["Strike_R","Strike_R","Normality"],"gold":20,"score":673,"play_id":"6ba5f6b4-7e2f-4fcc-b4ca-3a72293a6e5f","local_time":"20180322222106","is_prod":false,"is_daily":false,"is_ascension_mode":false,"campfire_upgraded":8,"timestamp":1521728466,"path_taken":["M","M","M","M","$","R","?","R","T","?","$","E","R","M","R","BOSS","M","?","$","M","?","R","M","M","T","?","R","?","R","M","R","BOSS","M","M","?","?","$","R","E","$","T","M","?","?","R","M","R","BOSS"],"build_version":"2018-03-15v3","purchased_purges":3,"victory":true,"master_deck":["Strike_R","Strike_R+1","Strike_R","Defend_R","Defend_R","Defend_R+1","Defend_R","Bash+1","Pommel Strike+1","Rampage+1","Brutality","Limit Break+1","Offering","Jack Of All Trades+1","Pommel Strike+1","Pummel+1","Shrug It Off+1","Spot Weakness+1","Flex+1","Reaper","Thunderclap","Madness+1","Madness","Cleave","Pommel Strike+1","True Grit+1"],"max_hp_per_floor":[80,80,80,80,80,80,80,80,80,80,80,80,80,80,80,80,80,80,80,80,80,85,85,85,85,85,85,85,85,85,85,85,85,85,85,87,87,87,87,87,87,87,87,89,89,89,89,91,91,91],"relics":["Burning Blood","Orichalcum","Juzu Bracelet","Lantern","Toolbox","Sozu","Regal Pillow","Ice Cream","Calling Bell","Singing Bowl","Prayer Wheel","Frozen Egg 2","Gremlin Horn","Shovel","Red Mask"],"card_choices":[{"not_picked":["True Grit","Heavy Blade"],"picked":"Pommel Strike"},{"not_picked":["Anger","Clothesline"],"picked":"Rampage"},{"not_picked":["Entrench","Body Slam"],"picked":"Brutality"},{"not_picked":["Wild Strike","Pummel"],"picked":"Limit Break"},{"not_picked":["Dark Embrace","Brutality"],"picked":"Offering"},{"not_picked":["Entrench","Shockwave"],"picked":"Pommel Strike"},{"not_picked":["Infernal Blade","Dual Wield"],"picked":"Pummel"},{"not_picked":["Whirlwind","Metallicize"],"picked":"Shrug It Off"},{"not_picked":["Pommel Strike","Dual Wield"],"picked":"Flex"},{"not_picked":["Berserk","Barricade"],"picked":"Reaper"},{"not_picked":["Anger","Brutality"],"picked":"Thunderclap"},{"not_picked":["Brutality","Anger"],"picked":"Pommel Strike"},{"not_picked":["Infernal Blade","Heavy Blade"],"picked":"True Grit"}],"player_experience":360996,"potions_floor_usage":[48,50,50],"damage_taken":[{"damage":6,"enemies":"2 Louse","floor":1,"turns":3},{"damage":1,"enemies":"Jaw Worm","floor":2,"turns":3},{"damage":4,"enemies":"Small Slimes","floor":3,"turns":4},{"damage":21,"enemies":"Exordium Thugs","floor":4,"turns":5},{"damage":1,"enemies":"Gremlin Nob","floor":12,"turns":3},{"damage":6,"enemies":"Red Slaver","floor":14,"turns":3},{"damage":23,"enemies":"Slime Boss","floor":16,"turns":7},{"damage":5,"enemies":"Chosen","floor":18,"turns":3},{"damage":5,"enemies":"2 Thieves","floor":21,"turns":3},{"damage":15,"enemies":"Slaver and Parasite","floor":24,"turns":4},{"damage":10,"enemies":"Centurion and Healer","floor":25,"turns":3},{"damage":18,"enemies":"Snake Plant","floor":31,"turns":2},{"damage":6,"enemies":"Automaton","floor":33,"turns":3},{"damage":13,"enemies":"3 Shapes","floor":35,"turns":2},{"damage":19,"enemies":"3 Darklings","floor":36,"turns":5},{"damage":66,"enemies":"Nemesis","floor":41,"turns":7},{"damage":0,"enemies":"Sphere and 2 Shapes","floor":44,"turns":2},{"damage":34,"enemies":"Maw","floor":48,"turns":6},{"damage":48,"enemies":"Donu and Deca","floor":50,"turns":4}],"event_choices":[{"event_name":"Golden Wing","player_choice":"Gained Gold","floor":7,"damage_taken":0},{"event_name":"Shining Light","player_choice":"Entered Light","floor":10,"damage_taken":0},{"event_name":"Knowing Skull","player_choice":"CARD GOLD ","floor":19,"damage_taken":0},{"event_name":"Forgotten Altar","player_choice":"Shed Blood","floor":22,"damage_taken":0},{"event_name":"The Woman in Blue","player_choice":"Bought 0 Potions","floor":27,"damage_taken":0},{"event_name":"The Library","player_choice":"Read","floor":29,"damage_taken":0},{"event_name":"Mysterious Sphere","player_choice":"Ignore","floor":37,"damage_taken":0},{"event_name":"Winding Halls","player_choice":"Embrace Madness","floor":38,"damage_taken":0},{"event_name":"Fountain of Cleansing","player_choice":"Removed Curse","floor":45,"damage_taken":0},{"event_name":"Tomb of Lord Red Mask","player_choice":"Paid","floor":46,"damage_taken":0}],"boss_relics":[{"not_picked":["Snecko Eye","Cursed Key"],"picked":"Sozu"},{"not_picked":["Black Blood","White Beast Statue"],"picked":"Calling Bell"}],"potions_floor_spawned":[2,12,14,18,21,31,35,48],"seed_played":"1111006476822512340","ascension_level":0,"is_trial":false}