{"gold_per_floor":[119,131,143,218,218,218,251,262,288,314,338,350,382,410,422,529,541,565,577,606,637,649],"floor_reached":22,"playtime":1065,"items_purged":[],"score":220,"play_id":"d237aedf-e61e-4ee4-8da8-31395551c613","local_time":"20181116205157","is_ascension_mode":true,"campfire_choices":[{"data":"Neutralize","floor":6,"key":"SMITH"},{"floor":12,"key":"REST"},{"floor":15,"key":"REST"}],"neow_cost":"NONE","seed_source_timestamp":136363848034900,"circlet_count":0,"master_deck":["Defend_G","Defend_G","Defend_G","Defend_G","Defend_G","Strike_G","Strike_G","Strike_G","Strike_G","Strike_G","Survivor","Neutralize+1","Cloak And Dagger","Dagger Spray","Infinite Blades","Accuracy","After Image","Quick Slash+1"],"relics":["White Beast Statue","PreservedInsect","Bag of Marbles","MawBank","Black Star"],"potions_floor_usage":[7,8,10,10,11,14,16,16,21],"damage_taken":[{"damage":1,"enemies":"Small Slimes","floor":1,"turns":4},{"damage":0,"enemies":"2 Louse","floor":2,"turns":4},{"damage":0,"enemies":"Jaw Worm","floor":3,"turns":4},{"damage":16,"enemies":"Gremlin Nob","floor":7,"turns":4},{"damage":8,"enemies":"Lots of Slimes","floor":8,"turns":2},{"damage":9,"enemies":"3 Sentries","floor":10,"turns":5},{"damage":21,"enemies":"3 Louse","floor":11,"turns":3},{"damage":8,"enemies":"Large Slime","floor":13,"turns":6},{"damage":7,"enemies":"Looter","floor":14,"turns":4},{"damage":35,"enemies":"Hexaghost","floor":16,"turns":16},{"damage":30,"enemies":"Spheric Guardian","floor":18,"turns":8},{"damage":11,"enemies":"Shell Parasite","floor":20,"turns":9},{"damage":12,"enemies":"Shelled Parasite and Fungi","floor":21,"turns":10},{"damage":25,"enemies":"3 Cultists","floor":22,"turns":3}],"seed_played":"-9220951139462781735","potions_obtained":[{"floor":1,"key":"Weak Potion"},{"floor":2,"key":"Poison Potion"},{"floor":3,"key":"AttackPotion"},{"floor":7,"key":"LiquidBronze"},{"floor":8,"key":"Swift Potion"},{"floor":10,"key":"Swift Potion"},{"floor":11,"key":"GamblersBrew"},{"floor":13,"key":"Fruit Juice"},{"floor":14,"key":"Dexterity Potion"},{"floor":16,"key":"Explosive Potion"},{"floor":18,"key":"Swift Potion"},{"floor":20,"key":"Dexterity Potion"},{"floor":21,"key":"SpeedPotion"}],"is_trial":false,"path_per_floor":["M","M","M","?","?","R","E","M","T","E","M","R","M","M","R","B",null,"M","?","M","M","M"],"character_chosen":"THE_SILENT","items_purchased":[],"campfire_rested":2,"item_purchase_floors":[],"current_hp_per_floor":[69,69,69,58,58,58,42,34,34,25,4,25,17,15,37,2,75,45,45,34,22,0],"gold":649,"neow_bonus":"BOSS_RELIC","is_prod":false,"is_daily":false,"chose_seed":false,"campfire_upgraded":1,"win_rate":0,"timestamp":1542397917,"path_taken":["M","M","M","?","?","R","E","M","T","E","M","R","M","M","R","BOSS","M","?","M","?","?"],"build_version":"2018-11-15","purchased_purges":0,"victory":false,"max_hp_per_floor":[70,70,70,70,70,70,70,70,70,70,70,70,70,75,75,75,75,75,75,75,75,75],"card_choices":[{"not_picked":["Dagger Throw","Infinite Blades"],"picked":"Cloak And Dagger","floor":1},{"not_picked":["Riddle With Holes","Bouncing Flask","Acrobatics"],"picked":"SKIP","floor":2},{"not_picked":["Underhanded Strike","Flying Knee"],"picked":"Dagger Spray","floor":3},{"not_picked":["Deadly Poison","Bane","Venomology"],"picked":"SKIP","floor":7},{"not_picked":["Underhanded Strike","Outmaneuver"],"picked":"Infinite Blades","floor":8},{"not_picked":["Dagger Spray","Doppelganger","Dodge and Roll"],"picked":"SKIP","floor":10},{"not_picked":["Outmaneuver","Deadly Poison"],"picked":"Accuracy","floor":11},{"not_picked":["Poisoned Stab","Flying Knee","Sucker Punch"],"picked":"SKIP","floor":13},{"not_picked":["Masterful Stab","Dash","Underhanded Strike"],"picked":"SKIP","floor":14},{"not_picked":["Bullet Time","Glass Knife"],"picked":"After Image","floor":16},{"not_picked":["Bane+1","Heel Hook+1"],"picked":"Quick Slash+1","floor":18},{"not_picked":["Quick Slash","PiercingWail","Deadly Poison+1"],"picked":"SKIP","floor":20},{"not_picked":["Acrobatics","Finisher","Poisoned Stab"],"picked":"SKIP","floor":21}],"player_experience":204167,"relics_obtained":[{"floor":7,"key":"PreservedInsect"},{"floor":9,"key":"Bag of Marbles"},{"floor":10,"key":"MawBank"}],"event_choices":[{"damage_healed":0,"gold_gain":75,"player_choice":"Gather Gold","damage_taken":11,"max_hp_gain":0,"max_hp_loss":0,"event_name":"World of Goop","floor":4,"gold_loss":0},{"damage_healed":0,"gold_gain":0,"player_choice":"Ignored","damage_taken":0,"max_hp_gain":0,"max_hp_loss":0,"event_name":"Liars Game","floor":5,"gold_loss":0},{"damage_healed":0,"gold_gain":0,"player_choice":"Bought 0 Potions","damage_taken":0,"max_hp_gain":0,"max_hp_loss":0,"event_name":"The Woman in Blue","floor":19,"gold_loss":0}],"is_beta":false,"boss_relics":[{"not_picked":["Astrolabe","Orrery"],"picked":"Black Star"}],"items_purged_floors":[],"is_endless":false,"potions_floor_spawned":[1,2,3,7,8,10,11,13,14,16,18,20,21],"killed_by":"3 Cultists","ascension_level":2}