{"gold_per_floor":[110,125,300,300,314,314,347,364,391,391,418,7,19,19,19,19],"floor_reached":16,"playtime":557,"items_purged":[],"score":182,"play_id":"a2f60f4a-8042-4593-8fc7-d7bf28c933cb","local_time":"20190213154710","is_ascension_mode":true,"campfire_choices":[{"data":"Dagger Spray","floor":6,"key":"SMITH"},{"floor":10,"key":"REST"},{"floor":15,"key":"REST"}],"neow_cost":"NONE","seed_source_timestamp":12689375228000,"circlet_count":0,"master_deck":["AscendersBane","Defend_G","Defend_G","Defend_G","Defend_G","Defend_G","Strike_G","Strike_G","Strike_G","Strike_G","Strike_G","Survivor","Neutralize","Sucker Punch","Dagger Spray+1","Sucker Punch","Quick Slash","Predator","Blade Dance","Blade Dance"],"relics":["Ring of the Snake","Dream Catcher","Vajra","Bag of Preparation","Membership Card","Frozen Egg 2","Boot"],"potions_floor_usage":[5],"damage_taken":[{"damage":2,"enemies":"2 Louse","floor":1,"turns":4},{"damage":4,"enemies":"Small Slimes","floor":2,"turns":4},{"damage":0,"enemies":"Cultist","floor":5,"turns":4},{"damage":59,"enemies":"Lagavulin","floor":7,"turns":11},{"damage":0,"enemies":"2 Fungi Beasts","floor":8,"turns":3},{"damage":20,"enemies":"Gremlin Nob","floor":11,"turns":4},{"damage":1,"enemies":"Red Slaver","floor":13,"turns":4},{"damage":39,"enemies":"The Guardian","floor":16,"turns":9}],"seed_played":"4537420770526028096","potions_obtained":[{"floor":1,"key":"SteroidPotion"},{"floor":2,"key":"EssenceOfSteel"},{"floor":8,"key":"Explosive Potion"}],"is_trial":false,"path_per_floor":["M","M","?","?","M","R","E","M","T","R","E","$","M","?","R","B"],"character_chosen":"THE_SILENT","items_purchased":["Membership Card","Frozen Egg 2","Boot"],"campfire_rested":2,"item_purchase_floors":[12,12,12],"current_hp_per_floor":[68,64,64,69,69,69,10,10,10,34,14,14,13,13,37,0],"gold":19,"neow_bonus":"TEN_PERCENT_HP_BONUS","is_prod":false,"is_daily":false,"chose_seed":false,"campfire_upgraded":1,"win_rate":0,"timestamp":1550069230,"path_taken":["M","M","?","?","M","R","E","M","T","R","E","$","M","?","R","BOSS"],"build_version":"2019-01-23","purchased_purges":0,"victory":false,"max_hp_per_floor":[77,77,77,82,82,82,82,82,82,82,82,82,82,82,82,82],"card_choices":[{"not_picked":["Masterful Stab","Slice"],"picked":"Sucker Punch","floor":1},{"not_picked":["Acrobatics","PiercingWail"],"picked":"Dagger Spray","floor":2},{"not_picked":["Reflex","Outmaneuver"],"picked":"Sucker Punch","floor":5},{"not_picked":["Prepared","PiercingWail"],"picked":"Quick Slash","floor":7},{"not_picked":["Acrobatics","Distraction","Bane"],"picked":"SKIP","floor":8},{"not_picked":["Acrobatics","Escape Plan"],"picked":"Predator","floor":10},{"not_picked":["PiercingWail","Prepared","Setup"],"picked":"SKIP","floor":11},{"not_picked":["Underhanded Strike","Wraith Form v2+1"],"picked":"Blade Dance","floor":13},{"not_picked":["Flying Knee","Flechettes"],"picked":"Blade Dance","floor":15}],"player_experience":484844,"relics_obtained":[{"floor":7,"key":"Dream Catcher"},{"floor":9,"key":"Vajra"},{"floor":11,"key":"Bag of Preparation"}],"event_choices":[{"damage_healed":0,"gold_gain":175,"player_choice":"AGREE","damage_taken":0,"max_hp_gain":0,"max_hp_loss":0,"event_name":"Liars Game","floor":3,"gold_loss":0,"cards_obtained":["Doubt"]},{"damage_healed":0,"gold_gain":0,"player_choice":"Donut","damage_taken":0,"max_hp_gain":5,"max_hp_loss":0,"event_name":"Big Fish","floor":4,"gold_loss":0},{"cards_removed":["Doubt"],"damage_healed":0,"gold_gain":0,"player_choice":"Purged","damage_taken":0,"max_hp_gain":0,"max_hp_loss":0,"event_name":"Purifier","floor":14,"gold_loss":0}],"is_beta":false,"boss_relics":[],"items_purged_floors":[],"is_endless":false,"potions_floor_spawned":[1,2,8],"killed_by":"The Guardian","ascension_level":13}