{"gold_per_floor":[111,122,71,81,181,181,215,228,280,295,295,314,328,328,328,426,426,439,453,80,97,97,97,130,130,179,179,214,214,214,232,232,333,333,353,373,105,105,38,38,48,48,48,0,0],"floor_reached":45,"playtime":10858,"items_purged":["Strike_G","Defend_G"],"score":623,"play_id":"aff8350c-2008-4eec-b38d-28ea660570f0","local_time":"20190421233750","is_ascension_mode":true,"campfire_choices":[{"data":"Neutralize","floor":6,"key":"SMITH"},{"floor":11,"key":"REST"},{"floor":15,"key":"REST"},{"floor":23,"key":"REST"},{"data":"RitualDagger","floor":29,"key":"SMITH"},{"floor":32,"key":"REST"},{"floor":40,"key":"REST"},{"floor":42,"key":"REST"}],"neow_cost":"NONE","seed_source_timestamp":36708585130600,"circlet_count":0,"master_deck":["Defend_G+1","Defend_G","Defend_G","Defend_G","Strike_G","Survivor","Neutralize+1","Backflip","Flechettes","Deadly Poison","Well Laid Plans","Blade Dance","Blur","Footwork+1","Cloak And Dagger","Skewer","Die Die Die","Cloak And Dagger+1","Deadly Poison+1","Cloak And Dagger+1","RitualDagger+1","Noxious Fumes","Venomology+1","Sucker Punch+1","Envenom","Caltrops+1","Phantasmal Killer+1","Quick Slash+1","Caltrops+1","Riddle With Holes+1","Blind+1","Accuracy","Purity+1","Infinite Blades","Dodge and Roll+1"],"relics":["Philosopher\u0027s Stone","Matryoshka","Potion Belt","Vajra","WristBlade","Toxic Egg 2","Omamori","MutagenicStrength","Snake Skull","Orichalcum","Strawberry","Dodecahedron","Astrolabe","Bottled Tornado","Red Mask"],"potions_floor_usage":[7,10,16,24,31,31,33,33,41,41],"damage_taken":[{"damage":7,"enemies":"2 Louse","floor":1,"turns":3},{"damage":0,"enemies":"Cultist","floor":2,"turns":4},{"damage":0,"enemies":"Jaw Worm","floor":4,"turns":3},{"damage":10,"enemies":"Lagavulin","floor":7,"turns":8},{"damage":4,"enemies":"Large Slime","floor":8,"turns":5},{"damage":10,"enemies":"Exordium Thugs","floor":10,"turns":4},{"damage":18,"enemies":"Exordium Wildlife","floor":12,"turns":4},{"damage":0,"enemies":"Blue Slaver","floor":13,"turns":3},{"damage":14,"enemies":"Slime Boss","floor":16,"turns":9},{"damage":21,"enemies":"3 Byrds","floor":18,"turns":6},{"damage":2,"enemies":"Chosen","floor":19,"turns":4},{"damage":5,"enemies":"Centurion and Healer","floor":21,"turns":6},{"damage":26,"enemies":"Book of Stabbing","floor":24,"turns":6},{"damage":0,"enemies":"Gremlin Leader","floor":28,"turns":6},{"damage":3,"enemies":"Snecko","floor":31,"turns":3},{"damage":45,"enemies":"Champ","floor":33,"turns":10},{"damage":15,"enemies":"3 Shapes","floor":35,"turns":3},{"damage":33,"enemies":"3 Darklings","floor":36,"turns":5},{"damage":27,"enemies":"Jaw Worm Horde","floor":41,"turns":4},{"damage":49,"enemies":"Reptomancer","floor":45,"turns":2}],"seed_played":"2175698416477770887","potions_obtained":[{"floor":2,"key":"Energy Potion"},{"floor":8,"key":"Explosive Potion"},{"floor":12,"key":"Weak Potion"},{"floor":13,"key":"AttackPotion"},{"floor":21,"key":"SkillPotion"},{"floor":24,"key":"AttackPotion"},{"floor":28,"key":"PowerPotion"},{"floor":36,"key":"Fruit Juice"},{"floor":41,"key":"FearPotion"}],"is_trial":false,"path_per_floor":["M","M","$","M","?","R","E","M","T","M","R","M","M","?","R","B",null,"M","M","$","M","?","R","E","?","T","?","E","R","?","M","R","B",null,"M","M","$","?","$","R","M","R","T","?","E"],"character_chosen":"THE_SILENT","items_purchased":["Deadly Poison","Toxic Egg 2","Deadly Poison+1","Blind+1","Accuracy","Infinite Blades"],"campfire_rested":6,"item_purchase_floors":[3,20,20,37,37,39],"current_hp_per_floor":[63,63,63,63,63,63,53,49,49,39,60,42,42,28,49,35,61,40,38,38,33,27,48,22,22,22,22,29,29,29,26,49,4,59,44,11,11,11,11,34,12,36,36,36,0],"gold":0,"neow_bonus":"BOSS_RELIC","is_prod":false,"is_daily":false,"chose_seed":false,"campfire_upgraded":2,"win_rate":0,"timestamp":1555882670,"path_taken":["M","M","$","M","?","R","E","M","T","M","R","?","?","?","R","BOSS","M","M","$","M","?","R","E","?","T","?","E","R","?","?","R","BOSS","M","M","$","?","$","R","M","R","T","?","E"],"build_version":"2019-01-23","purchased_purges":2,"victory":false,"max_hp_per_floor":[70,70,70,70,70,70,70,70,70,70,70,70,70,70,70,70,70,70,70,70,70,70,70,70,70,70,70,77,77,77,77,77,77,77,77,77,77,77,77,77,82,82,82,82,82],"card_choices":[{"not_picked":["Blade Dance","Predator"],"picked":"Backflip","floor":1},{"not_picked":["Expertise","Setup"],"picked":"Flechettes","floor":2},{"not_picked":["Choke","Bouncing Flask"],"picked":"Well Laid Plans","floor":4},{"not_picked":["Masterful Stab","Quick Slash"],"picked":"Blade Dance","floor":7},{"not_picked":["Deadly Poison","Predator"],"picked":"Blur","floor":8},{"not_picked":["Masterful Stab","Bouncing Flask"],"picked":"Footwork","floor":10},{"not_picked":["Backflip","Deadly Poison"],"picked":"Cloak And Dagger","floor":12},{"not_picked":["Underhanded Strike","Deflect"],"picked":"Skewer","floor":13},{"not_picked":["Glass Knife","Grand Finale"],"picked":"Die Die Die","floor":16},{"not_picked":["Blade Dance","Backflip"],"picked":"Cloak And Dagger+1","floor":18},{"not_picked":["Quick Slash","Acrobatics","Distraction"],"picked":"SKIP","floor":19},{"not_picked":["Concentrate+1","Bane+1"],"picked":"Cloak And Dagger+1","floor":21},{"not_picked":["Sucker Punch","Dagger Throw+1"],"picked":"Noxious Fumes","floor":24},{"not_picked":["Sucker Punch","Quick Slash"],"picked":"Venomology+1","floor":28},{"not_picked":["Underhanded Strike","Dagger Throw"],"picked":"Sucker Punch+1","floor":31},{"not_picked":["Phantasmal Killer+1","Wraith Form v2"],"picked":"Envenom","floor":33},{"not_picked":["All Out Attack+1","Backflip+1"],"picked":"Caltrops+1","floor":35},{"not_picked":["Skewer+1","Endless Agony+1"],"picked":"Riddle With Holes+1","floor":36},{"not_picked":["Mind Blast","Deep Breath+1"],"picked":"Purity+1","floor":38},{"not_picked":["Infinite Blades+1","Blade Dance+1"],"picked":"Dodge and Roll+1","floor":41}],"player_experience":669512,"relics_obtained":[{"floor":7,"key":"Matryoshka"},{"floor":9,"key":"Potion Belt"},{"floor":9,"key":"Vajra"},{"floor":24,"key":"Omamori"},{"floor":26,"key":"Snake Skull"},{"floor":26,"key":"Orichalcum"},{"floor":28,"key":"Strawberry"},{"floor":43,"key":"Bottled Tornado"}],"event_choices":[{"damage_healed":0,"gold_gain":100,"player_choice":"Pray","damage_taken":0,"max_hp_gain":0,"max_hp_loss":0,"event_name":"Golden Shrine","floor":5,"gold_loss":0},{"damage_healed":0,"gold_gain":0,"player_choice":"Entered Light","damage_taken":14,"max_hp_gain":0,"max_hp_loss":0,"event_name":"Shining Light","floor":14,"gold_loss":0,"cards_upgraded":["Defend_G","Footwork"]},{"damage_healed":0,"gold_gain":0,"player_choice":"Joined the Cult","damage_taken":6,"max_hp_gain":0,"max_hp_loss":0,"event_name":"Nest","floor":22,"gold_loss":0,"cards_obtained":["RitualDagger"]},{"damage_healed":0,"gold_gain":0,"player_choice":"Inject Mutagens","damage_taken":0,"relics_obtained":["MutagenicStrength"],"max_hp_gain":0,"max_hp_loss":0,"event_name":"Drug Dealer","floor":25,"gold_loss":0},{"damage_healed":0,"gold_gain":0,"player_choice":"Smashed Altar","damage_taken":0,"max_hp_gain":0,"max_hp_loss":0,"event_name":"Forgotten Altar","floor":27,"gold_loss":0,"cards_obtained":["Decay"]},{"damage_healed":0,"gold_gain":0,"player_choice":"Opened","damage_taken":0,"relics_obtained":["Dodecahedron"],"max_hp_gain":0,"max_hp_loss":0,"event_name":"The Mausoleum","floor":30,"gold_loss":0},{"damage_healed":0,"gold_gain":0,"player_choice":"Memory 1","damage_taken":0,"max_hp_gain":0,"max_hp_loss":0,"event_name":"SensoryStone","floor":38,"gold_loss":0},{"damage_healed":0,"gold_gain":0,"player_choice":"Paid","damage_taken":0,"relics_obtained":["Red Mask"],"max_hp_gain":0,"max_hp_loss":0,"event_name":"Tomb of Lord Red Mask","floor":44,"gold_loss":48}],"is_beta":false,"boss_relics":[{"not_picked":["Coffee Dripper","Calling Bell"],"picked":"WristBlade"},{"not_picked":["Orrery","Busted Crown"],"picked":"Astrolabe"}],"items_purged_floors":[20,37],"is_endless":false,"potions_floor_spawned":[2,8,12,13,21,24,28,36,41],"killed_by":"Reptomancer","ascension_level":5}