{"path_per_floor":["M","M","?","M","M","R","E","M","T","?","?","M","$","M","R","B",null,"M","?","?","M","$","R","?","R","T","M","M","$","R","M","R","B",null,"M","M","$","M","?","R"],"character_chosen":"IRONCLAD","items_purchased":["Toxic Egg 2","Inflame","Vajra"],"gold_per_floor":[117,137,87,103,116,116,142,159,185,210,310,322,63,76,76,180,180,198,113,13,25,25,25,225,225,225,236,249,139,139,157,157,260,260,273,288,32,42,42,42],"floor_reached":41,"campfire_rested":3,"playtime":2111,"current_hp_per_floor":[78,79,79,80,80,80,57,48,48,46,46,50,50,53,53,26,80,78,78,78,56,56,56,56,56,56,38,33,33,57,34,58,46,80,63,63,63,34,34,58],"items_purged":["Strike_R","Defend_R"],"gold":42,"score":395,"play_id":"c7b19461-6138-4907-ac3f-216322bf5218","local_time":"20180316224153","is_prod":false,"is_daily":false,"is_ascension_mode":false,"campfire_upgraded":4,"timestamp":1521211313,"path_taken":["M","M","?","M","M","R","E","?","T","?","?","M","$","M","R","BOSS","M","?","?","M","$","R","?","R","T","M","?","$","R","M","R","BOSS","M","M","$","M","?","R","M"],"build_version":"2018-03-15","purchased_purges":2,"victory":false,"master_deck":["Strike_R","Strike_R","Strike_R","Defend_R","Defend_R","Defend_R","Bash+1","Headbutt","True Grit+1","Brutality+1","Headbutt","Armaments+1","Spot Weakness","Whirlwind","Exhume+1","Battle Trance+1","J.A.X.+1","Sword Boomerang","Sentinel+1","Pommel Strike","Inflame","Cleave+1","Demon Form","True Grit+1","Rupture","Bloodletting+1"],"max_hp_per_floor":[80,80,80,80,80,80,80,80,80,80,80,80,80,80,80,80,80,80,80,80,80,80,80,80,80,80,80,80,80,80,80,80,80,80,80,80,80,80,80,80],"relics":["Burning Blood","Peace Pipe","Bronze Scales","Odd Mushroom","Toxic Egg 2","Question Card","Gambling Chip","Red Skull","Mark of Pain","Vajra"],"card_choices":[{"not_picked":["Searing Blow","Thunderclap"],"picked":"Headbutt"},{"not_picked":["Clothesline","Shockwave"],"picked":"True Grit"},{"not_picked":["Spot Weakness","True Grit"],"picked":"Brutality"},{"not_picked":["Iron Wave","Shrug It Off"],"picked":"Headbutt"},{"not_picked":["Clash","Cleave"],"picked":"Armaments"},{"not_picked":["Clothesline","Bludgeon"],"picked":"Spot Weakness"},{"not_picked":["Reckless Charge","Clash"],"picked":"Whirlwind"},{"not_picked":["Brutality","Barricade"],"picked":"Exhume"},{"not_picked":["Flex","Anger","Carnage"],"picked":"Battle Trance"},{"not_picked":["Anger","Disarm","Body Slam"],"picked":"Sword Boomerang"},{"not_picked":["Bloodletting","Disarm","Wild Strike"],"picked":"Sentinel"},{"not_picked":["Havoc","Armaments","Second Wind"],"picked":"Pommel Strike"},{"not_picked":["Immolate","Body Slam","Carnage"],"picked":"Cleave"},{"not_picked":["Barricade","Dark Embrace","Impervious"],"picked":"Demon Form"},{"not_picked":["Carnage","Burning Pact","Feel No Pain"],"picked":"True Grit"},{"not_picked":["Warcry","Spot Weakness","Cleave"],"picked":"Rupture"},{"not_picked":["Sword Boomerang","Thunderclap","Burning Pact"],"picked":"Bloodletting"}],"player_experience":310250,"potions_floor_usage":[7,10,14,16,31,31,33,33,36],"damage_taken":[{"damage":8,"enemies":"Jaw Worm","floor":1,"turns":5},{"damage":5,"enemies":"Small Slimes","floor":2,"turns":3},{"damage":3,"enemies":"Cultist","floor":4,"turns":4},{"damage":4,"enemies":"Exordium Wildlife","floor":5,"turns":5},{"damage":35,"enemies":"Lagavulin","floor":7,"turns":5},{"damage":15,"enemies":"Large Slime","floor":8,"turns":6},{"damage":8,"enemies":"The Mushroom Lair","floor":10,"turns":3},{"damage":2,"enemies":"3 Louse","floor":12,"turns":3},{"damage":3,"enemies":"2 Fungi Beasts","floor":14,"turns":3},{"damage":48,"enemies":"The Guardian","floor":16,"turns":15},{"damage":8,"enemies":"3 Byrds","floor":18,"turns":5},{"damage":28,"enemies":"Spheric Guardian","floor":21,"turns":6},{"damage":24,"enemies":"3 Cultists","floor":27,"turns":5},{"damage":11,"enemies":"Snecko","floor":28,"turns":3},{"damage":29,"enemies":"Slaver and Parasite","floor":31,"turns":4},{"damage":18,"enemies":"Collector","floor":33,"turns":5},{"damage":23,"enemies":"Orb Walker","floor":35,"turns":3},{"damage":6,"enemies":"3 Shapes","floor":36,"turns":4},{"damage":35,"enemies":"3 Darklings","floor":38,"turns":5},{"damage":78,"enemies":"4 Shapes","floor":41,"turns":4}],"event_choices":[{"event_name":"The Cleric","player_choice":"Card Removal","floor":3,"damage_taken":0},{"event_name":"Mushrooms","player_choice":"Fought Mushrooms","floor":10,"damage_taken":0},{"event_name":"Golden Shrine","player_choice":"Pray","floor":11,"damage_taken":0},{"event_name":"Addict","player_choice":"Obtained Relic","floor":19,"damage_taken":0},{"event_name":"Drug Dealer","player_choice":"Got JAXXED","floor":20,"damage_taken":0},{"event_name":"Wheel of Change","player_choice":"Gold","floor":24,"damage_taken":0},{"event_name":"The Moai Head","player_choice":"Ignored","floor":39,"damage_taken":0}],"boss_relics":[{"not_picked":["Black Blood","Runic Dome"],"picked":"Question Card"},{"not_picked":["Astrolabe","Lizard Tail"],"picked":"Mark of Pain"}],"potions_floor_spawned":[1,10,14,16,21,28,31,35],"seed_played":"-4104498536362954785","killed_by":"4 Shapes","ascension_level":0,"is_trial":false}