{"gold_per_floor":[117,132,152,182,55,55,130,130,130,144,159,174,174,192,192,294,294,276,276,276,294,306,306,306],"floor_reached":24,"playtime":1143,"items_purged":["Strike_G"],"score":190,"play_id":"068e10f6-4761-42d6-b712-08e6ace66ec4","local_time":"20190303195441","is_ascension_mode":false,"campfire_choices":[{"data":"Neutralize","floor":6,"key":"SMITH"},{"data":"Catalyst","floor":8,"key":"SMITH"},{"data":"Burst","floor":15,"key":"SMITH"},{"data":"Deadly Poison","floor":23,"key":"SMITH"}],"neow_cost":"NONE","seed_source_timestamp":709519679648617,"circlet_count":0,"master_deck":["Defend_G","Defend_G","Defend_G","Defend_G","Defend_G","Strike_G","Strike_G","Strike_G","Strike_G","Survivor","Neutralize+1","Deadly Poison+1","Catalyst+1","Dagger Throw","Bane","Calculated Gamble","Concentrate","PiercingWail","Burst+1","Doppelganger","Well Laid Plans","Dodge and Roll+1","Leg Sweep+1","Bane"],"relics":["Ring of the Snake","NeowsBlessing","Tiny Chest","Boot","Pear","Velvet Choker","Toxic Egg 2"],"potions_floor_usage":[11,16],"damage_taken":[{"damage":0,"enemies":"Small Slimes","floor":1,"turns":1},{"damage":0,"enemies":"Cultist","floor":2,"turns":1},{"damage":0,"enemies":"2 Louse","floor":3,"turns":1},{"damage":2,"enemies":"Looter","floor":10,"turns":3},{"damage":7,"enemies":"Exordium Thugs","floor":11,"turns":4},{"damage":5,"enemies":"Red Slaver","floor":12,"turns":3},{"damage":10,"enemies":"Large Slime","floor":14,"turns":8},{"damage":18,"enemies":"Hexaghost","floor":16,"turns":6},{"damage":7,"enemies":"2 Thieves","floor":18,"turns":4},{"damage":22,"enemies":"Spheric Guardian","floor":21,"turns":7},{"damage":21,"enemies":"Snake Plant","floor":22,"turns":7},{"damage":30,"enemies":"Gremlin Leader","floor":24,"turns":5}],"seed_played":"-2258928154004287643","potions_obtained":[{"floor":1,"key":"Energy Potion"},{"floor":2,"key":"SkillPotion"},{"floor":11,"key":"Swift Potion"},{"floor":21,"key":"Ancient Potion"}],"is_trial":false,"path_per_floor":["M","M","M","?","$","R","?","R","T","M","M","M","?","M","R","B",null,"M","T","?","M","M","R","E"],"character_chosen":"THE_SILENT","items_purchased":["Bane"],"campfire_rested":0,"item_purchase_floors":[5],"current_hp_per_floor":[70,70,70,52,52,52,41,41,41,39,32,27,37,27,27,9,80,73,73,73,51,30,30,0],"gold":306,"neow_bonus":"THREE_ENEMY_KILL","is_prod":false,"is_daily":false,"chose_seed":false,"campfire_upgraded":4,"win_rate":0,"timestamp":1551614081,"path_taken":["M","M","M","?","$","R","?","R","T","M","M","M","?","M","R","BOSS","M","?","?","M","M","R","E"],"build_version":"2019-01-23","purchased_purges":1,"victory":false,"max_hp_per_floor":[70,70,70,70,70,70,70,70,70,70,70,70,80,80,80,80,80,80,80,80,80,80,80,80],"card_choices":[{"not_picked":["Terror","Deflect"],"picked":"Deadly Poison","floor":1},{"not_picked":["Dagger Spray","Sucker Punch"],"picked":"Catalyst","floor":2},{"not_picked":["Acrobatics","Setup"],"picked":"Dagger Throw","floor":3},{"not_picked":["Quick Slash","Deflect"],"picked":"Calculated Gamble","floor":10},{"not_picked":["Leg Sweep","Outmaneuver"],"picked":"Concentrate","floor":11},{"not_picked":["Poisoned Stab","Prepared"],"picked":"PiercingWail","floor":12},{"not_picked":["Accuracy","Blade Dance"],"picked":"Burst","floor":14},{"not_picked":["Die Die Die","Malaise"],"picked":"Doppelganger","floor":16},{"not_picked":["Quick Slash+1","Cloak And Dagger"],"picked":"Well Laid Plans","floor":18},{"not_picked":["Quick Slash","Predator"],"picked":"Leg Sweep+1","floor":21},{"not_picked":["Underhanded Strike","Reflex+1"],"picked":"Bane","floor":22}],"player_experience":736607,"relics_obtained":[{"floor":9,"key":"Boot"},{"floor":19,"key":"Toxic Egg 2"}],"event_choices":[{"damage_healed":0,"gold_gain":0,"player_choice":"Success","damage_taken":18,"relics_obtained":["Tiny Chest"],"max_hp_gain":0,"max_hp_loss":0,"event_name":"Scrap Ooze","floor":4,"gold_loss":0},{"damage_healed":0,"gold_gain":75,"player_choice":"Gather Gold","damage_taken":11,"max_hp_gain":0,"max_hp_loss":0,"event_name":"World of Goop","floor":7,"gold_loss":0},{"damage_healed":0,"gold_gain":0,"player_choice":"Gave Potion","damage_taken":0,"relics_obtained":["Pear"],"max_hp_gain":0,"max_hp_loss":0,"event_name":"WeMeetAgain","floor":13,"gold_loss":0},{"damage_healed":0,"gold_gain":0,"player_choice":"Read","damage_taken":0,"max_hp_gain":0,"max_hp_loss":0,"event_name":"The Library","floor":20,"gold_loss":0,"cards_obtained":["Dodge and Roll"]}],"is_beta":false,"boss_relics":[{"not_picked":["HoveringKite","Black Star"],"picked":"Velvet Choker"}],"items_purged_floors":[5],"is_endless":false,"potions_floor_spawned":[1,2,11,21],"killed_by":"Gremlin Leader","ascension_level":0}