{"gold_per_floor":[112,62,81,100,25,25,56,56,56,56,68,68,102,125,125,256,256,277,277,295,316,340,340,354,354,354,354,228,228,264,363,363,493,493,516,516,537,551,214,214,339,339,339,382,382,101,101,116,116,116],"floor_reached":50,"playtime":1316,"items_purged":["Strike_R","Injury","Defend_R","Strike_R"],"score":498,"play_id":"16027fe5-d95b-46f9-a336-23d3d3c9cf33","local_time":"20190418174120","is_ascension_mode":false,"campfire_choices":[{"data":"Clothesline","floor":6.0,"key":"SMITH"},{"data":"Bash","floor":8.0,"key":"SMITH"},{"floor":15.0,"key":"REST"},{"data":"Uppercut","floor":23.0,"key":"SMITH"},{"data":"Defend_R","floor":25.0,"key":"SMITH"},{"data":"Offering","floor":27.0,"key":"SMITH"},{"floor":32.0,"key":"DIG"},{"floor":40.0,"key":"DIG"},{"floor":42.0,"key":"DIG"},{"data":"Bludgeon","floor":47,"key":"SMITH"},{"data":"Whirlwind","floor":49,"key":"SMITH"}],"neow_cost":"NONE","seed_source_timestamp":1928643471530,"circlet_count":0,"master_deck":["Strike_R+1","Strike_R","Defend_R+1","Defend_R","Bash+1","Clothesline+1","Headbutt","Uppercut+1","Offering+1","Clash+1","Rage+1","Clash+1","Bludgeon+1","Clash","Whirlwind+1"],"special_seed":0,"relics":["Burning Blood","Centennial Puzzle","Paper Frog","Darkstone Periapt","Happy Flower","Golden Idol","Blue Candle","Cursed Key","Strawberry","Shovel","Whetstone","Ice Cream","Sozu","Membership Card","PreservedInsect","Question Card","Gambling Chip","Lantern","Bottled Lightning","Bag of Preparation","Sundial"],"potions_floor_usage":[50],"damage_taken":[{"damage":6.0,"enemies":"Cultist","floor":1.0,"turns":3.0},{"damage":4.0,"enemies":"Small Slimes","floor":3.0,"turns":4.0},{"damage":1.0,"enemies":"2 Louse","floor":4.0,"turns":3.0},{"damage":24.0,"enemies":"Gremlin Nob","floor":7.0,"turns":5.0},{"damage":2.0,"enemies":"Exordium Wildlife","floor":11.0,"turns":4.0},{"damage":16.0,"enemies":"Lagavulin","floor":13.0,"turns":5.0},{"damage":21.0,"enemies":"Lots of Slimes","floor":14.0,"turns":7.0},{"damage":39.0,"enemies":"Hexaghost","floor":16.0,"turns":11.0},{"damage":8.0,"enemies":"Spheric Guardian","floor":18.0,"turns":3.0},{"damage":12.0,"enemies":"Chosen","floor":20.0,"turns":3.0},{"damage":21.0,"enemies":"Sentry and Sphere","floor":21.0,"turns":5.0},{"damage":11.0,"enemies":"Snake Plant","floor":22.0,"turns":3.0},{"damage":11.0,"enemies":"Chosen and Byrds","floor":24.0,"turns":3.0},{"damage":13.0,"enemies":"Book of Stabbing","floor":30.0,"turns":3.0},{"damage":9.0,"enemies":"Collector","floor":33.0,"turns":5.0},{"damage":6.0,"enemies":"3 Shapes","floor":35.0,"turns":2.0},{"damage":6.0,"enemies":"Orb Walker","floor":37.0,"turns":2.0},{"damage":6.0,"enemies":"Transient","floor":38.0,"turns":5.0},{"damage":7.0,"enemies":"Mind Bloom Boss Battle","floor":41.0,"turns":3.0},{"damage":26,"enemies":"Nemesis","floor":44,"turns":3},{"damage":6,"enemies":"4 Shapes","floor":48,"turns":2},{"damage":72,"enemies":"Awakened One","floor":50,"turns":8}],"seed_played":"7449664434415515686","potions_obtained":[{"floor":1.0,"key":"Strength Potion"},{"floor":3.0,"key":"BloodPotion"},{"floor":18.0,"key":"SpeedPotion"},{"floor":20.0,"key":"LiquidBronze"},{"floor":22.0,"key":"PowerPotion"},{"floor":33.0,"key":"Explosive Potion"}],"is_trial":false,"path_per_floor":["M","?","M","M","$","R","E","R","T","?","M","?","E","M","R","B",null,"M","?","M","M","M","R","M","R","T","R","$","?","E","?","R","B",null,"M","?","M","M","$","R","?","R","T","E","?","$","R","M","R","B"],"character_chosen":"IRONCLAD","items_purchased":["Clash","Membership Card","PreservedInsect","Bag of Preparation","Sundial"],"campfire_rested":1,"item_purchase_floors":[28,39,39,46,46],"current_hp_per_floor":[80,80,80,80,80,80,62,62,62,62,66,46,36,21,45,12,80,78,85,79,64,59,59,54,54,60,60,60,60,53,53,53,50,93,93,88,88,88,88,88,87,87,87,67,67,67,67,67,67,0],"gold":116,"neow_bonus":"RANDOM_COMMON_RELIC","is_prod":false,"is_daily":false,"chose_seed":false,"campfire_upgraded":7,"win_rate":0,"timestamp":1555630880,"path_taken":["M","?","M","M","$","R","E","R","T","?","?","?","E","M","R","BOSS","M","?","M","M","?","R","M","R","T","R","$","?","E","?","R","BOSS","M","?","M","M","$","R","?","R","T","E","?","$","R","M","R","BOSS"],"build_version":"2019-01-23","purchased_purges":4,"victory":false,"max_hp_per_floor":[80,80,80,80,80,80,80,80,80,80,80,80,80,80,80,80,80,80,87,87,87,87,87,87,87,93,93,93,93,93,93,93,93,93,93,88,88,88,88,88,88,88,88,88,88,88,88,88,88,88],"card_choices":[{"not_picked":["Corruption","Seeing Red"],"picked":"Clothesline","floor":1.0},{"not_picked":["Fire Breathing","Sword Boomerang","Armaments"],"picked":"SKIP","floor":3.0},{"not_picked":["Cleave","Dropkick","Anger"],"picked":"SKIP","floor":4.0},{"not_picked":["Sword Boomerang","Bloodletting"],"picked":"Headbutt","floor":7.0},{"not_picked":["Fire Breathing","Thunderclap"],"picked":"Uppercut","floor":11.0},{"not_picked":["Clothesline","Entrench","Sentinel"],"picked":"SKIP","floor":13.0},{"not_picked":["Clash","Perfected Strike","Seeing Red"],"picked":"SKIP","floor":14.0},{"not_picked":["Exhume","Reaper"],"picked":"Offering","floor":16.0},{"not_picked":["Searing Blow","Evolve"],"picked":"Clash+1","floor":18.0},{"not_picked":["Armaments","Sword Boomerang","Body Slam+1"],"picked":"SKIP","floor":20.0},{"not_picked":["Havoc+1","Shockwave","Warcry"],"picked":"SKIP","floor":21.0},{"not_picked":["Evolve","Armaments"],"picked":"Rage+1","floor":22.0},{"not_picked":["Dropkick","True Grit","Feel No Pain"],"picked":"SKIP","floor":24.0},{"not_picked":["Shrug It Off+1","Seeing Red","Wild Strike+1"],"picked":"SKIP","floor":30.0},{"not_picked":["Berserk","Juggernaut"],"picked":"Bludgeon","floor":33.0},{"not_picked":["Havoc+1","Clothesline+1","Carnage+1"],"picked":"SKIP","floor":35.0},{"not_picked":["Spot Weakness","Hemokinesis"],"picked":"Clash","floor":37.0},{"not_picked":["Battle Trance+1","True Grit+1","Clothesline"],"picked":"SKIP","floor":38.0},{"not_picked":["Power Through+1","Uppercut+1","Fiend Fire"],"picked":"Whirlwind","floor":44},{"not_picked":["Clash","Shrug It Off","Flame Barrier","Infernal Blade"],"picked":"SKIP","floor":48}],"player_experience":1250294,"relics_obtained":[{"floor":7.0,"key":"Paper Frog"},{"floor":9.0,"key":"Darkstone Periapt"},{"floor":13.0,"key":"Blue Candle"},{"floor":19.0,"key":"Strawberry"},{"floor":26.0,"key":"Shovel"},{"floor":30.0,"key":"Whetstone"},{"floor":32.0,"key":"Ice Cream"},{"floor":40.0,"key":"Question Card"},{"floor":41.0,"key":"Gambling Chip"},{"floor":42.0,"key":"Lantern"},{"floor":44,"key":"Bottled Lightning"}],"event_choices":[{"cards_removed":["Strike_R"],"damage_healed":0.0,"max_hp_gain":0.0,"max_hp_loss":0.0,"gold_gain":0.0,"event_name":"The Cleric","player_choice":"Card Removal","floor":2.0,"gold_loss":50.0,"damage_taken":0.0},{"damage_healed":0.0,"max_hp_gain":0.0,"max_hp_loss":0.0,"gold_gain":0.0,"event_name":"WeMeetAgain","player_choice":"Gave Potion","floor":10.0,"gold_loss":0.0,"damage_taken":0.0,"relics_obtained":["Happy Flower"]},{"damage_healed":0.0,"max_hp_gain":0.0,"max_hp_loss":0.0,"gold_gain":0.0,"event_name":"Golden Idol","player_choice":"Take Damage","floor":12.0,"gold_loss":0.0,"damage_taken":20.0,"relics_obtained":["Golden Idol"]},{"damage_healed":0.0,"max_hp_gain":0.0,"max_hp_loss":0.0,"gold_gain":0.0,"event_name":"Wheel of Change","player_choice":"Relic","floor":19.0,"gold_loss":0.0,"damage_taken":0.0},{"cards_removed":["Defend_R"],"damage_healed":0.0,"max_hp_gain":0.0,"max_hp_loss":0.0,"gold_gain":0.0,"event_name":"Back to Basics","player_choice":"Elegance","floor":29.0,"gold_loss":0.0,"damage_taken":0.0},{"damage_healed":0.0,"max_hp_gain":0.0,"max_hp_loss":0.0,"gold_gain":99.0,"event_name":"Nest","player_choice":"Stole From Cult","floor":31.0,"gold_loss":0.0,"damage_taken":0.0},{"damage_healed":0.0,"max_hp_gain":0.0,"max_hp_loss":5.0,"gold_gain":0.0,"event_name":"Winding Halls","player_choice":"Max HP","floor":36.0,"gold_loss":0.0,"damage_taken":0.0},{"damage_healed":0.0,"max_hp_gain":0.0,"max_hp_loss":0.0,"gold_gain":0.0,"event_name":"MindBloom","player_choice":"Fight","floor":41.0,"gold_loss":0.0,"damage_taken":0.0},{"damage_healed":0,"gold_gain":0,"player_choice":"Ignored","damage_taken":0,"max_hp_gain":0,"max_hp_loss":0,"event_name":"Tomb of Lord Red Mask","floor":45,"gold_loss":0}],"is_beta":false,"boss_relics":[{"not_picked":["Runic Pyramid","Fusion Hammer"],"picked":"Cursed Key"},{"not_picked":["Mark of Pain","Lizard Tail"],"picked":"Sozu"}],"items_purged_floors":[5,28,39,46],"is_endless":false,"potions_floor_spawned":[1,3,18,20,22,33,35,44,48],"killed_by":"Awakened One","ascension_level":0}