{"gold_per_floor":[110,110,110,130,80,113,124,124,154,154,46,46,57,57,57,157,157,169,183,183,183,197,197,212,212,212,212,212,238,249,18,18,121,121,138,138,154,154,154],"floor_reached":40,"playtime":1446,"items_purged":["Strike_B"],"score":727,"play_id":"8cdc2289-ee50-449b-a751-cd7ada69a543","local_time":"20190417123106","is_ascension_mode":false,"campfire_choices":[{"data":"Zap","floor":8,"key":"SMITH"},{"data":"Discovery","floor":12,"key":"SMITH"},{"data":"Hello World","floor":15,"key":"SMITH"},{"floor":23,"key":"REST"},{"floor":25,"key":"REST"},{"floor":32,"key":"REST"}],"neow_cost":"NONE","seed_source_timestamp":2634802219691,"circlet_count":0,"master_deck":["Defend_B+1","Zap+1","Dualcast","White Noise+1","Hello World+1","Glacier+1","Conserve Battery","Cold Snap","Discovery+1","Machine Learning","Buffer+1","Defragment+1","Cold Snap","Compile Driver+1","Rebound+1","Aggregate","Rip and Tear","Defragment+1","Storm","Coolheaded+1","Echo Form","Hologram+1","Turbo+1","Compile Driver+1"],"relics":["Cracked Core","NeowsBlessing","Incense Burner","Blue Candle","Tiny Chest","Orichalcum","Dream Catcher","Fusion Hammer","Boot","Oddly Smooth Stone","Happy Flower","War Paint","Astrolabe","Toxic Egg 2"],"potions_floor_usage":[7,22,29,39,39,39],"damage_taken":[{"damage":0,"enemies":"Cultist","floor":1,"turns":1},{"damage":0,"enemies":"Jaw Worm","floor":4,"turns":1},{"damage":0,"enemies":"3 Sentries","floor":6,"turns":1},{"damage":0,"enemies":"Small Slimes","floor":7,"turns":3},{"damage":0,"enemies":"Looter","floor":13,"turns":2},{"damage":0,"enemies":"The Guardian","floor":16,"turns":12},{"damage":0,"enemies":"Chosen","floor":18,"turns":6},{"damage":0,"enemies":"Spheric Guardian","floor":19,"turns":4},{"damage":19,"enemies":"Cultist and Chosen","floor":22,"turns":9},{"damage":0,"enemies":"3 Cultists","floor":24,"turns":6},{"damage":15,"enemies":"Slavers","floor":29,"turns":5},{"damage":7,"enemies":"Snake Plant","floor":30,"turns":6},{"damage":0,"enemies":"Champ","floor":33,"turns":8},{"damage":0,"enemies":"3 Shapes","floor":35,"turns":5},{"damage":0,"enemies":"3 Darklings","floor":37,"turns":4},{"damage":68,"enemies":"Awakened One","floor":39,"turns":12}],"seed_played":"-2755179442105785283","potions_obtained":[{"floor":1,"key":"Block Potion"},{"floor":4,"key":"AttackPotion"},{"floor":13,"key":"Regen Potion"},{"floor":22,"key":"SkillPotion"},{"floor":24,"key":"GamblersBrew"},{"floor":30,"key":"Poison Potion"},{"floor":33,"key":"Regen Potion"}],"is_trial":false,"path_per_floor":["M","T","?","M","?","E","M","R","T","T","$","R","M","T","R","B",null,"M","M","T","?","M","R","M","R","T","?","?","E","M","$","R","B",null,"M","T","M","?","B",null],"character_chosen":"DEFECT","items_purchased":["Cold Snap","Discovery","War Paint"],"campfire_rested":3,"item_purchase_floors":[11,11,31],"current_hp_per_floor":[75,75,60,60,60,60,60,60,60,60,60,60,60,60,60,60,75,75,75,75,75,56,75,75,75,75,75,75,60,53,53,75,75,75,75,75,75,75,61],"gold":154,"neow_bonus":"THREE_ENEMY_KILL","is_prod":false,"is_daily":false,"chose_seed":false,"campfire_upgraded":3,"win_rate":0,"timestamp":1555525866,"path_taken":["M","?","?","M","?","E","M","R","T","?","?","R","?","?","R","BOSS","M","M","?","?","M","R","?","R","T","?","?","E","M","$","R","BOSS","M","?","M","?","BOSS"],"build_version":"2019-01-23","purchased_purges":1,"victory":true,"max_hp_per_floor":[75,75,75,75,75,75,75,75,75,75,75,75,75,75,75,75,75,75,75,75,75,75,75,75,75,75,75,75,75,75,75,75,75,75,75,75,75,75,75],"card_choices":[{"not_picked":["Gash","Barrage"],"picked":"White Noise","floor":1},{"not_picked":["Stack","Chill"],"picked":"Hello World","floor":4},{"not_picked":["Redo","Barrage"],"picked":"Glacier","floor":6},{"not_picked":["Streamline","Stack"],"picked":"Conserve Battery","floor":7},{"not_picked":["Redo","Sweeping Beam"],"picked":"Machine Learning","floor":13},{"not_picked":["Thunder Strike","Amplify"],"picked":"Buffer","floor":16},{"not_picked":["Sweeping Beam+1","Chill"],"picked":"Defragment+1","floor":18},{"not_picked":["Sweeping Beam","Melter"],"picked":"Cold Snap","floor":19},{"not_picked":["Loop","Compile Driver","Beam Cell+1"],"picked":"SKIP","floor":22},{"not_picked":["Sweeping Beam+1","Hologram"],"picked":"Compile Driver+1","floor":23},{"not_picked":["Leap","BootSequence","Compile Driver"],"picked":"SKIP","floor":24},{"not_picked":["Sweeping Beam","Redo"],"picked":"Rebound+1","floor":25},{"not_picked":["Sweeping Beam","Consume","Rebound"],"picked":"SKIP","floor":29},{"not_picked":["Scrape+1","Blizzard"],"picked":"Storm","floor":30},{"not_picked":["Rainbow","Static Discharge"],"picked":"Coolheaded+1","floor":32},{"not_picked":["Multi-Cast","Reboot"],"picked":"Echo Form","floor":33},{"not_picked":["Heatsinks","Beam Cell","Streamline"],"picked":"SKIP","floor":35},{"not_picked":["Self Repair+1","Reprogram+1","Rebound+1"],"picked":"SKIP","floor":37}],"player_experience":1239993,"relics_obtained":[{"floor":2,"key":"Incense Burner"},{"floor":6,"key":"Blue Candle"},{"floor":9,"key":"Tiny Chest"},{"floor":10,"key":"Orichalcum"},{"floor":14,"key":"Dream Catcher"},{"floor":20,"key":"Boot"},{"floor":26,"key":"Oddly Smooth Stone"},{"floor":29,"key":"Happy Flower"},{"floor":36,"key":"Toxic Egg 2"}],"event_choices":[{"damage_healed":0,"gold_gain":0,"player_choice":"Entered Light","damage_taken":15,"max_hp_gain":0,"max_hp_loss":0,"event_name":"Shining Light","floor":3,"gold_loss":0,"cards_upgraded":["Strike_B","White Noise"]},{"cards_removed":["Strike_B"],"damage_healed":0,"gold_gain":0,"player_choice":"Card Removal","damage_taken":0,"max_hp_gain":0,"max_hp_loss":0,"event_name":"The Cleric","floor":5,"gold_loss":50},{"damage_healed":0,"gold_gain":0,"player_choice":"Forge","damage_taken":0,"max_hp_gain":0,"max_hp_loss":0,"event_name":"Accursed Blacksmith","floor":21,"gold_loss":0,"cards_upgraded":["Buffer"]},{"damage_healed":0,"gold_gain":0,"cards_transformed":["Defend_B","Defend_B"],"player_choice":"Became Test Subject","damage_taken":0,"max_hp_gain":0,"max_hp_loss":0,"event_name":"Drug Dealer","floor":27,"gold_loss":0,"cards_obtained":["Aggregate","Rip and Tear"]},{"damage_healed":0,"gold_gain":0,"player_choice":"Copied","damage_taken":0,"max_hp_gain":0,"max_hp_loss":0,"event_name":"Duplicator","floor":28,"gold_loss":0,"cards_obtained":["Defragment"]},{"damage_healed":0,"gold_gain":0,"player_choice":"Took Portal","damage_taken":0,"max_hp_gain":0,"max_hp_loss":0,"event_name":"SecretPortal","floor":38,"gold_loss":0}],"is_beta":false,"boss_relics":[{"not_picked":["Black Star","White Beast Statue"],"picked":"Fusion Hammer"},{"not_picked":["Runic Pyramid","Calling Bell"],"picked":"Astrolabe"}],"items_purged_floors":[31],"is_endless":false,"potions_floor_spawned":[1,4,13,22,24,30,33,35],"ascension_level":0}