{"gold_per_floor":[115,134,154,154,154,154,183,483,506,524,524,524,35,51,51,155,155,174,191,203,203,75,109,120,120,120,153,153,183,195,230,242,354,366,396,428,452,483,550,562,574,586,598,610,640,652,201,220,220,220],"floor_reached":51,"playtime":7734,"items_purged":["Strike_G","Strike_G"],"score":705,"play_id":"0a898c13-87af-4b23-b6f7-47d4f7d4b627","local_time":"20190207005155","is_ascension_mode":false,"campfire_choices":[{"data":"Accuracy","floor":6.0,"key":"SMITH"},{"data":"Infinite Blades","floor":11.0,"key":"SMITH"},{"data":"Blade Dance","floor":15.0,"key":"SMITH"},{"floor":25.0,"key":"REST"},{"data":"Cloak And Dagger","floor":28.0,"key":"SMITH"},{"floor":32.0,"key":"REST"},{"data":"Infinite Blades","floor":40,"key":"SMITH"},{"data":"After Image","floor":42,"key":"SMITH"},{"data":"Cloak And Dagger","floor":44,"key":"SMITH"},{"data":"Blind","floor":46,"key":"SMITH"},{"floor":49,"key":"REST"}],"neow_cost":"NONE","seed_source_timestamp":0,"circlet_count":0,"master_deck":["Defend_G","Defend_G","Defend_G","Defend_G","Defend_G","Strike_G","Strike_G","Strike_G","Survivor","Neutralize+1","Dagger Spray","Backstab","Accuracy+1","Cloak And Dagger+1","Infinite Blades+1","After Image+1","Blade Dance+1","After Image","Slice","Infinite Blades+1","Cloak And Dagger+1","Backflip+1","Deflect+1","Deflect+1","Backstab","Slice+1","Blind+1","Deflect+1","Escape Plan","Prepared","Quick Slash","Malaise"],"special_seed":0,"relics":["Ring of the Snake","Bronze Scales","Old Coin","Happy Flower","Bottled Tornado","WristBlade","Omamori","Darkstone Periapt","Orichalcum","MawBank","Bag of Preparation","Busted Crown","Ice Cream","Bottled Flame","Pen Nib"],"potions_floor_usage":[50,50,50],"damage_taken":[{"damage":0.0,"enemies":"Small Slimes","floor":1.0,"turns":3.0},{"damage":1.0,"enemies":"2 Louse","floor":2.0,"turns":2.0},{"damage":0.0,"enemies":"Jaw Worm","floor":3.0,"turns":3.0},{"damage":17.0,"enemies":"Lagavulin","floor":7.0,"turns":10.0},{"damage":0.0,"enemies":"3 Louse","floor":10.0,"turns":2.0},{"damage":2.0,"enemies":"Blue Slaver","floor":14.0,"turns":3.0},{"damage":4.0,"enemies":"Hexaghost","floor":16.0,"turns":8.0},{"damage":5.0,"enemies":"Chosen","floor":18.0,"turns":3.0},{"damage":4.0,"enemies":"Shell Parasite","floor":19.0,"turns":2.0},{"damage":0.0,"enemies":"Centurion and Healer","floor":20.0,"turns":5.0},{"damage":0.0,"enemies":"Gremlin Leader","floor":23.0,"turns":5.0},{"damage":10.0,"enemies":"Shelled Parasite and Fungi","floor":24.0,"turns":4.0},{"damage":7.0,"enemies":"Slavers","floor":27.0,"turns":5.0},{"damage":21.0,"enemies":"Book of Stabbing","floor":29.0,"turns":4.0},{"damage":9.0,"enemies":"Colosseum Slavers","floor":30.0,"turns":4.0},{"damage":28.0,"enemies":"Automaton","floor":33.0,"turns":8.0},{"damage":0,"enemies":"3 Shapes","floor":35,"turns":3},{"damage":0,"enemies":"Orb Walker","floor":36,"turns":2},{"damage":6,"enemies":"Jaw Worm Horde","floor":37,"turns":4},{"damage":3,"enemies":"Writhing Mass","floor":38,"turns":6},{"damage":6,"enemies":"2 Orb Walkers","floor":39,"turns":4},{"damage":9,"enemies":"3 Darklings","floor":45,"turns":3},{"damage":0,"enemies":"Spire Growth","floor":48,"turns":3},{"damage":16,"enemies":"Donu and Deca","floor":50,"turns":10}],"seed_played":"3298861859534525594","potions_obtained":[{"floor":2.0,"key":"Dexterity Potion"},{"floor":3.0,"key":"Weak Potion"},{"floor":7.0,"key":"Explosive Potion"},{"floor":16.0,"key":"Fire Potion"},{"floor":19.0,"key":"GhostInAJar"},{"floor":20.0,"key":"SpeedPotion"},{"floor":24.0,"key":"Poison Potion"},{"floor":27.0,"key":"EssenceOfSteel"},{"floor":36,"key":"Regen Potion"},{"floor":37,"key":"LiquidBronze"},{"floor":45,"key":"Poison Potion"}],"is_trial":false,"path_per_floor":["M","M","M","$","?","R","E","?","T","M","R","?","$","M","R","B",null,"M","M","M","?","$","E","M","R","T","E","R","E","?","T","R","B",null,"M","M","M","M","?","R","?","R","T","R","M","R","$","M","R","B",null],"character_chosen":"THE_SILENT","items_purchased":["Bottled Tornado","After Image","Infinite Blades","Cloak And Dagger","Escape Plan","Prepared","Energy Potion","Pen Nib","Quick Slash"],"campfire_rested":3,"item_purchase_floors":[13,13,22,22,47,47,47,47,47],"current_hp_per_floor":[70,69,69,69,69,69,52,45,45,45,45,50,50,48,48,44,75,70,66,66,52,52,52,42,66,66,59,59,38,29,29,53,25,80,80,80,74,71,65,65,65,65,65,65,56,56,56,56,80,77],"gold":220,"neow_bonus":"UPGRADE_CARD","is_prod":false,"is_daily":false,"chose_seed":false,"campfire_upgraded":8,"win_rate":0,"timestamp":1549522315,"path_taken":["M","M","M","$","?","R","E","?","T","M","R","?","$","M","R","BOSS","M","M","M","?","$","E","M","R","T","E","R","E","?","?","R","BOSS","M","?","M","M","?","R","?","R","T","R","?","R","$","M","R","BOSS"],"build_version":"2019-01-23","purchased_purges":2,"victory":true,"max_hp_per_floor":[70,70,70,70,70,70,70,70,70,70,70,75,75,75,75,75,75,75,75,75,80,80,80,80,80,80,80,80,80,80,80,80,80,80,80,80,80,80,80,80,80,80,80,80,80,80,80,80,80,80],"card_choices":[{"not_picked":["Skewer","Well Laid Plans"],"picked":"Dagger Spray","floor":1.0},{"not_picked":["Sucker Punch","Dodge and Roll"],"picked":"Backstab","floor":2.0},{"not_picked":["Blade Dance","Prepared"],"picked":"Accuracy","floor":3.0},{"not_picked":["Dagger Spray","Bouncing Flask"],"picked":"Cloak And Dagger","floor":7.0},{"not_picked":["Noxious Fumes","Poisoned Stab"],"picked":"Infinite Blades","floor":10.0},{"not_picked":["Underhanded Strike","Bullet Time"],"picked":"Blade Dance","floor":14.0},{"not_picked":["Malaise","Tools of the Trade"],"picked":"After Image","floor":16.0},{"not_picked":["Quick Slash","Crippling Poison+1","Deflect"],"picked":"SKIP","floor":18.0},{"not_picked":["Footwork","Bane"],"picked":"Slice","floor":19.0},{"not_picked":["Acrobatics","Choke","Eviscerate"],"picked":"SKIP","floor":20.0},{"not_picked":["Poisoned Stab","Deadly Poison","Skewer"],"picked":"SKIP","floor":23.0},{"not_picked":["Bouncing Flask+1","Bane","Underhanded Strike"],"picked":"SKIP","floor":24.0},{"not_picked":["Adrenaline","Outmaneuver"],"picked":"Backflip+1","floor":27.0},{"not_picked":["Tools of the Trade","Underhanded Strike"],"picked":"Deflect+1","floor":29.0},{"not_picked":["Expertise+1"],"picked":"SKIP","floor":35},{"not_picked":[],"picked":"Deflect+1","floor":36},{"not_picked":[],"picked":"Backstab","floor":37},{"not_picked":[],"picked":"Slice+1","floor":38},{"not_picked":[],"picked":"Blind","floor":41},{"not_picked":[],"picked":"Deflect+1","floor":45},{"not_picked":[],"picked":"Malaise","floor":48}],"player_experience":88885,"relics_obtained":[{"floor":7.0,"key":"Bronze Scales"},{"floor":9.0,"key":"Happy Flower"},{"floor":23.0,"key":"Omamori"},{"floor":26.0,"key":"Darkstone Periapt"},{"floor":27.0,"key":"Orichalcum"},{"floor":29.0,"key":"MawBank"},{"floor":31.0,"key":"Bag of Preparation"},{"floor":39,"key":"Ice Cream"},{"floor":43,"key":"Bottled Flame"}],"event_choices":[{"damage_healed":0.0,"max_hp_gain":0.0,"max_hp_loss":0.0,"gold_gain":0.0,"event_name":"Liars Game","player_choice":"Ignored","floor":5.0,"gold_loss":0.0,"damage_taken":0.0},{"damage_healed":0.0,"max_hp_gain":0.0,"max_hp_loss":0.0,"gold_gain":0.0,"event_name":"Scrap Ooze","player_choice":"Success","floor":8.0,"gold_loss":0.0,"damage_taken":7.0,"relics_obtained":["Old Coin"]},{"damage_healed":0.0,"max_hp_gain":5.0,"max_hp_loss":0.0,"gold_gain":0.0,"event_name":"Big Fish","player_choice":"Donut","floor":12.0,"gold_loss":0.0,"damage_taken":0.0},{"damage_healed":0.0,"max_hp_gain":5.0,"max_hp_loss":0.0,"gold_gain":0.0,"event_name":"Forgotten Altar","player_choice":"Shed Blood","floor":21.0,"gold_loss":0.0,"damage_taken":19.0},{"damage_healed":0.0,"max_hp_gain":0.0,"max_hp_loss":0.0,"gold_gain":0.0,"event_name":"Colosseum","player_choice":"Fight","floor":30.0,"gold_loss":0.0,"damage_taken":0.0},{"damage_healed":0.0,"max_hp_gain":0.0,"max_hp_loss":0.0,"gold_gain":0.0,"event_name":"Colosseum","player_choice":"Fled From Nobs","floor":30.0,"gold_loss":0.0,"damage_taken":0.0},{"damage_healed":0,"gold_gain":0,"player_choice":"Fight","damage_taken":0,"max_hp_gain":0,"max_hp_loss":0,"event_name":"Mysterious Sphere","floor":39,"gold_loss":0},{"damage_healed":0,"gold_gain":0,"player_choice":"Memory 1","damage_taken":0,"max_hp_gain":0,"max_hp_loss":0,"event_name":"SensoryStone","floor":41,"gold_loss":0}],"is_beta":false,"boss_relics":[{"not_picked":["Calling Bell","Sozu"],"picked":"WristBlade"},{"not_picked":["Astrolabe","Ring of the Serpent"],"picked":"Busted Crown"}],"items_purged_floors":[13,47],"is_endless":false,"potions_floor_spawned":[2,3,7,16,19,20,24,27,30,36,37,45,48],"ascension_level":0}