{"gold_per_floor":[116,132,207,237,248,248,267,267,294,17,17,37,37,50,50,148,148,162,177,193,209,221,221,235,235,262,281,294,304,403,230,230,334,334,350,350,366,383,383,383,151,183,183,183,196,207,239,257,257,257,257,257,25,55,55],"floor_reached":55,"playtime":2865,"items_purged":["Strike_B","Strike_B"],"score":732,"play_id":"16398192-6072-4f8c-a715-58bcd1524161","local_time":"20181214192450","is_ascension_mode":false,"campfire_choices":[{"data":"Zap","floor":6,"key":"SMITH"},{"data":"Genetic Algorithm","floor":8,"key":"SMITH"},{"data":"Dualcast","floor":11,"key":"SMITH"},{"data":"Coolheaded","floor":15,"key":"SMITH"},{"data":"Defragment","floor":23,"key":"SMITH"},{"data":"Cold Snap","floor":25,"key":"SMITH"},{"data":"Blizzard","floor":32,"key":"SMITH"},{"floor":40,"key":"RECALL"},{"data":"Loop","floor":49,"key":"SMITH"},{"data":"Redo","floor":52,"key":"SMITH"}],"neow_cost":"NONE","seed_source_timestamp":122775012023200,"circlet_count":0,"master_deck":["Strike_B","Strike_B","Defend_B","Defend_B","Defend_B","Zap+1","Dualcast+1","Compile Driver","Conserve Battery","Barrage","Genetic Algorithm+1","Coolheaded+1","Glacier","Core Surge","Biased Cognition","Defragment+1","Redo+1","Cold Snap+1","Self Repair","Go for the Eyes+1","Barrage+1","Chill+1","Barrage","Coolheaded+1","Blizzard+1","Machine Learning","BootSequence+1","Loop+1","Go for the Eyes+1","Capacitor","Genetic Algorithm+1","Beam Cell+1"],"relics":["Cracked Core","Tiny Chest","Runic Capacitor","Orrery","Regal Pillow","Busted Crown","PreservedInsect","Gremlin Horn","Toxic Egg 2","Juzu Bracelet","Anchor","DollysMirror","Centennial Puzzle"],"potions_floor_usage":[27,42,42,55,55],"damage_taken":[{"damage":0,"enemies":"Cultist","floor":1,"turns":3},{"damage":0,"enemies":"Small Slimes","floor":2,"turns":3},{"damage":3,"enemies":"2 Louse","floor":5,"turns":4},{"damage":17,"enemies":"Gremlin Gang","floor":7,"turns":5},{"damage":0,"enemies":"Looter","floor":12,"turns":3},{"damage":0,"enemies":"3 Louse","floor":14,"turns":4},{"damage":11,"enemies":"Hexaghost","floor":16,"turns":12},{"damage":0,"enemies":"Chosen","floor":18,"turns":5},{"damage":0,"enemies":"3 Byrds","floor":19,"turns":5},{"damage":25,"enemies":"3 Cultists","floor":20,"turns":5},{"damage":10,"enemies":"Sentry and Sphere","floor":21,"turns":8},{"damage":21,"enemies":"Shelled Parasite and Fungi","floor":22,"turns":6},{"damage":0,"enemies":"Centurion and Healer","floor":24,"turns":7},{"damage":6,"enemies":"Chosen and Byrds","floor":27,"turns":5},{"damage":17,"enemies":"Snake Plant","floor":28,"turns":5},{"damage":0,"enemies":"Snecko","floor":29,"turns":5},{"damage":24,"enemies":"Automaton","floor":33,"turns":12},{"damage":9,"enemies":"3 Shapes","floor":35,"turns":6},{"damage":0,"enemies":"Orb Walker","floor":37,"turns":4},{"damage":2,"enemies":"4 Shapes","floor":38,"turns":6},{"damage":10,"enemies":"Nemesis","floor":42,"turns":9},{"damage":1,"enemies":"Spire Growth","floor":45,"turns":6},{"damage":2,"enemies":"Writhing Mass","floor":46,"turns":8},{"damage":0,"enemies":"Giant Head","floor":47,"turns":9},{"damage":0,"enemies":"4 Shapes","floor":48,"turns":6},{"damage":12,"enemies":"Donu and Deca","floor":50,"turns":14},{"damage":11,"enemies":"Shield and Spear","floor":54,"turns":10},{"damage":80,"enemies":"The Heart","floor":55,"turns":5}],"seed_played":"8499804920510364345","potions_obtained":[{"floor":2,"key":"LiquidBronze"},{"floor":5,"key":"Weak Potion"},{"floor":7,"key":"FocusPotion"},{"floor":16,"key":"SteroidPotion"},{"floor":18,"key":"SkillPotion"},{"floor":28,"key":"Explosive Potion"},{"floor":29,"key":"LiquidBronze"},{"floor":33,"key":"Block Potion"},{"floor":45,"key":"SteroidPotion"},{"floor":46,"key":"EssenceOfSteel"},{"floor":48,"key":"FairyPotion"}],"is_trial":false,"path_per_floor":["M","M","?","?","M","R","M","R","T","$","R","M","?","M","R","B",null,"M","M","M","M","M","R","M","R","T","M","M","M","?","$","R","B",null,"M","?","M","M","?","R","$","E","T","T","M","M","E","M","R","B",null,"R","$","E","B"],"character_chosen":"DEFECT","items_purchased":["Runic Capacitor","Blizzard","PreservedInsect","Loop","Capacitor","DollysMirror"],"campfire_rested":0,"item_purchase_floors":[10,31,41,41,53,53],"current_hp_per_floor":[75,75,64,64,61,61,44,44,44,44,44,44,44,44,44,33,75,75,75,50,47,33,33,40,40,40,41,24,31,31,31,31,14,75,73,73,73,75,75,75,75,72,72,72,75,75,75,75,75,70,75,75,75,71,0],"gold":55,"neow_bonus":"THREE_CARDS","is_prod":false,"is_daily":false,"chose_seed":false,"campfire_upgraded":9,"win_rate":0,"timestamp":1544811890,"path_taken":["M","M","?","?","M","R","M","R","T","$","R","?","?","M","R","BOSS","M","M","M","?","M","R","M","R","T","M","M","M","?","$","R","BOSS","M","?","M","M","?","R","$","E","T","?","M","M","E","M","R","BOSS","R","$","E","BOSS"],"build_version":"2018-12-13","purchased_purges":2,"victory":false,"max_hp_per_floor":[75,75,75,75,75,75,75,75,75,75,75,75,75,75,75,75,75,75,75,75,75,75,75,75,75,75,75,75,75,75,75,75,75,75,75,75,75,75,75,75,75,75,75,75,75,75,75,75,75,75,75,75,75,75,75],"card_choices":[{"not_picked":["Turbo","Streamline"],"picked":"Compile Driver","floor":0},{"not_picked":["Hologram","Static Discharge"],"picked":"Conserve Battery","floor":1},{"not_picked":["Streamline","Hologram"],"picked":"Barrage","floor":2},{"not_picked":["Fusion","Go for the Eyes","Stack"],"picked":"SKIP","floor":5},{"not_picked":["BootSequence","Sweeping Beam"],"picked":"Genetic Algorithm","floor":7},{"not_picked":["Melter","Turbo"],"picked":"Coolheaded","floor":12},{"not_picked":["Double Energy","Go for the Eyes"],"picked":"Glacier","floor":14},{"not_picked":["Rainbow","Amplify"],"picked":"Core Surge","floor":16},{"not_picked":["Capacitor","Reprogram"],"picked":"Biased Cognition","floor":17},{"not_picked":["Beam Cell","Consume"],"picked":"Defragment","floor":17},{"not_picked":["Rebound","Stack"],"picked":"Redo","floor":17},{"not_picked":["Ball Lightning","Double Energy"],"picked":"Cold Snap","floor":18},{"not_picked":["Lockon","Reprogram","Streamline+1"],"picked":"SKIP","floor":19},{"not_picked":["Redo","Gash+1"],"picked":"Self Repair","floor":20},{"not_picked":["Skim","Aggregate+1"],"picked":"Go for the Eyes+1","floor":21},{"not_picked":["Genetic Algorithm","Gash","Redo"],"picked":"SKIP","floor":22},{"not_picked":["Sweeping Beam","Rebound"],"picked":"Barrage+1","floor":24},{"not_picked":["Barrage","Gash+1"],"picked":"Chill+1","floor":27},{"not_picked":["Thunder Strike","Stack"],"picked":"Barrage","floor":28},{"not_picked":["Beam Cell+1","Turbo"],"picked":"Coolheaded+1","floor":29},{"not_picked":["Creative AI","Rainbow"],"picked":"Machine Learning","floor":33},{"not_picked":[],"picked":"BootSequence+1","floor":35},{"not_picked":[],"picked":"Coolheaded+1","floor":37},{"not_picked":["Double Energy"],"picked":"SKIP","floor":38},{"not_picked":["Amplify"],"picked":"SKIP","floor":42},{"not_picked":[],"picked":"Go for the Eyes+1","floor":45},{"not_picked":["Recycle+1"],"picked":"SKIP","floor":46},{"not_picked":["Beam Cell"],"picked":"SKIP","floor":47},{"not_picked":["Rip and Tear"],"picked":"SKIP","floor":48},{"not_picked":[],"picked":"Beam Cell+1","floor":54}],"player_experience":256422,"relics_obtained":[{"floor":26,"key":"Regal Pillow"},{"floor":42,"key":"Gremlin Horn"},{"floor":43,"key":"Toxic Egg 2"},{"floor":44,"key":"Juzu Bracelet"},{"floor":47,"key":"Anchor"},{"floor":54,"key":"Centennial Puzzle"}],"event_choices":[{"damage_healed":0,"gold_gain":75,"player_choice":"Gather Gold","damage_taken":11,"max_hp_gain":0,"max_hp_loss":0,"event_name":"World of Goop","floor":3,"gold_loss":0},{"damage_healed":0,"gold_gain":0,"player_choice":"Gave Potion","damage_taken":0,"relics_obtained":["Tiny Chest"],"max_hp_gain":0,"max_hp_loss":0,"event_name":"WeMeetAgain","floor":4,"gold_loss":0},{"cards_removed":["Defend_B"],"damage_healed":0,"gold_gain":0,"player_choice":"Purged","damage_taken":0,"max_hp_gain":0,"max_hp_loss":0,"event_name":"Purifier","floor":13,"gold_loss":0},{"damage_healed":0,"gold_gain":99,"player_choice":"Stole From Cult","damage_taken":0,"max_hp_gain":0,"max_hp_loss":0,"event_name":"Nest","floor":30,"gold_loss":0},{"damage_healed":0,"gold_gain":0,"player_choice":"Ignored","damage_taken":0,"max_hp_gain":0,"max_hp_loss":0,"event_name":"Tomb of Lord Red Mask","floor":36,"gold_loss":0},{"cards_removed":["Coolheaded"],"damage_healed":0,"gold_gain":0,"player_choice":"Removed Skill","damage_taken":0,"max_hp_gain":0,"max_hp_loss":0,"event_name":"Falling","floor":39,"gold_loss":0}],"is_beta":false,"boss_relics":[{"not_picked":["Lizard Tail","White Beast Statue"],"picked":"Orrery"},{"not_picked":["Calling Bell","Eternal Feather"],"picked":"Busted Crown"}],"items_purged_floors":[10,31],"is_endless":false,"potions_floor_spawned":[2,5,7,16,18,21,22,28,29,33,45,46,48],"killed_by":"The Heart","ascension_level":0}