{"gold_per_floor":[113,131,141,154,172,202,202,234,234,234,53,63,83,99,99,99],"floor_reached":16,"playtime":4074,"items_purged":[],"score":145,"play_id":"68ecb291-34cc-495f-9b87-a6b690fb7852","local_time":"20190407000058","is_ascension_mode":true,"campfire_choices":[{"data":"Dagger Spray","floor":7,"key":"SMITH"},{"data":"Envenom","floor":15,"key":"SMITH"}],"neow_cost":"NONE","seed_source_timestamp":78852780419400,"circlet_count":0,"master_deck":["Defend_G","Defend_G","Defend_G","Defend_G","Defend_G","Strike_G","Strike_G","Strike_G","Strike_G","Strike_G","Survivor","Neutralize+1","PiercingWail","Dagger Spray+1","Bouncing Flask","Dodge and Roll","Well Laid Plans","Calculated Gamble","Blur","Dash","Envenom+1","Wraith Form v2"],"relics":["Ring of the Snake","NeowsBlessing","Ninja Scroll","Meat on the Bone","The Courier"],"potions_floor_usage":[8,12,13,16],"damage_taken":[{"damage":0,"enemies":"Small Slimes","floor":1,"turns":1},{"damage":0,"enemies":"Cultist","floor":2,"turns":1},{"damage":0,"enemies":"Jaw Worm","floor":3,"turns":1},{"damage":0,"enemies":"Blue Slaver","floor":4,"turns":4},{"damage":0,"enemies":"3 Louse","floor":5,"turns":4},{"damage":18,"enemies":"Lagavulin","floor":6,"turns":9},{"damage":44,"enemies":"Gremlin Nob","floor":8,"turns":5},{"damage":0,"enemies":"Looter","floor":12,"turns":3},{"damage":0,"enemies":"Large Slime","floor":13,"turns":4},{"damage":0,"enemies":"Lots of Slimes","floor":14,"turns":1},{"damage":46,"enemies":"Slime Boss","floor":16,"turns":9}],"seed_played":"-2215348590299835732","potions_obtained":[{"floor":2,"key":"LiquidBronze"},{"floor":5,"key":"Regen Potion"},{"floor":8,"key":"Regen Potion"},{"floor":12,"key":"Fire Potion"}],"is_trial":false,"path_per_floor":["M","M","M","M","M","E","R","E","T","?","$","M","M","M","R","B"],"character_chosen":"THE_SILENT","items_purchased":["Dash","Envenom"],"campfire_rested":0,"item_purchase_floors":[11,11],"current_hp_per_floor":[70,70,70,70,70,52,52,22,22,22,22,46,46,46,46,0],"gold":99,"neow_bonus":"THREE_ENEMY_KILL","is_prod":false,"is_daily":false,"chose_seed":false,"campfire_upgraded":2,"win_rate":0,"timestamp":1554588058,"path_taken":["M","M","M","M","M","E","R","E","T","?","$","M","?","M","R","BOSS"],"build_version":"2019-01-23","purchased_purges":0,"victory":false,"max_hp_per_floor":[70,70,70,70,70,70,70,70,70,70,70,70,70,70,70,70],"card_choices":[{"not_picked":["Sucker Punch","Flying Knee"],"picked":"PiercingWail","floor":1},{"not_picked":["Backflip","Prepared"],"picked":"Dagger Spray","floor":2},{"not_picked":["Backflip","Poisoned Stab"],"picked":"Bouncing Flask","floor":3},{"not_picked":["Deflect","Prepared"],"picked":"Dodge and Roll","floor":4},{"not_picked":["Dagger Spray","Distraction"],"picked":"Well Laid Plans","floor":5},{"not_picked":["Expertise","Quick Slash"],"picked":"Calculated Gamble","floor":6},{"not_picked":["PiercingWail","Bouncing Flask"],"picked":"Blur","floor":8},{"not_picked":["Blade Dance","Finisher","Flying Knee"],"picked":"SKIP","floor":12},{"not_picked":["Deflect","Backflip"],"picked":"Wraith Form v2","floor":13},{"not_picked":["Dodge and Roll","Eviscerate","Quick Slash"],"picked":"SKIP","floor":14}],"player_experience":560290,"relics_obtained":[{"floor":6,"key":"Ninja Scroll"},{"floor":8,"key":"Meat on the Bone"},{"floor":9,"key":"The Courier"}],"event_choices":[{"damage_healed":0,"gold_gain":0,"player_choice":"Upgraded","damage_taken":0,"max_hp_gain":0,"max_hp_loss":0,"event_name":"Upgrade Shrine","floor":10,"gold_loss":0,"cards_upgraded":["Neutralize"]}],"is_beta":false,"boss_relics":[],"items_purged_floors":[],"is_endless":false,"potions_floor_spawned":[2,5,8,12],"killed_by":"Slime Boss","ascension_level":5}