{"gold_per_floor":[113,132,132,132,7,48,48,92,165,188,223,398,398,419,419,539,539,553,574,524,31,54,97,97,137,137,137],"floor_reached":27,"playtime":1742,"items_purged":["Injury","Doubt"],"score":338,"play_id":"6cc415ae-c967-4de4-82d5-70627283df43","local_time":"20190310013708","is_ascension_mode":true,"campfire_choices":[{"data":"Bash","floor":7.0,"key":"SMITH"},{"floor":15.0,"key":"REST"},{"floor":24.0,"key":"REST"}],"neow_cost":"NONE","seed_source_timestamp":106967050200678,"circlet_count":0,"master_deck":["Strike_R","Strike_R","Strike_R","Strike_R","Strike_R","Defend_R","Defend_R","Defend_R","Defend_R","Bash+1","Warcry","True Grit","Spot Weakness","Headbutt","Armaments","Disarm","Shrug It Off","Rampage+1","Immolate+1","Heavy Blade+1","True Grit","Evolve","Juggernaut","Clothesline+1"],"special_seed":0,"relics":["Burning Blood","NeowsBlessing","Smiling Mask","Golden Idol","Mercury Hourglass","Bronze Scales","Letter Opener","Molten Egg 2","Mummified Hand","Black Star","Happy Flower","Sling","Shuriken","Bottled Flame","Kunai","Toxic Egg 2","Potion Belt"],"potions_floor_usage":[],"damage_taken":[{"damage":0.0,"enemies":"Jaw Worm","floor":1.0,"turns":1.0},{"damage":0.0,"enemies":"Small Slimes","floor":2.0,"turns":1.0},{"damage":0.0,"enemies":"Gremlin Nob","floor":6.0,"turns":1.0},{"damage":29.0,"enemies":"Lagavulin","floor":8.0,"turns":7.0},{"damage":0.0,"enemies":"2 Louse","floor":10.0,"turns":2.0},{"damage":30.0,"enemies":"3 Sentries","floor":11.0,"turns":5.0},{"damage":6.0,"enemies":"Exordium Thugs","floor":14.0,"turns":3.0},{"damage":48.0,"enemies":"Slime Boss","floor":16.0,"turns":11.0},{"damage":7.0,"enemies":"Chosen","floor":18.0,"turns":4.0},{"damage":13.0,"enemies":"Spheric Guardian","floor":19.0,"turns":3.0},{"damage":22.0,"enemies":"Snecko","floor":22.0,"turns":4.0},{"damage":55.0,"enemies":"Book of Stabbing","floor":23.0,"turns":5.0},{"damage":25.0,"enemies":"Gremlin Leader","floor":25.0,"turns":4.0},{"damage":29,"enemies":"Chosen and Byrds","floor":27,"turns":4}],"seed_played":"713827068778289601","potions_obtained":[{"floor":1.0,"key":"Weak Potion"},{"floor":8.0,"key":"BloodPotion"},{"floor":10.0,"key":"Dexterity Potion"},{"floor":11.0,"key":"Dexterity Potion"},{"floor":18.0,"key":"SkillPotion"},{"floor":23.0,"key":"Explosive Potion"}],"is_trial":false,"path_per_floor":["M","M","?","?","$","E","R","E","T","M","E","?","T","M","R","B",null,"M","M","?","$","M","E","R","E","T","M"],"character_chosen":"IRONCLAD","items_purchased":["Spot Weakness","Happy Flower","Sling","Evolve","Dexterity Potion"],"campfire_rested":2,"item_purchase_floors":[5,21,21,21,21],"current_hp_per_floor":[80,80,55,55,55,61,61,38,38,44,20,20,20,20,44,10,80,79,72,72,72,56,7,31,12,12,0],"gold":137,"neow_bonus":"THREE_ENEMY_KILL","is_prod":false,"is_daily":false,"chose_seed":false,"campfire_upgraded":1,"win_rate":0,"timestamp":1552203428,"path_taken":["M","M","?","?","$","E","R","E","T","M","E","?","?","M","R","BOSS","M","M","?","$","M","E","R","E","T","M"],"build_version":"2019-01-23","purchased_purges":2,"victory":false,"max_hp_per_floor":[80,80,80,80,80,80,80,80,80,80,80,80,80,80,80,80,80,80,80,80,80,80,80,80,80,80,80],"card_choices":[{"not_picked":["Dual Wield","Flex"],"picked":"Warcry","floor":1.0},{"not_picked":["Wild Strike","Iron Wave"],"picked":"True Grit","floor":2.0},{"not_picked":["Pummel","Thunderclap"],"picked":"Headbutt","floor":6.0},{"not_picked":["Rupture","Corruption"],"picked":"Armaments","floor":8.0},{"not_picked":["Exhume","Armaments"],"picked":"Disarm","floor":10.0},{"not_picked":["Blood for Blood","Anger"],"picked":"Shrug It Off","floor":11.0},{"not_picked":["Cleave+1","Entrench"],"picked":"Rampage+1","floor":14.0},{"not_picked":["Fiend Fire+1","Double Tap"],"picked":"Immolate+1","floor":16.0},{"not_picked":["Perfected Strike+1","Wild Strike+1"],"picked":"Heavy Blade+1","floor":18.0},{"not_picked":["Pommel Strike+1","Sword Boomerang+1"],"picked":"True Grit","floor":19.0},{"not_picked":["Armaments","Wild Strike+1","Iron Wave+1"],"picked":"SKIP","floor":22.0},{"not_picked":["Power Through","Whirlwind+1"],"picked":"Juggernaut","floor":23.0},{"not_picked":["Wild Strike+1","Seeing Red"],"picked":"Clothesline+1","floor":25.0}],"player_experience":260770,"relics_obtained":[{"floor":6.0,"key":"Mercury Hourglass"},{"floor":8.0,"key":"Bronze Scales"},{"floor":9.0,"key":"Letter Opener"},{"floor":11.0,"key":"Molten Egg 2"},{"floor":13.0,"key":"Mummified Hand"},{"floor":23.0,"key":"Shuriken"},{"floor":23.0,"key":"Bottled Flame"},{"floor":25.0,"key":"Kunai"},{"floor":25.0,"key":"Toxic Egg 2"},{"floor":26.0,"key":"Potion Belt"}],"event_choices":[{"damage_healed":0.0,"max_hp_gain":0.0,"max_hp_loss":0.0,"gold_gain":0.0,"event_name":"Scrap Ooze","player_choice":"Success","floor":3.0,"gold_loss":0.0,"damage_taken":25.0,"relics_obtained":["Smiling Mask"]},{"damage_healed":0.0,"max_hp_gain":0.0,"max_hp_loss":0.0,"gold_gain":0.0,"event_name":"Golden Idol","player_choice":"Take Wound","floor":4.0,"gold_loss":0.0,"damage_taken":0.0,"relics_obtained":["Golden Idol"],"cards_obtained":["Injury"]},{"damage_healed":0.0,"max_hp_gain":0.0,"max_hp_loss":0.0,"gold_gain":175.0,"event_name":"Liars Game","player_choice":"AGREE","floor":12.0,"gold_loss":0.0,"damage_taken":0.0,"cards_obtained":["Doubt"]},{"damage_healed":0.0,"max_hp_gain":0.0,"max_hp_loss":0.0,"gold_gain":0.0,"event_name":"The Joust","player_choice":"Bet on Murderer","floor":20.0,"gold_loss":50.0,"damage_taken":0.0}],"is_beta":false,"boss_relics":[{"not_picked":["White Beast Statue","Astrolabe"],"picked":"Black Star"}],"items_purged_floors":[5,21],"is_endless":false,"potions_floor_spawned":[1,8,10,11,18,23],"killed_by":"Chosen and Byrds","ascension_level":3}