{"path_per_floor":["M","M","$","?","M","R","E","R","T","?","R","M","R","M","R","B",null,"M","$","?","?","$","R","M","?","T","R","M","$","R","M","R","B",null,"M","$","?","M","?","E","R","M","T","R","M","R","M","T","R","B"],"character_chosen":"IRONCLAD","items_purchased":["Shrug It Off","Body Slam"],"gold_per_floor":[110,120,70,70,88,88,123,123,150,150,150,162,162,176,176,274,274,289,214,314,314,214,214,198,198,245,245,264,116,116,133,133,229,229,248,98,0,20,20,54,54,71,71,71,81,81,95,143,143,143],"floor_reached":51,"campfire_rested":3,"playtime":1996,"item_purchase_floors":[3,29],"current_hp_per_floor":[80,80,80,85,85,85,54,54,54,47,47,48,48,54,54,26,85,73,73,73,73,73,73,81,81,81,81,85,85,85,93,93,31,95,72,72,72,79,74,43,75,50,50,50,50,85,92,92,115,83],"items_purged":["Strike_R","Writhe","Strike_R","Perfected Strike"],"gold":143,"score":748,"play_id":"07da1653-a40d-4500-810c-5df1ab3103e3","local_time":"20180527131924","is_prod":false,"is_daily":false,"chose_seed":false,"is_ascension_mode":false,"campfire_upgraded":10,"win_rate":0,"timestamp":1527398364,"campfire_choices":[{"data":"Pommel Strike","floor":6,"key":"SMITH"},{"data":"Armaments","floor":8,"key":"SMITH"},{"data":"Bash","floor":11,"key":"SMITH"},{"data":"Shrug It Off","floor":13,"key":"SMITH"},{"data":"Shrug It Off","floor":15,"key":"SMITH"},{"data":"Feed","floor":23,"key":"SMITH"},{"data":"Dual Wield","floor":27,"key":"SMITH"},{"data":"Body Slam","floor":30,"key":"SMITH"},{"data":"Headbutt","floor":32,"key":"SMITH"},{"floor":41,"key":"REST"},{"data":"Limit Break","floor":44,"key":"SMITH"},{"floor":46,"key":"REST"},{"floor":49,"key":"REST"}],"path_taken":["M","M","$","?","M","R","E","R","T","?","R","?","R","M","R","BOSS","M","$","?","?","$","R","M","?","T","R","M","?","R","M","R","BOSS","M","$","?","M","?","E","R","M","T","R","M","R","?","?","R","BOSS"],"build_version":"2018-05-24","seed_source_timestamp":70592296780577,"purchased_purges":4,"victory":true,"master_deck":["Bash+1","Pommel Strike+1","Shrug It Off+1","Shrug It Off+1","Armaments+1","Dual Wield+1","Headbutt+1","Feed+1","Iron Wave+1","Body Slam+1","Bludgeon","Battle Trance","Spot Weakness","Carnage","Havoc","Spot Weakness+1","Panacea","Apotheosis","Twin Strike","Limit Break+1","Disarm+1","Thunderclap+1"],"max_hp_per_floor":[80,80,80,85,85,85,85,85,85,85,85,85,85,85,85,85,85,85,85,85,85,85,85,87,87,87,87,93,93,93,95,95,95,95,95,95,95,101,101,107,107,107,107,107,111,113,115,115,115,119],"relics":["Burning Blood","Boot","Singing Bowl","Sozu","Anchor","Dream Catcher","Pandora\u0027s Box","Red Mask","Ginger","Dodecahedron","Bag of Preparation"],"card_choices":[{"not_picked":["Headbutt","Dual Wield"],"picked":"Pommel Strike","floor":1},{"not_picked":["Rage","Perfected Strike","Clothesline"],"picked":"SKIP","floor":2},{"not_picked":["Heavy Blade","Berserk"],"picked":"Shrug It Off","floor":5},{"not_picked":["Iron Wave","Havoc"],"picked":"Armaments","floor":7},{"not_picked":["Fire Breathing","Rupture"],"picked":"Dual Wield","floor":12},{"not_picked":["Shockwave","Flex"],"picked":"Headbutt","floor":14},{"not_picked":["Brutality","Reaper"],"picked":"Feed","floor":16},{"not_picked":["Burning Pact","Havoc"],"picked":"Iron Wave+1","floor":18},{"not_picked":["Clothesline","Perfected Strike","True Grit"],"picked":"Singing Bowl","floor":24},{"not_picked":["Wild Strike","Reckless Charge","Dual Wield+1"],"picked":"Singing Bowl","floor":28},{"not_picked":["Rampage","Headbutt","Clothesline"],"picked":"Singing Bowl","floor":31},{"not_picked":["Juggernaut","Feed"],"picked":"Bludgeon","floor":33},{"not_picked":["Anger+1","Clash"],"picked":"Spot Weakness+1","floor":35},{"not_picked":["Thunderclap","Immolate","Wild Strike"],"picked":"Singing Bowl","floor":38},{"not_picked":["Panache","Thinking Ahead"],"picked":"Panacea","floor":39},{"not_picked":["Flash of Steel","Purity"],"picked":"Apotheosis","floor":39},{"not_picked":["Armaments+1","Rupture+1","Shockwave"],"picked":"Singing Bowl","floor":40},{"not_picked":["Warcry","Body Slam"],"picked":"Twin Strike","floor":41},{"not_picked":["Combust+1","Armaments+1"],"picked":"Limit Break","floor":42},{"not_picked":["Perfected Strike+1","Corruption+1"],"picked":"Disarm+1","floor":45},{"not_picked":["Searing Blow","Cleave+1","Shockwave+1"],"picked":"Singing Bowl","floor":46},{"not_picked":["Iron Wave","Clothesline+1","Rampage+1"],"picked":"Singing Bowl","floor":47},{"not_picked":["Perfected Strike","Body Slam"],"picked":"Thunderclap+1","floor":49}],"player_experience":659742,"potions_floor_usage":[7,50],"damage_taken":[{"damage":6,"enemies":"2 Louse","floor":1,"turns":3},{"damage":1,"enemies":"Jaw Worm","floor":2,"turns":3},{"damage":1,"enemies":"Cultist","floor":5,"turns":4},{"damage":37,"enemies":"Lagavulin","floor":7,"turns":9},{"damage":5,"enemies":"Looter","floor":12,"turns":3},{"damage":0,"enemies":"3 Louse","floor":14,"turns":4},{"damage":34,"enemies":"The Guardian","floor":16,"turns":14},{"damage":18,"enemies":"Chosen","floor":18,"turns":4},{"damage":0,"enemies":"2 Thieves","floor":24,"turns":4},{"damage":8,"enemies":"Cultist and Chosen","floor":28,"turns":7},{"damage":0,"enemies":"Snake Plant","floor":31,"turns":2},{"damage":68,"enemies":"Automaton","floor":33,"turns":12},{"damage":29,"enemies":"3 Darklings","floor":35,"turns":6},{"damage":5,"enemies":"3 Shapes","floor":38,"turns":4},{"damage":43,"enemies":"Nemesis","floor":40,"turns":5},{"damage":31,"enemies":"Maw","floor":42,"turns":6},{"damage":10,"enemies":"4 Shapes","floor":45,"turns":6},{"damage":1,"enemies":"3 Darklings","floor":47,"turns":4},{"damage":42,"enemies":"Awakened One","floor":50,"turns":7}],"relics_obtained":[{"floor":7,"key":"Boot"},{"floor":9,"key":"Singing Bowl"},{"floor":26,"key":"Dream Catcher"},{"floor":40,"key":"Ginger"},{"floor":43,"key":"Dodecahedron"},{"floor":48,"key":"Bag of Preparation"}],"event_choices":[{"event_name":"Big Fish","player_choice":"Donut","floor":4,"damage_taken":0},{"event_name":"Golden Wing","player_choice":"Card Removal","floor":10,"damage_taken":0},{"event_name":"Golden Shrine","player_choice":"Pray","floor":20,"damage_taken":0},{"event_name":"The Mausoleum","player_choice":"Yes","floor":21,"damage_taken":0},{"event_name":"Ghosts","player_choice":"Ignored","floor":25,"damage_taken":0},{"event_name":"Tomb of Lord Red Mask","player_choice":"Paid","floor":37,"damage_taken":0},{"event_name":"SensoryStone","player_choice":"Memory 2","floor":39,"damage_taken":0}],"boss_relics":[{"not_picked":["Runic Pyramid","Astrolabe"],"picked":"Sozu"},{"not_picked":["Velvet Choker","Calling Bell"],"picked":"Pandora\u0027s Box"}],"items_purged_floors":[19,22,29,36],"potions_floor_spawned":[2,5,7,16,28,31,38,42,45],"seed_played":"-8869751138263178950","ascension_level":0,"potions_obtained":[{"floor":2,"key":"FairyPotion"},{"floor":5,"key":"PowerPotion"},{"floor":7,"key":"AttackPotion"},{"floor":16,"key":"Energy Potion"}],"is_trial":false}