{"gold_per_floor":[215,232,252,267,267,267,280,280,280,555,569,131,159,178,178,277,277,288,188,208,219,232,232,242,242,242,259,292,306,316,328,328,427,427,445,500,511,531,531,531,90,190,266,266,299,317,417,436,436,436,436,436,10,65,65],"floor_reached":55,"playtime":3477,"items_purged":["Regret","Strike_B","Strike_B+1"],"score":752,"play_id":"7b73111c-f5aa-467c-805b-d18bde4637f8","local_time":"20190317204731","is_ascension_mode":false,"campfire_choices":[{"data":"Genetic Algorithm","floor":6,"key":"SMITH"},{"data":"Zap","floor":8,"key":"SMITH"},{"data":"Dualcast","floor":15,"key":"SMITH"},{"data":"Echo Form","floor":23,"key":"SMITH"},{"data":"Conserve Battery","floor":25,"key":"SMITH"},{"data":"Redo","floor":32,"key":"SMITH"},{"data":"Leap","floor":40,"key":"SMITH"},{"floor":44,"key":"RECALL"},{"data":"Multi-Cast","floor":49,"key":"SMITH"},{"data":"Transmutation","floor":52,"key":"SMITH"}],"neow_cost":"NONE","seed_source_timestamp":1919870175500176,"circlet_count":0,"master_deck":["Strike_B+1","Defend_B+1","Defend_B+1","Zap+1","Dualcast+1","Glacier","Genetic Algorithm+1","Doom and Gloom","Redo+1","Leap+1","Electrodynamics","Conserve Battery+1","Echo Form+1","Ball Lightning","Multi-Cast+1","Streamline+1","Core Surge","Redo","Core Surge","Seek+1","Hyperbeam+1","Multi-Cast+1","Redo+1","Ball Lightning","Cold Snap","Transmutation+1","Skim+1","Leap+1","Conserve Battery+1","Conserve Battery+1"],"relics":["Cracked Core","Ancient Tea Set","Happy Flower","Busted Crown","Meat on the Bone","Pear","Astrolabe","Pocketwatch","Cables","Potion Belt","Dodecahedron","War Paint","Girya","Calipers","Anchor"],"potions_floor_usage":[11,11,16,22,33,33,38,50,50,55],"damage_taken":[{"damage":6,"enemies":"2 Louse","floor":1,"turns":3},{"damage":0,"enemies":"Cultist","floor":2,"turns":4},{"damage":0,"enemies":"Jaw Worm","floor":3,"turns":4},{"damage":8,"enemies":"Red Slaver","floor":4,"turns":4},{"damage":8,"enemies":"3 Louse","floor":7,"turns":3},{"damage":6,"enemies":"Exordium Wildlife","floor":11,"turns":4},{"damage":10,"enemies":"Lagavulin","floor":13,"turns":6},{"damage":1,"enemies":"Lots of Slimes","floor":14,"turns":3},{"damage":17,"enemies":"The Guardian","floor":16,"turns":9},{"damage":7,"enemies":"Shell Parasite","floor":18,"turns":4},{"damage":0,"enemies":"Chosen","floor":20,"turns":3},{"damage":0,"enemies":"Sentry and Sphere","floor":21,"turns":3},{"damage":9,"enemies":"Snake Plant","floor":22,"turns":4},{"damage":7,"enemies":"Centurion and Healer","floor":24,"turns":3},{"damage":17,"enemies":"Snecko","floor":27,"turns":5},{"damage":3,"enemies":"Book of Stabbing","floor":28,"turns":5},{"damage":0,"enemies":"3 Cultists","floor":29,"turns":2},{"damage":0,"enemies":"Chosen and Byrds","floor":30,"turns":3},{"damage":15,"enemies":"Shelled Parasite and Fungi","floor":31,"turns":7},{"damage":7,"enemies":"Automaton","floor":33,"turns":8},{"damage":1,"enemies":"Orb Walker","floor":35,"turns":4},{"damage":75,"enemies":"2 Orb Walkers","floor":36,"turns":6},{"damage":3,"enemies":"3 Shapes","floor":37,"turns":2},{"damage":21,"enemies":"Maw","floor":38,"turns":7},{"damage":0,"enemies":"Reptomancer","floor":45,"turns":5},{"damage":6,"enemies":"Spire Growth","floor":46,"turns":3},{"damage":1,"enemies":"Mind Bloom Boss Battle","floor":47,"turns":5},{"damage":0,"enemies":"Sphere and 2 Shapes","floor":48,"turns":4},{"damage":67,"enemies":"Time Eater","floor":50,"turns":15},{"damage":41,"enemies":"Shield and Spear","floor":54,"turns":7},{"damage":49,"enemies":"The Heart","floor":55,"turns":8}],"seed_played":"1021897885211255500","potions_obtained":[{"floor":2,"key":"Block Potion"},{"floor":3,"key":"Fire Potion"},{"floor":7,"key":"SkillPotion"},{"floor":11,"key":"FocusPotion"},{"floor":22,"key":"Fruit Juice"},{"floor":28,"key":"SteroidPotion"},{"floor":29,"key":"Explosive Potion"},{"floor":37,"key":"Regen Potion"},{"floor":38,"key":"Ancient Potion"},{"floor":48,"key":"Regen Potion"}],"is_trial":false,"path_per_floor":["M","M","M","M","?","R","M","R","T","?","M","$","E","M","R","B",null,"M","$","M","M","M","R","M","R","T","M","E","M","M","M","R","B",null,"M","?","M","M","?","R","$","?","T","R","E","M","?","M","R","B",null,"R","$","E","B"],"character_chosen":"DEFECT","items_purchased":["Leap","Electrodynamics","Ancient Tea Set","Conserve Battery","Cables","Potion Belt","Block Potion","Calipers"],"campfire_rested":0,"item_purchase_floors":[12,12,12,12,41,41,41,53],"current_hp_per_floor":[69,69,69,61,46,46,38,38,38,38,32,32,22,21,21,4,75,68,68,68,68,64,64,57,57,57,52,59,59,59,56,56,49,90,89,26,35,38,38,38,38,38,38,38,50,56,55,55,55,15,90,90,90,49,0],"gold":65,"neow_bonus":"HUNDRED_GOLD","is_prod":false,"is_daily":false,"chose_seed":false,"campfire_upgraded":9,"win_rate":0,"timestamp":1552826851,"path_taken":["M","M","M","M","?","R","M","R","T","?","M","$","E","?","R","BOSS","M","$","M","M","M","R","M","R","T","M","E","M","?","M","R","BOSS","M","?","M","M","?","R","$","?","T","R","E","?","?","M","R","BOSS","R","$","E","BOSS"],"build_version":"2019-01-23","purchased_purges":3,"victory":false,"max_hp_per_floor":[75,75,75,75,75,75,75,75,75,75,75,75,75,75,75,75,75,75,75,75,75,80,80,80,80,80,80,90,90,90,90,90,90,90,90,90,90,90,90,90,90,90,90,90,90,90,90,90,90,90,90,90,90,90,90],"card_choices":[{"not_picked":["Hologram","Loop"],"picked":"Glacier","floor":1},{"not_picked":["Redo","Beam Cell"],"picked":"Genetic Algorithm","floor":2},{"not_picked":["Gash","Turbo"],"picked":"Doom and Gloom","floor":3},{"not_picked":["Turbo","Gash","Streamline"],"picked":"SKIP","floor":4},{"not_picked":["Consume","Beam Cell","Doom and Gloom"],"picked":"SKIP","floor":7},{"not_picked":["Beam Cell","Coolheaded"],"picked":"Redo","floor":11},{"not_picked":["Stack","Leap"],"picked":"Echo Form","floor":13},{"not_picked":["Beam Cell","Doom and Gloom"],"picked":"Ball Lightning","floor":14},{"not_picked":["Machine Learning","Hyperbeam"],"picked":"Multi-Cast","floor":16},{"not_picked":[],"picked":"Streamline+1","floor":18},{"not_picked":["Barrage"],"picked":"SKIP","floor":20},{"not_picked":["Streamline+1"],"picked":"SKIP","floor":21},{"not_picked":["Scrape"],"picked":"SKIP","floor":22},{"not_picked":["Fusion"],"picked":"SKIP","floor":24},{"not_picked":[],"picked":"Core Surge","floor":27},{"not_picked":[],"picked":"Redo","floor":28},{"not_picked":["Rip and Tear+1"],"picked":"SKIP","floor":29},{"not_picked":["Barrage"],"picked":"SKIP","floor":30},{"not_picked":["Beam Cell"],"picked":"SKIP","floor":31},{"not_picked":[],"picked":"Core Surge","floor":33},{"not_picked":[],"picked":"Redo+1","floor":35},{"not_picked":[],"picked":"Ball Lightning","floor":36},{"not_picked":[],"picked":"Cold Snap","floor":37},{"not_picked":["Barrage"],"picked":"SKIP","floor":38},{"not_picked":[],"picked":"Transmutation","floor":39},{"not_picked":[],"picked":"Skim+1","floor":45},{"not_picked":[],"picked":"Leap+1","floor":46},{"not_picked":[],"picked":"Conserve Battery+1","floor":47},{"not_picked":["Compile Driver"],"picked":"SKIP","floor":48},{"not_picked":[],"picked":"Conserve Battery+1","floor":54}],"player_experience":857086,"relics_obtained":[{"floor":13,"key":"Happy Flower"},{"floor":26,"key":"Meat on the Bone"},{"floor":28,"key":"Pear"},{"floor":36,"key":"Pocketwatch"},{"floor":43,"key":"Dodecahedron"},{"floor":45,"key":"War Paint"},{"floor":47,"key":"Girya"},{"floor":54,"key":"Anchor"}],"event_choices":[{"damage_healed":0,"gold_gain":0,"player_choice":"Entered Light","damage_taken":15,"max_hp_gain":0,"max_hp_loss":0,"event_name":"Shining Light","floor":5,"gold_loss":0,"cards_upgraded":["Strike_B","Strike_B"]},{"damage_healed":0,"gold_gain":275,"player_choice":"Desecrate","damage_taken":0,"max_hp_gain":0,"max_hp_loss":0,"event_name":"Golden Shrine","floor":10,"gold_loss":0,"cards_obtained":["Regret"]},{"damage_healed":0,"gold_gain":0,"player_choice":"Fight","damage_taken":0,"max_hp_gain":0,"max_hp_loss":0,"event_name":"Mysterious Sphere","floor":36,"gold_loss":0},{"damage_healed":0,"gold_gain":0,"player_choice":"Memory 1","damage_taken":0,"max_hp_gain":0,"max_hp_loss":0,"event_name":"SensoryStone","floor":39,"gold_loss":0},{"damage_healed":0,"gold_gain":100,"player_choice":"Pray","damage_taken":0,"max_hp_gain":0,"max_hp_loss":0,"event_name":"Golden Shrine","floor":42,"gold_loss":0},{"damage_healed":0,"gold_gain":0,"player_choice":"Fight","damage_taken":0,"max_hp_gain":0,"max_hp_loss":0,"event_name":"MindBloom","floor":47,"gold_loss":0}],"is_beta":false,"boss_relics":[{"not_picked":["Velvet Choker","Eternal Feather"],"picked":"Busted Crown"},{"not_picked":["Fusion Hammer","White Beast Statue"],"picked":"Astrolabe"}],"items_purged_floors":[12,19,53],"is_endless":false,"potions_floor_spawned":[2,3,7,11,22,28,29,31,37,38,48],"killed_by":"The Heart","ascension_level":0}