{"path_per_floor":["M","M","M","M","M","R","M","R","T","M","$","M","M","M","R","B",null,"M","$","?","M","$","M","R","M","T","R","M","?","M","M","R","B",null,"M","$","$","?","M","E","R","?","T","M","R","?","M","$","R","B"],"character_chosen":"IRONCLAD","items_purchased":["Battle Trance","Uppercut","Apotheosis","Corruption"],"gold_per_floor":[112,128,138,156,176,176,191,191,214,227,42,54,73,84,84,188,188,206,13,13,23,23,34,34,47,47,47,66,66,79,94,94,192,192,205,27,27,0,10,39,39,39,108,125,125,125,135,10,10,10],"floor_reached":51,"campfire_rested":2,"playtime":4390,"current_hp_per_floor":[72,65,60,50,50,50,51,51,51,49,49,51,51,48,48,13,72,68,68,68,70,70,56,56,50,64,64,48,31,12,10,37,31,91,81,81,81,81,74,68,68,91,91,83,83,83,75,75,91,76],"items_purged":["Strike_R","Strike_R","Strike_R"],"gold":10,"score":527,"play_id":"6f05a471-f266-4fcb-a63a-673fa913e5fd","is_prod":false,"is_daily":false,"is_ascension_mode":false,"campfire_upgraded":7,"path_taken":["M","M","M","M","M","R","M","R","T","M","$","M","M","M","R","BOSS","M","$","?","M","$","M","R","M","T","R","?","?","M","M","R","BOSS","M","?","$","?","M","E","R","?","T","M","R","?","?","$","R","BOSS"],"build_version":"2018-02-22-PROD2","purchased_purges":3,"victory":true,"master_deck":["Strike_R","Strike_R","Defend_R","Defend_R","Defend_R","Defend_R","Bash","Berserk+1","Headbutt","Shrug It Off","Cleave","Offering+1","Rampage+1","Wild Strike","Flex+1","Battle Trance","Uppercut+1","Spot Weakness","Shrug It Off","Iron Wave","Demon Form","Seeing Red+1","Apotheosis+1","Offering","Entrench+1","Offering","Body Slam","Power Through+1","Barricade","Warcry+1","Exhume","Body Slam+1","Corruption","Dual Wield+1","Blood for Blood+1","Writhe","Pommel Strike+1","Body Slam+1"],"max_hp_per_floor":[72,72,72,72,72,72,72,72,72,72,72,72,72,72,72,72,72,72,72,72,72,72,72,72,72,86,86,86,91,91,91,91,91,91,91,91,91,91,91,91,91,91,91,91,91,91,91,91,91,91],"relics":["Burning Blood","Pen Nib","Sozu","Mango","Runic Cube","Red Mask","War Paint","Gremlin Horn"],"card_choices":[{"not_picked":["Reaper","Brutality"],"picked":"Berserk"},{"not_picked":["Warcry","Sword Boomerang"],"picked":"Headbutt"},{"not_picked":["Disarm","Whirlwind"],"picked":"Shrug It Off"},{"not_picked":["Warcry","Anger"],"picked":"Cleave"},{"not_picked":["Thunderclap","Clash"],"picked":"Offering"},{"not_picked":["Anger","Sentinel"],"picked":"Rampage"},{"not_picked":["Rage","Shockwave"],"picked":"Wild Strike"},{"not_picked":["Armaments","Combust"],"picked":"Flex"},{"not_picked":["Power Through","Evolve"],"picked":"Spot Weakness"},{"not_picked":["Wild Strike","Clash"],"picked":"Shrug It Off"},{"not_picked":["Ghostly Armor","Armaments"],"picked":"Iron Wave"},{"not_picked":["Brutality","Bludgeon"],"picked":"Demon Form"},{"not_picked":["Sword Boomerang","Havoc"],"picked":"Seeing Red"},{"not_picked":["Cleave","Flex"],"picked":"Entrench"},{"not_picked":["Evolve","Havoc"],"picked":"Offering"},{"not_picked":["Iron Wave","Clothesline"],"picked":"Body Slam"},{"not_picked":["Perfected Strike","Body Slam"],"picked":"Power Through"},{"not_picked":["Shrug It Off","Battle Trance"],"picked":"Barricade"},{"not_picked":["Perfected Strike","Corruption"],"picked":"Warcry"},{"not_picked":["Reaper","Fiend Fire"],"picked":"Exhume"},{"not_picked":["Perfected Strike","Evolve"],"picked":"Body Slam"},{"not_picked":["Corruption","Cleave"],"picked":"Dual Wield"},{"not_picked":["Metallicize","Evolve"],"picked":"Blood for Blood"},{"not_picked":["True Grit","Armaments"],"picked":"Pommel Strike"},{"not_picked":["Entrench","Flame Barrier"],"picked":"Body Slam"}],"player_experience":116820,"potions_floor_usage":[16],"damage_taken":[{"damage":2,"enemies":"2 Louse","floor":1,"turns":4},{"damage":13,"enemies":"Cultist","floor":2,"turns":5},{"damage":11,"enemies":"Jaw Worm","floor":3,"turns":3},{"damage":16,"enemies":"Exordium Wildlife","floor":4,"turns":7},{"damage":6,"enemies":"Exordium Thugs","floor":5,"turns":5},{"damage":5,"enemies":"Lots of Slimes","floor":7,"turns":2},{"damage":8,"enemies":"2 Fungi Beasts","floor":10,"turns":3},{"damage":4,"enemies":"Looter","floor":12,"turns":2},{"damage":6,"enemies":"3 Louse","floor":13,"turns":2},{"damage":9,"enemies":"2 Fungi Beasts","floor":14,"turns":3},{"damage":56,"enemies":"Hexaghost","floor":16,"turns":11},{"damage":10,"enemies":"Spheric Guardian","floor":18,"turns":3},{"damage":4,"enemies":"Chosen","floor":21,"turns":2},{"damage":20,"enemies":"3 Cultists","floor":23,"turns":6},{"damage":12,"enemies":"Snecko","floor":25,"turns":5},{"damage":22,"enemies":"Slaver and Parasite","floor":28,"turns":4},{"damage":25,"enemies":"Snake Plant","floor":30,"turns":4},{"damage":8,"enemies":"Cultist and Chosen","floor":31,"turns":3},{"damage":12,"enemies":"Collector","floor":33,"turns":3},{"damage":16,"enemies":"3 Darklings","floor":35,"turns":5},{"damage":13,"enemies":"3 Shapes","floor":39,"turns":4},{"damage":12,"enemies":"Giant Head","floor":40,"turns":4},{"damage":14,"enemies":"Maw","floor":44,"turns":4},{"damage":14,"enemies":"Sphere and 2 Shapes","floor":47,"turns":4},{"damage":21,"enemies":"Awakened One","floor":50,"turns":9}],"event_choices":[{"event_name":"Duplicator","player_choice":"One dupe","floor":20,"damage_taken":0},{"event_name":"Forgotten Altar","player_choice":"Shed Blood","floor":29,"damage_taken":0},{"event_name":"Tomb of Lord Red Mask","player_choice":"Paid","floor":38,"damage_taken":0},{"event_name":"Winding Halls","player_choice":"Writhe","floor":42,"damage_taken":0},{"event_name":"The Lab","player_choice":"Got Potions","floor":46,"damage_taken":0}],"boss_relics":[{"not_picked":["Snecko Eye","Runic Pyramid"],"picked":"Sozu"},{"not_picked":["Runic Dome","Calling Bell"],"picked":"Runic Cube"}],"potions_floor_spawned":[2,5,12,13,14,21,23,25,31,35,39,44],"seed_played":"-7006096201843163136","ascension_level":0,"is_trial":false}