{"gold_per_floor":[113,288,298,298,14,14,43,118,144,144,144,157,13,25,25,120,120,134,134,234,246,265,265,277,277,277,295,295,120,146,21,21,121,121,137,137,137,137,148,148,248,264,264,281,281,0,0,0,0,0],"floor_reached":51,"playtime":1885,"items_purged":["Strike_R","Warcry","Dropkick"],"score":711,"play_id":"6b1e6f72-7e8a-4177-a1d7-d2164923bbe4","local_time":"20190420153855","is_ascension_mode":false,"campfire_choices":[{"data":"Twin Strike","floor":6.0,"key":"SMITH"},{"data":"Shockwave","floor":11.0,"key":"SMITH"},{"data":"Inflame","floor":15.0,"key":"SMITH"},{"data":"Seeing Red","floor":23,"key":"SMITH"},{"data":"Inflame","floor":25,"key":"SMITH"},{"floor":32,"key":"REST"},{"data":"1","floor":40,"key":"LIFT"},{"data":"2","floor":45,"key":"LIFT"},{"data":"3","floor":49,"key":"LIFT"}],"neow_cost":"NONE","seed_source_timestamp":2110205562905,"circlet_count":0,"master_deck":["Bash+1","Headbutt","Twin Strike+1","Shockwave+1","Inflame+1","Double Tap","Flame Barrier","Disarm","Seeing Red+1","Clash","Iron Wave","Inflame+1","Heavy Blade+1","Flex","Inflame","Disarm","Havoc+1","Madness","Whirlwind+1","Rampage+1","Burning Pact","Flame Barrier","Dark Shackles"],"special_seed":0,"relics":["Black Blood","Medical Kit","Bag of Preparation","Bronze Scales","Gremlin Horn","Red Skull","Pandora\u0027s Box","MutagenicStrength","Dead Branch","Ornamental Fan","Girya","Happy Flower","Shovel","Bird Faced Urn","DollysMirror"],"potions_floor_usage":[20,30,30,33,50,50],"damage_taken":[{"damage":11.0,"enemies":"Jaw Worm","floor":1.0,"turns":3.0},{"damage":0.0,"enemies":"2 Louse","floor":3.0,"turns":2.0},{"damage":31.0,"enemies":"Lagavulin","floor":7.0,"turns":5.0},{"damage":5.0,"enemies":"Small Slimes","floor":12.0,"turns":3.0},{"damage":5.0,"enemies":"Exordium Wildlife","floor":14.0,"turns":4.0},{"damage":26.0,"enemies":"The Guardian","floor":16.0,"turns":9.0},{"damage":12.0,"enemies":"Shell Parasite","floor":18.0,"turns":4.0},{"damage":19,"enemies":"Colosseum Slavers","floor":20,"turns":2},{"damage":24,"enemies":"Colosseum Nobs","floor":20,"turns":3},{"damage":0,"enemies":"Chosen","floor":21,"turns":4},{"damage":0,"enemies":"Sentry and Sphere","floor":22,"turns":2},{"damage":3,"enemies":"Cultist and Chosen","floor":24,"turns":4},{"damage":6,"enemies":"Snake Plant","floor":27,"turns":4},{"damage":9,"enemies":"Book of Stabbing","floor":30,"turns":3},{"damage":28,"enemies":"Automaton","floor":33,"turns":6},{"damage":13,"enemies":"3 Darklings","floor":35,"turns":4},{"damage":7,"enemies":"Orb Walker","floor":39,"turns":3},{"damage":13,"enemies":"Mind Bloom Boss Battle","floor":41,"turns":5},{"damage":18,"enemies":"4 Shapes","floor":42,"turns":3},{"damage":10,"enemies":"Transient","floor":44,"turns":5},{"damage":34,"enemies":"Time Eater","floor":50,"turns":8}],"seed_played":"3220307085396505196","potions_obtained":[{"floor":3.0,"key":"Fire Potion"},{"floor":16.0,"key":"Explosive Potion"},{"floor":18.0,"key":"Weak Potion"},{"floor":20,"key":"GamblersBrew"},{"floor":21,"key":"Dexterity Potion"},{"floor":22,"key":"PowerPotion"},{"floor":42,"key":"Weak Potion"},{"floor":44,"key":"LiquidBronze"}],"is_trial":false,"path_per_floor":["M","?","M","?","$","R","E","?","T","T","R","M","$","M","R","B",null,"M","?","?","M","M","R","M","R","T","M","?","$","E","$","R","B",null,"M","?","$","?","M","R","?","M","T","M","R","$","?","?","R","B",null],"character_chosen":"IRONCLAD","items_purchased":["Medical Kit","Red Skull","Inflame","DollysMirror","Dark Shackles"],"campfire_rested":1,"item_purchase_floors":[5,13,29,46,46],"current_hp_per_floor":[75,75,80,80,80,80,55,44,44,44,44,45,45,46,46,26,80,74,74,43,49,55,55,58,58,58,58,43,43,40,40,65,43,85,82,82,82,71,74,74,71,63,63,71,71,71,71,71,71,53],"gold":0,"neow_bonus":"UPGRADE_CARD","is_prod":false,"is_daily":false,"chose_seed":false,"campfire_upgraded":5,"win_rate":0,"timestamp":1555796335,"path_taken":["M","?","M","?","$","R","E","?","T","?","R","M","?","M","R","BOSS","M","?","?","M","?","R","M","R","T","M","?","$","E","$","R","BOSS","M","?","$","?","M","R","?","M","T","?","R","$","?","?","R","BOSS"],"build_version":"2019-01-23","purchased_purges":3,"victory":true,"max_hp_per_floor":[80,80,80,80,80,80,80,80,80,80,80,80,80,80,80,80,80,80,80,80,80,80,80,80,80,80,80,85,85,85,85,85,85,85,85,85,85,85,85,85,85,85,85,85,85,85,85,85,85,85],"card_choices":[{"not_picked":["Ghostly Armor","Rupture"],"picked":"Headbutt","floor":1.0},{"not_picked":["Dropkick","Havoc"],"picked":"Twin Strike","floor":3.0},{"not_picked":["Flame Barrier","Feel No Pain"],"picked":"Shockwave","floor":7.0},{"not_picked":["Wild Strike","Armaments","Pommel Strike"],"picked":"SKIP","floor":12.0},{"not_picked":["True Grit","Uppercut"],"picked":"Inflame","floor":14.0},{"not_picked":["Offering","Bludgeon"],"picked":"Double Tap","floor":16.0},{"not_picked":["Body Slam","Searing Blow","Havoc"],"picked":"SKIP","floor":18.0},{"not_picked":["Dark Embrace","Metallicize+1"],"picked":"Heavy Blade+1","floor":21},{"not_picked":["Flame Barrier","Fire Breathing+1","Feel No Pain"],"picked":"SKIP","floor":22},{"not_picked":["Flame Barrier","Fire Breathing+1","Feel No Pain"],"picked":"SKIP","floor":22},{"not_picked":["Iron Wave","Thunderclap+1","Anger"],"picked":"SKIP","floor":24},{"not_picked":["Demon Form","Cleave"],"picked":"Flex","floor":27},{"not_picked":["Warcry","Sword Boomerang"],"picked":"Disarm","floor":30},{"not_picked":["Flex","Clash+1"],"picked":"Havoc+1","floor":35},{"not_picked":["Power Through","Thunderclap+1"],"picked":"Whirlwind+1","floor":39},{"not_picked":["Spot Weakness","Body Slam+1"],"picked":"Rampage+1","floor":41},{"not_picked":["Havoc","Burning Pact","Cleave+1"],"picked":"SKIP","floor":42},{"not_picked":["Havoc","Cleave+1"],"picked":"Burning Pact","floor":42},{"not_picked":["Shockwave","Twin Strike","Thunderclap"],"picked":"SKIP","floor":44}],"player_experience":1268178,"relics_obtained":[{"floor":7.0,"key":"Bag of Preparation"},{"floor":9.0,"key":"Bronze Scales"},{"floor":10.0,"key":"Gremlin Horn"},{"floor":20,"key":"Dead Branch"},{"floor":20,"key":"Ornamental Fan"},{"floor":26,"key":"Girya"},{"floor":30,"key":"Happy Flower"},{"floor":41,"key":"Shovel"},{"floor":43,"key":"Bird Faced Urn"}],"event_choices":[{"damage_healed":0.0,"max_hp_gain":0.0,"max_hp_loss":0.0,"gold_gain":175.0,"event_name":"Liars Game","player_choice":"AGREE","floor":2.0,"gold_loss":0.0,"damage_taken":0.0,"cards_obtained":["Doubt"]},{"cards_removed":["Doubt"],"damage_healed":0.0,"max_hp_gain":0.0,"max_hp_loss":0.0,"gold_gain":0.0,"event_name":"Living Wall","player_choice":"Forget","floor":4.0,"gold_loss":0.0,"damage_taken":0.0},{"damage_healed":0.0,"max_hp_gain":0.0,"max_hp_loss":0.0,"gold_gain":75.0,"event_name":"World of Goop","player_choice":"Gather Gold","floor":8.0,"gold_loss":0.0,"damage_taken":11.0},{"damage_healed":0.0,"max_hp_gain":0.0,"max_hp_loss":0.0,"gold_gain":0.0,"event_name":"Drug Dealer","player_choice":"Inject Mutagens","floor":19.0,"gold_loss":0.0,"damage_taken":0.0,"relics_obtained":["MutagenicStrength"]},{"damage_healed":0,"gold_gain":0,"player_choice":"Fight","damage_taken":0,"max_hp_gain":0,"max_hp_loss":0,"event_name":"Colosseum","floor":20,"gold_loss":0},{"damage_healed":0,"gold_gain":0,"player_choice":"Fought Nobs","damage_taken":0,"max_hp_gain":0,"max_hp_loss":0,"event_name":"Colosseum","floor":20,"gold_loss":0},{"damage_healed":0,"gold_gain":0,"player_choice":"Shed Blood","damage_taken":20,"max_hp_gain":5,"max_hp_loss":0,"event_name":"Forgotten Altar","floor":28,"gold_loss":0},{"damage_healed":0,"gold_gain":0,"player_choice":"Ignored","damage_taken":0,"max_hp_gain":0,"max_hp_loss":0,"event_name":"Tomb of Lord Red Mask","floor":36,"gold_loss":0},{"damage_healed":0,"gold_gain":0,"player_choice":"Embrace Madness","damage_taken":11,"max_hp_gain":0,"max_hp_loss":0,"event_name":"Winding Halls","floor":38,"gold_loss":0,"cards_obtained":["Madness","Madness"]},{"damage_healed":0,"gold_gain":0,"player_choice":"Fight","damage_taken":0,"max_hp_gain":0,"max_hp_loss":0,"event_name":"MindBloom","floor":41,"gold_loss":0},{"damage_healed":0,"gold_gain":0,"player_choice":"Ignored","damage_taken":0,"max_hp_gain":0,"max_hp_loss":0,"event_name":"Mysterious Sphere","floor":47,"gold_loss":0},{"cards_removed":["Madness"],"damage_healed":0,"gold_gain":0,"player_choice":"Removed Skill","damage_taken":0,"max_hp_gain":0,"max_hp_loss":0,"event_name":"Falling","floor":48,"gold_loss":0}],"is_beta":false,"boss_relics":[{"not_picked":["Tiny House","White Beast Statue"],"picked":"Pandora\u0027s Box"},{"not_picked":["Black Star","Calling Bell"],"picked":"Black Blood"}],"items_purged_floors":[5,29,31],"is_endless":false,"potions_floor_spawned":[3,16,18,20,21,22,27,42,44],"ascension_level":0}