{"gold_per_floor":[116,37,50,65,65,65,106,106,106,124,124,137,137,158,158,158],"floor_reached":16,"playtime":1548,"items_purged":[],"score":102,"play_id":"00719249-8557-4ec8-b47d-e75dd2a1f8ff","local_time":"20190214020101","is_ascension_mode":false,"campfire_choices":[{"data":"Catalyst","floor":6,"key":"SMITH"},{"floor":8,"key":"REST"},{"data":"Envenom","floor":13,"key":"SMITH"},{"floor":15,"key":"REST"}],"neow_cost":"PERCENT_DAMAGE","seed_source_timestamp":84367089903300,"circlet_count":0,"master_deck":["Defend_G","Defend_G","Defend_G","Strike_G","Strike_G","Strike_G","Strike_G","Strike_G","Survivor","Neutralize","Backstab","Deadly Poison","Cloak And Dagger","Escape Plan","Backstab","Catalyst+1","Envenom+1","Sucker Punch","Distraction+1","Prepared+1"],"relics":["Ring of the Snake","Golden Idol","Bottled Lightning","Regal Pillow","Toxic Egg 2"],"potions_floor_usage":[7,14,16,16],"damage_taken":[{"damage":4,"enemies":"Cultist","floor":1,"turns":3},{"damage":0,"enemies":"Small Slimes","floor":3,"turns":2},{"damage":0,"enemies":"Jaw Worm","floor":4,"turns":2},{"damage":15,"enemies":"3 Sentries","floor":7,"turns":11},{"damage":9,"enemies":"3 Louse","floor":10,"turns":3},{"damage":2,"enemies":"Lots of Slimes","floor":12,"turns":4},{"damage":11,"enemies":"Exordium Wildlife","floor":14,"turns":3},{"damage":64,"enemies":"Slime Boss","floor":16,"turns":15}],"seed_played":"-4947792360038400255","potions_obtained":[{"floor":3,"key":"GamblersBrew"},{"floor":4,"key":"Fire Potion"},{"floor":7,"key":"AttackPotion"},{"floor":12,"key":"Energy Potion"},{"floor":14,"key":"PowerPotion"}],"is_trial":false,"path_per_floor":["M","$","M","M","?","R","E","R","T","M","T","M","R","M","R","B"],"character_chosen":"THE_SILENT","items_purchased":["Escape Plan"],"campfire_rested":2,"item_purchase_floors":[2],"current_hp_per_floor":[45,45,45,45,45,45,30,49,49,40,40,38,38,27,61,0],"gold":158,"neow_bonus":"TRANSFORM_TWO_CARDS","is_prod":false,"is_daily":false,"chose_seed":false,"campfire_upgraded":2,"win_rate":0.0,"timestamp":1550106061,"path_taken":["M","?","M","M","?","R","E","R","T","M","?","M","R","M","R","BOSS"],"build_version":"2019-01-23","purchased_purges":0,"victory":false,"max_hp_per_floor":[70,70,70,70,65,65,65,65,65,65,65,65,65,65,65,65],"card_choices":[{"not_picked":["Bane","Distraction"],"picked":"Cloak And Dagger","floor":1},{"not_picked":["Dagger Throw","Bane"],"picked":"Backstab","floor":3},{"not_picked":["Backflip","Blade Dance"],"picked":"Catalyst","floor":4},{"not_picked":["Doppelganger","Blur"],"picked":"Envenom","floor":7},{"not_picked":["Endless Agony","Deflect"],"picked":"Sucker Punch","floor":10},{"not_picked":["Sucker Punch","Cloak And Dagger+1"],"picked":"Distraction+1","floor":12},{"not_picked":["Eviscerate","Well Laid Plans"],"picked":"Prepared+1","floor":14}],"player_experience":94151,"relics_obtained":[{"floor":7,"key":"Bottled Lightning"},{"floor":9,"key":"Regal Pillow"},{"floor":11,"key":"Toxic Egg 2"}],"event_choices":[{"damage_healed":0,"gold_gain":0,"player_choice":"Lose Max HP","damage_taken":0,"relics_obtained":["Golden Idol"],"max_hp_gain":0,"max_hp_loss":5,"event_name":"Golden Idol","floor":5,"gold_loss":0}],"is_beta":false,"boss_relics":[],"items_purged_floors":[],"is_endless":false,"potions_floor_spawned":[3,4,7,12,14],"killed_by":"Slime Boss","ascension_level":0}