{"gold_per_floor":[110,124,22,32,46,46,57,57,57,70,70,70,70,89,89,89],"floor_reached":16,"playtime":733,"items_purged":["Strike_B"],"score":94,"play_id":"835ec172-d14a-4c97-86d0-50cb0aaed748","local_time":"20180712211620","is_ascension_mode":false,"campfire_choices":[{"data":"Dualcast","floor":6,"key":"SMITH"},{"data":"Leap","floor":8,"key":"SMITH"},{"data":"Self Repair","floor":11,"key":"SMITH"},{"data":"Fusion","floor":13,"key":"SMITH"},{"data":"White Noise","floor":15,"key":"SMITH"}],"neow_cost":"NONE","seed_source_timestamp":1208586058368732,"circlet_count":0,"master_deck":["Strike_B","Strike_B","Strike_B","Defend_B","Defend_B","Defend_B","Defend_B","Zap+1","Dualcast+1","Hologram","Steam","Leap+1","Self Repair+1","Fusion+1","Thunder Strike","White Noise+1"],"relics":["Cracked Core","Smiling Mask"],"potions_floor_usage":[16,16],"damage_taken":[{"damage":1,"enemies":"2 Louse","floor":1,"turns":3},{"damage":0,"enemies":"Cultist","floor":2,"turns":3},{"damage":1,"enemies":"Jaw Worm","floor":4,"turns":3},{"damage":0,"enemies":"2 Fungi Beasts","floor":5,"turns":3},{"damage":2,"enemies":"Looter","floor":7,"turns":4},{"damage":0,"enemies":"Blue Slaver","floor":10,"turns":4},{"damage":7,"enemies":"Lots of Slimes","floor":14,"turns":5},{"damage":80,"enemies":"Hexaghost","floor":16,"turns":14}],"seed_played":"3679125207994029262","potions_obtained":[{"floor":7,"key":"SkillPotion"},{"floor":14,"key":"GamblersBrew"}],"is_trial":false,"path_per_floor":["M","M","$","M","M","R","M","R","T","M","R","?","R","M","R"],"character_chosen":"DEFECT","items_purchased":["Steam"],"campfire_rested":0,"item_purchase_floors":[3],"current_hp_per_floor":[74,74,74,73,73,73,71,71,71,71,71,71,71,74,74,0],"gold":89,"neow_bonus":"UPGRADE_CARD","is_prod":false,"is_daily":false,"chose_seed":false,"campfire_upgraded":5,"win_rate":0.0,"timestamp":1531401380,"path_taken":["M","M","$","M","M","R","M","R","T","M","R","?","R","M","R","BOSS"],"build_version":"2018-07-05","purchased_purges":1,"victory":false,"max_hp_per_floor":[75,75,75,75,75,75,75,75,75,75,75,75,75,75,75,75],"card_choices":[{"not_picked":["Gash","Coolheaded"],"picked":"Hologram","floor":1},{"not_picked":["Stack","Gash","Barrage"],"picked":"SKIP","floor":2},{"not_picked":["Auto Shields","Beam Cell"],"picked":"Leap","floor":4},{"not_picked":["Coolheaded","Cold Snap","Reinforced Body"],"picked":"SKIP","floor":5},{"not_picked":["Streamline","Stack","Biased Cognition"],"picked":"SKIP","floor":7},{"not_picked":["FTL","Redo"],"picked":"Self Repair","floor":10},{"not_picked":["Cold Snap","Barrage"],"picked":"White Noise","floor":14}],"player_experience":672008,"relics_obtained":[{"floor":9,"key":"Smiling Mask"}],"event_choices":[{"event_name":"Match and Keep!","player_choice":"2 cards matched","floor":12,"damage_taken":0}],"boss_relics":[],"items_purged_floors":[3],"is_endless":false,"potions_floor_spawned":[7,14],"killed_by":"Hexaghost","ascension_level":0}