{"gold_per_floor":[109,121,137,137,62,62,26,55,55,66,79,94,94,104,104,202,202,214,18,18,36,36,64,64,76,128,128],"floor_reached":27,"playtime":1612,"items_purged":["Strike_G"],"score":270,"play_id":"78a46d48-2767-4f20-91e5-7471d719111d","local_time":"20190316165419","is_ascension_mode":true,"campfire_choices":[{"data":"Blind","floor":6,"key":"SMITH"},{"floor":13,"key":"REST"},{"data":"Neutralize","floor":15,"key":"SMITH"},{"floor":24,"key":"REST"}],"neow_cost":"NONE","seed_source_timestamp":1188657818208200,"circlet_count":0,"master_deck":["Defend_G","Defend_G","Defend_G","Defend_G","Defend_G","Strike_G+1","Strike_G","Strike_G+1","Survivor","Neutralize+1","Blind+1","Dodge and Roll","Poisoned Stab","Infinite Blades","Flechettes","Well Laid Plans","All Out Attack","Night Terror","Venomology","Cloak And Dagger","Deadly Poison","Dodge and Roll","Poisoned Stab+1","After Image","Concentrate","Dagger Spray","Backstab+1","Prepared+1","Sucker Punch+1"],"relics":["Ring of the Snake","Pear","Ninja Scroll","Orrery","Juzu Bracelet","Whetstone"],"potions_floor_usage":[21,21,23,23,27],"damage_taken":[{"damage":1,"enemies":"Jaw Worm","floor":1,"turns":5},{"damage":2,"enemies":"Cultist","floor":2,"turns":4},{"damage":1,"enemies":"Small Slimes","floor":3,"turns":4},{"damage":31,"enemies":"3 Sentries","floor":8,"turns":11},{"damage":5,"enemies":"Exordium Thugs","floor":10,"turns":4},{"damage":10,"enemies":"Lots of Slimes","floor":11,"turns":5},{"damage":1,"enemies":"2 Fungi Beasts","floor":12,"turns":2},{"damage":0,"enemies":"Exordium Thugs","floor":14,"turns":4},{"damage":41,"enemies":"Hexaghost","floor":16,"turns":13},{"damage":37,"enemies":"Spheric Guardian","floor":18,"turns":6},{"damage":17,"enemies":"2 Thieves","floor":21,"turns":3},{"damage":22,"enemies":"Gremlin Leader","floor":23,"turns":6},{"damage":31,"enemies":"Snake Plant","floor":25,"turns":5},{"damage":19,"enemies":"Slavers","floor":27,"turns":1}],"seed_played":"6988578657629845365","potions_obtained":[{"floor":1,"key":"SpeedPotion"},{"floor":3,"key":"GhostInAJar"},{"floor":10,"key":"Ancient Potion"},{"floor":21,"key":"Poison Potion"}],"is_trial":false,"path_per_floor":["M","M","M","?","$","R","$","E","T","M","M","M","R","M","R","B",null,"M","$","?","M","$","E","R","M","T","E"],"character_chosen":"THE_SILENT","items_purchased":["Infinite Blades","After Image","Concentrate"],"campfire_rested":2,"item_purchase_floors":[7,19,19],"current_hp_per_floor":[69,67,66,66,66,66,66,45,45,40,30,29,53,53,53,12,80,43,43,43,26,26,4,28,8,8,0],"gold":128,"neow_bonus":"RANDOM_COLORLESS","is_prod":false,"is_daily":false,"chose_seed":false,"campfire_upgraded":2,"win_rate":0,"timestamp":1552751659,"path_taken":["M","M","M","?","?","R","$","E","T","M","M","M","R","M","R","BOSS","M","$","?","M","$","E","R","M","T","E"],"build_version":"2019-01-23","purchased_purges":1,"victory":false,"max_hp_per_floor":[70,70,70,70,70,70,70,80,80,80,80,80,80,80,80,80,80,80,80,80,80,80,80,80,80,80,80],"card_choices":[{"not_picked":["Accuracy","Prepared"],"picked":"Dodge and Roll","floor":1},{"not_picked":["Distraction","Catalyst"],"picked":"Poisoned Stab","floor":2},{"not_picked":["Choke","Dagger Throw","Bane"],"picked":"SKIP","floor":3},{"not_picked":["Catalyst","Tactician"],"picked":"Flechettes","floor":8},{"not_picked":["Deflect","Quick Slash"],"picked":"Well Laid Plans","floor":10},{"not_picked":["Prepared","Flying Knee"],"picked":"All Out Attack","floor":11},{"not_picked":["Sucker Punch","Outmaneuver"],"picked":"Night Terror","floor":12},{"not_picked":["Underhanded Strike","Dodge and Roll","Bane"],"picked":"SKIP","floor":14},{"not_picked":["Unload","Burst"],"picked":"Venomology","floor":16},{"not_picked":["Dodge and Roll","Prepared"],"picked":"Cloak And Dagger","floor":17},{"not_picked":["Dagger Spray","Prepared"],"picked":"Deadly Poison","floor":17},{"not_picked":["Bane","Setup"],"picked":"Dodge and Roll","floor":17},{"not_picked":["Expertise","Eviscerate+1"],"picked":"Poisoned Stab+1","floor":18},{"not_picked":["Leg Sweep","Escape Plan+1"],"picked":"Backstab+1","floor":21},{"not_picked":["Burst","Slice"],"picked":"Prepared+1","floor":23},{"not_picked":["Cloak And Dagger","Deadly Poison"],"picked":"Sucker Punch+1","floor":25}],"player_experience":388546,"relics_obtained":[{"floor":8,"key":"Pear"},{"floor":9,"key":"Ninja Scroll"},{"floor":23,"key":"Juzu Bracelet"},{"floor":26,"key":"Whetstone"}],"event_choices":[{"cards_removed":["Strike_G"],"damage_healed":0,"gold_gain":0,"player_choice":"Offered Basic","damage_taken":0,"max_hp_gain":0,"max_hp_loss":0,"event_name":"Bonfire Elementals","floor":4,"gold_loss":0},{"damage_healed":0,"gold_gain":0,"player_choice":"Read","damage_taken":0,"max_hp_gain":0,"max_hp_loss":0,"event_name":"The Library","floor":20,"gold_loss":0,"cards_obtained":["Dagger Spray"]}],"is_beta":false,"boss_relics":[{"not_picked":["Lizard Tail","Tiny House"],"picked":"Orrery"}],"items_purged_floors":[5],"is_endless":false,"potions_floor_spawned":[1,3,10,16,21],"killed_by":"Slavers","ascension_level":3}