{"gold_per_floor":[109,109,109,123,123,123,137,137,137,202,202,218,218,237,237,332,332,313,238,337,337,36,65,78,78,78,78,107,107,122,149,149,149],"floor_reached":33,"playtime":1050,"items_purged":["Strike_G"],"score":562,"play_id":"2df89642-310b-4894-8658-47cff32fa0d4","local_time":"20190414162747","is_ascension_mode":true,"campfire_choices":[{"data":"Neutralize","floor":6,"key":"SMITH"},{"data":"Leg Sweep","floor":8,"key":"SMITH"},{"data":"Backstab","floor":11,"key":"SMITH"},{"data":"Deadly Poison","floor":15,"key":"SMITH"},{"data":"Noxious Fumes","floor":25,"key":"SMITH"},{"data":"A Thousand Cuts","floor":27,"key":"SMITH"},{"data":"Deadly Poison","floor":32,"key":"SMITH"}],"neow_cost":"NONE","seed_source_timestamp":249085656563896,"circlet_count":0,"master_deck":["AscendersBane","Defend_G","Defend_G","Defend_G+1","Defend_G","Defend_G","Strike_G+1","Strike_G","Survivor","Neutralize+1","Well Laid Plans","Cloak And Dagger+1","Leg Sweep+1","Backstab+1","Deadly Poison+1","Dodge and Roll","A Thousand Cuts+1","Blur","Noxious Fumes+1","Catalyst","Deadly Poison+1","Night Terror","Poisoned Stab","Tools of the Trade"],"relics":["Ring of the Snake","Unceasing Top","Tiny Chest","Mummified Hand","Coffee Dripper","Blue Candle","PreservedInsect","Anchor","Matryoshka","Nunchaku","MutagenicStrength","Bag of Marbles"],"potions_floor_usage":[33,33],"damage_taken":[{"damage":3,"enemies":"Jaw Worm","floor":1,"turns":9},{"damage":0,"enemies":"Small Slimes","floor":4,"turns":4},{"damage":0,"enemies":"2 Louse","floor":7,"turns":4},{"damage":26,"enemies":"Gremlin Nob","floor":10,"turns":6},{"damage":0,"enemies":"Looter","floor":12,"turns":3},{"damage":0,"enemies":"3 Louse","floor":14,"turns":4},{"damage":8,"enemies":"The Guardian","floor":16,"turns":12},{"damage":2,"enemies":"2 Thieves","floor":18,"turns":4},{"damage":0,"enemies":"Gremlin Leader","floor":23,"turns":7},{"damage":0,"enemies":"3 Byrds","floor":24,"turns":6},{"damage":5,"enemies":"Book of Stabbing","floor":28,"turns":4},{"damage":0,"enemies":"Centurion and Healer","floor":30,"turns":5},{"damage":8,"enemies":"Gremlin Leader","floor":31,"turns":5},{"damage":57,"enemies":"Champ","floor":33,"turns":8}],"seed_played":"-5761821841293756168","potions_obtained":[{"floor":1,"key":"LiquidBronze"},{"floor":4,"key":"Ancient Potion"},{"floor":16,"key":"Dexterity Potion"},{"floor":30,"key":"Strength Potion"}],"is_trial":false,"path_per_floor":["M","?","?","M","?","R","M","R","T","E","R","M","T","M","R","B",null,"M","?","?","?","$","E","M","R","T","R","E","?","M","E","R","B"],"character_chosen":"THE_SILENT","items_purchased":["PreservedInsect","Noxious Fumes"],"campfire_rested":0,"item_purchase_floors":[22,22],"current_hp_per_floor":[67,60,45,45,45,45,45,45,45,19,19,19,19,19,19,11,61,59,59,59,59,59,59,59,59,59,59,54,54,54,46,46,0],"gold":149,"neow_bonus":"TEN_PERCENT_HP_BONUS","is_prod":false,"is_daily":false,"chose_seed":false,"campfire_upgraded":7,"win_rate":0,"timestamp":1555280867,"path_taken":["M","?","?","M","?","R","M","R","T","E","R","?","?","M","R","BOSS","M","?","?","?","$","E","M","R","T","R","E","?","?","E","R","BOSS"],"build_version":"2019-01-23","purchased_purges":1,"victory":false,"max_hp_per_floor":[77,77,77,77,77,77,77,77,77,77,77,77,77,77,77,77,77,77,77,77,77,77,77,77,77,77,77,77,77,77,77,77,77],"card_choices":[{"not_picked":["Dodge and Roll","Dagger Spray"],"picked":"Well Laid Plans","floor":1},{"not_picked":["Deflect","Slice"],"picked":"Cloak And Dagger","floor":4},{"not_picked":["Backflip","Endless Agony"],"picked":"Leg Sweep","floor":7},{"not_picked":["Escape Plan","Infinite Blades"],"picked":"Backstab","floor":10},{"not_picked":["Leg Sweep","Poisoned Stab"],"picked":"Deadly Poison","floor":12},{"not_picked":["Flying Knee","Skewer"],"picked":"Dodge and Roll","floor":14},{"not_picked":["Grand Finale","Doppelganger"],"picked":"A Thousand Cuts","floor":16},{"not_picked":["Quick Slash","Setup"],"picked":"Blur","floor":18},{"not_picked":["Dagger Spray","Well Laid Plans"],"picked":"Catalyst","floor":23},{"not_picked":["Dodge and Roll","Acrobatics"],"picked":"Deadly Poison","floor":24},{"not_picked":["Finisher","PiercingWail"],"picked":"Night Terror","floor":28},{"not_picked":["Flechettes","Prepared"],"picked":"Poisoned Stab","floor":30},{"not_picked":["All Out Attack","Leg Sweep"],"picked":"Tools of the Trade","floor":31}],"player_experience":508691,"relics_obtained":[{"floor":9,"key":"Unceasing Top"},{"floor":10,"key":"Tiny Chest"},{"floor":13,"key":"Mummified Hand"},{"floor":23,"key":"Anchor"},{"floor":26,"key":"Matryoshka"},{"floor":28,"key":"Nunchaku"},{"floor":31,"key":"Bag of Marbles"}],"event_choices":[{"cards_removed":["Strike_G"],"damage_healed":0,"gold_gain":0,"player_choice":"Card Removal","damage_taken":7,"max_hp_gain":0,"max_hp_loss":0,"event_name":"Golden Wing","floor":2,"gold_loss":0},{"damage_healed":0,"gold_gain":0,"player_choice":"Entered Light","damage_taken":15,"max_hp_gain":0,"max_hp_loss":0,"event_name":"Shining Light","floor":3,"gold_loss":0,"cards_upgraded":["Defend_G","Strike_G"]},{"damage_healed":0,"gold_gain":0,"player_choice":"Grow","damage_taken":0,"max_hp_gain":0,"max_hp_loss":0,"event_name":"Living Wall","floor":5,"gold_loss":0,"cards_upgraded":["Cloak And Dagger"]},{"cards_removed":["Strike_G"],"damage_healed":0,"gold_gain":0,"player_choice":"Gave Gold","damage_taken":0,"max_hp_gain":0,"max_hp_loss":0,"event_name":"Beggar","floor":19,"gold_loss":75},{"damage_healed":0,"gold_gain":99,"player_choice":"Stole From Cult","damage_taken":0,"max_hp_gain":0,"max_hp_loss":0,"event_name":"Nest","floor":20,"gold_loss":0},{"damage_healed":0,"gold_gain":0,"player_choice":"Opened","damage_taken":0,"relics_obtained":["Blue Candle"],"max_hp_gain":0,"max_hp_loss":0,"event_name":"The Mausoleum","floor":21,"gold_loss":0},{"damage_healed":0,"gold_gain":0,"player_choice":"Inject Mutagens","damage_taken":0,"relics_obtained":["MutagenicStrength"],"max_hp_gain":0,"max_hp_loss":0,"event_name":"Drug Dealer","floor":29,"gold_loss":0}],"is_beta":false,"boss_relics":[{"not_picked":["Orrery","Ectoplasm"],"picked":"Coffee Dripper"}],"items_purged_floors":[22],"is_endless":false,"potions_floor_spawned":[1,4,16,18,30],"killed_by":"Champ","ascension_level":12}