{"gold_per_floor":[211,221,233,233,244,275,275,295,295,0,12,32,45,75,75,146,146,164,164,176,187,35,35,48,60,136,136,147,147,173,183,183,259,259,272,285,45,45],"floor_reached":38,"playtime":2431,"items_purged":["Strike_G","Strike_G"],"score":729,"play_id":"3c178e40-2309-495a-b584-1e34c1474888","local_time":"20181014224409","is_ascension_mode":true,"campfire_choices":[{"floor":7.0,"key":"REST"},{"data":"Neutralize","floor":15.0,"key":"SMITH"},{"data":"Choke","floor":23.0,"key":"SMITH"},{"data":"Tools of the Trade","floor":27.0,"key":"SMITH"},{"data":"Predator","floor":29.0,"key":"SMITH"},{"floor":32.0,"key":"REST"}],"neow_cost":"NONE","seed_source_timestamp":167293868642220,"circlet_count":0,"master_deck":["Defend_G","Defend_G","Defend_G","Defend_G","Defend_G","Strike_G","Strike_G","Survivor","Neutralize+1","AscendersBane","Predator+1","Deflect","Riddle With Holes","Quick Slash","Well Laid Plans","Slice","Slice","Predator+1","Slice","Leg Sweep","Tools of the Trade+1","Backflip+1","Outmaneuver+1","Choke+1","Deflect","Heel Hook","Terror","Leg Sweep","Footwork"],"special_seed":0,"relics":["Ring of the Snake","Lantern","Meat on the Bone","Oddly Smooth Stone","The Courier","Busted Crown","Singing Bowl","Red Mask","Orrery","PrismaticShard"],"potions_floor_usage":[38],"damage_taken":[{"damage":9.0,"enemies":"Cultist","floor":1.0,"turns":6.0},{"damage":4.0,"enemies":"Jaw Worm","floor":2.0,"turns":3.0},{"damage":0.0,"enemies":"2 Louse","floor":3.0,"turns":2.0},{"damage":7.0,"enemies":"Looter","floor":5.0,"turns":4.0},{"damage":26.0,"enemies":"3 Sentries","floor":6.0,"turns":8.0},{"damage":7.0,"enemies":"3 Louse","floor":8.0,"turns":3.0},{"damage":0.0,"enemies":"Gremlin Gang","floor":11.0,"turns":3.0},{"damage":4.0,"enemies":"Blue Slaver","floor":12.0,"turns":2.0},{"damage":0.0,"enemies":"Red Slaver","floor":13.0,"turns":3.0},{"damage":9.0,"enemies":"Gremlin Nob","floor":14.0,"turns":3.0},{"damage":20.0,"enemies":"The Guardian","floor":16.0,"turns":16.0},{"damage":22.0,"enemies":"Spheric Guardian","floor":18.0,"turns":4.0},{"damage":8.0,"enemies":"2 Thieves","floor":20.0,"turns":5.0},{"damage":10.0,"enemies":"Snake Plant","floor":21.0,"turns":5.0},{"damage":12.0,"enemies":"Cultist and Chosen","floor":24.0,"turns":6.0},{"damage":1.0,"enemies":"Snecko","floor":25.0,"turns":5.0},{"damage":4.0,"enemies":"Snake Plant","floor":28.0,"turns":5.0},{"damage":30.0,"enemies":"Masked Bandits","floor":30.0,"turns":5.0},{"damage":2.0,"enemies":"Centurion and Healer","floor":31.0,"turns":5.0},{"damage":41.0,"enemies":"Collector","floor":33.0,"turns":10.0},{"damage":9,"enemies":"Orb Walker","floor":35,"turns":3},{"damage":0,"enemies":"3 Shapes","floor":36,"turns":7},{"damage":64,"enemies":"Reptomancer","floor":38,"turns":6}],"seed_played":"-1429800178046743967","potions_obtained":[{"floor":2.0,"key":"Block Potion"},{"floor":8.0,"key":"AttackPotion"},{"floor":11.0,"key":"SpeedPotion"},{"floor":12.0,"key":"Swift Potion"},{"floor":13.0,"key":"FearPotion"},{"floor":24.0,"key":"GamblersBrew"},{"floor":25.0,"key":"Dexterity Potion"},{"floor":30.0,"key":"SpeedPotion"},{"floor":31.0,"key":"EssenceOfSteel"},{"floor":35,"key":"Fire Potion"}],"is_trial":false,"path_per_floor":["M","M","M","?","M","E","R","M","T","$","M","M","M","E","R","B",null,"M","?","M","M","$","R","M","M","T","R","M","R","?","M","R","B",null,"M","M","$"],"character_chosen":"THE_SILENT","items_purchased":["Oddly Smooth Stone","Slice","Choke","PrismaticShard","Footwork"],"campfire_rested":2,"item_purchase_floors":[10,10,22,37,37],"current_hp_per_floor":[50,46,46,39,32,6,25,18,18,18,30,38,38,41,41,33,58,36,36,40,42,42,42,42,41,41,41,39,39,21,31,51,24,67,60,62,62,0],"gold":45,"neow_bonus":"HUNDRED_GOLD","is_prod":false,"is_daily":false,"chose_seed":false,"campfire_upgraded":4,"win_rate":0,"timestamp":1539582249,"path_taken":["M","?","M","?","M","E","R","M","T","$","M","?","M","E","R","BOSS","M","?","M","M","$","R","?","?","T","R","M","R","?","M","R","BOSS","M","M","$","M"],"build_version":"2018-10-11","purchased_purges":2,"victory":false,"max_hp_per_floor":[66,66,66,66,66,66,66,66,66,66,66,66,66,66,66,66,66,66,66,66,66,66,66,66,66,66,66,68,68,68,68,68,70,78,80,82,82,82],"card_choices":[{"not_picked":["Dodge and Roll","Calculated Gamble"],"picked":"Predator","floor":1.0},{"not_picked":["Sucker Punch","Deadly Poison"],"picked":"Deflect","floor":2.0},{"not_picked":["Underhanded Strike","Blade Dance"],"picked":"Riddle With Holes","floor":3.0},{"not_picked":["Underhanded Strike","Concentrate"],"picked":"Quick Slash","floor":5.0},{"not_picked":["Skewer","Predator"],"picked":"Well Laid Plans","floor":6.0},{"not_picked":["Deflect","Dagger Throw"],"picked":"Slice","floor":8.0},{"not_picked":["Reflex","Dagger Throw","Bane"],"picked":"SKIP","floor":11.0},{"not_picked":["Infinite Blades","Dagger Spray"],"picked":"Predator","floor":12.0},{"not_picked":["Heel Hook","Prepared"],"picked":"Slice","floor":13.0},{"not_picked":["PiercingWail","Dodge and Roll"],"picked":"Leg Sweep","floor":14.0},{"not_picked":["Phantasmal Killer","Night Terror"],"picked":"Tools of the Trade","floor":16.0},{"not_picked":[],"picked":"Backflip+1","floor":18.0},{"not_picked":[],"picked":"Outmaneuver+1","floor":20.0},{"not_picked":["Flying Knee"],"picked":"SKIP","floor":21.0},{"not_picked":["Outmaneuver"],"picked":"SKIP","floor":24.0},{"not_picked":[],"picked":"Deflect","floor":25.0},{"not_picked":["Escape Plan"],"picked":"Singing Bowl","floor":28.0},{"not_picked":[],"picked":"Heel Hook","floor":30.0},{"not_picked":[],"picked":"Terror","floor":31.0},{"not_picked":["Unload"],"picked":"Singing Bowl","floor":33.0},{"not_picked":["Predator"],"picked":"Singing Bowl","floor":34.0},{"not_picked":["Catalyst"],"picked":"Singing Bowl","floor":34.0},{"not_picked":["Accuracy"],"picked":"Singing Bowl","floor":34.0},{"not_picked":["Dagger Spray"],"picked":"Singing Bowl","floor":34.0},{"not_picked":[],"picked":"Leg Sweep","floor":34.0},{"not_picked":["Catalyst"],"picked":"Singing Bowl","floor":35},{"not_picked":["Flechettes"],"picked":"Singing Bowl","floor":36}],"player_experience":536186,"relics_obtained":[{"floor":6.0,"key":"Lantern"},{"floor":9.0,"key":"Meat on the Bone"},{"floor":14.0,"key":"The Courier"},{"floor":26.0,"key":"Singing Bowl"},{"floor":30.0,"key":"Red Mask"}],"event_choices":[{"event_name":"Golden Wing","player_choice":"Card Removal","floor":4.0,"damage_taken":0.0},{"event_name":"Accursed Blacksmith","player_choice":"Forge","floor":19.0,"damage_taken":0.0},{"event_name":"Masked Bandits","player_choice":"Fought Bandits","floor":30.0,"damage_taken":0.0}],"is_beta":true,"boss_relics":[{"not_picked":["Runic Dome","Tiny House"],"picked":"Busted Crown"},{"not_picked":["Cursed Key","Coffee Dripper"],"picked":"Orrery"}],"items_purged_floors":[10,22],"is_endless":false,"potions_floor_spawned":[2,8,11,12,13,24,25,30,31,35],"killed_by":"Reptomancer","ascension_level":17}