{"gold_per_floor":[119,138,151,29,40,40,70,82,94,116,145,157,182,207,219,310,322,308,339,351],"floor_reached":20,"playtime":826,"items_purged":["Strike_B"],"score":342,"play_id":"b2a7d266-a756-46ac-9863-3872b67d7636","local_time":"20180924211452","is_ascension_mode":true,"campfire_choices":[{"data":"Capacitor","floor":6,"key":"SMITH"},{"floor":8,"key":"REST"},{"floor":12,"key":"REST"},{"floor":15,"key":"REST"}],"neow_cost":"NONE","seed_source_timestamp":2515007368688,"circlet_count":0,"master_deck":["Defend_B","Defend_B","Defend_B","Defend_B","Zap","Dualcast","AscendersBane","Coolheaded","Rebound","Cold Snap","Capacitor+1","Glacier","Ball Lightning","Steam","Barrage","Defragment","Multi-Cast","Cold Snap+1","Storm+1","Auto Shields+1","Storm+1","Storm"],"relics":["Cracked Core","MawBank","Blue Candle","Astrolabe"],"potions_floor_usage":[7,7,11,16],"damage_taken":[{"damage":2,"enemies":"Cultist","floor":1,"turns":4},{"damage":8,"enemies":"Jaw Worm","floor":2,"turns":5},{"damage":8,"enemies":"Small Slimes","floor":3,"turns":3},{"damage":7,"enemies":"Looter","floor":5,"turns":3},{"damage":24,"enemies":"Gremlin Nob","floor":7,"turns":4},{"damage":7,"enemies":"2 Fungi Beasts","floor":10,"turns":3},{"damage":25,"enemies":"Exordium Wildlife","floor":11,"turns":4},{"damage":6,"enemies":"Large Slime","floor":13,"turns":7},{"damage":8,"enemies":"Red Slaver","floor":14,"turns":3},{"damage":26,"enemies":"The Guardian","floor":16,"turns":10},{"damage":18,"enemies":"2 Thieves","floor":18,"turns":5},{"damage":27,"enemies":"3 Byrds","floor":19,"turns":4},{"damage":12,"enemies":"Cultist and Chosen","floor":20,"turns":4}],"seed_played":"-799083426941139155","potions_obtained":[{"floor":0,"key":"Fire Potion"},{"floor":0,"key":"Swift Potion"},{"floor":10,"key":"SkillPotion"},{"floor":11,"key":"FocusPotion"}],"is_trial":false,"path_per_floor":["M","M","M","$","M","R","E","R","T","M","M","R","M","M","R","B",null,"M","M"],"character_chosen":"DEFECT","items_purchased":["Capacitor"],"campfire_rested":3,"item_purchase_floors":[4],"current_hp_per_floor":[62,54,46,46,39,39,15,36,36,29,4,25,19,11,32,6,55,37,10,0],"gold":351,"neow_bonus":"THREE_SMALL_POTIONS","is_prod":false,"is_daily":false,"chose_seed":false,"campfire_upgraded":1,"win_rate":0,"timestamp":1537848892,"path_taken":["M","M","M","$","M","R","E","R","T","?","M","R","M","M","R","BOSS","M","M","M"],"build_version":"2018-09-20","purchased_purges":1,"victory":false,"max_hp_per_floor":[71,71,71,71,71,71,71,71,71,71,71,71,71,71,71,71,71,71,71,71],"card_choices":[{"not_picked":["White Noise","Stack"],"picked":"Coolheaded","floor":1},{"not_picked":["Force Field","Hello World"],"picked":"Rebound","floor":2},{"not_picked":["Turbo","Go for the Eyes"],"picked":"Cold Snap","floor":3},{"not_picked":["Leap","Streamline"],"picked":"Glacier","floor":5},{"not_picked":["Doom and Gloom","Stack"],"picked":"Ball Lightning","floor":7},{"not_picked":["Streamline","Consume"],"picked":"Steam","floor":10},{"not_picked":["Gash","Seek"],"picked":"Barrage","floor":11},{"not_picked":["Stack","Gash","Steam"],"picked":"SKIP","floor":13},{"not_picked":["Darkness","Steam Power"],"picked":"Defragment","floor":14},{"not_picked":["Machine Learning","Creative AI"],"picked":"Multi-Cast","floor":16},{"not_picked":["Turbo","Stack"],"picked":"Storm+1","floor":18},{"not_picked":["Conserve Battery","Redo"],"picked":"Storm","floor":19}],"player_experience":511200,"relics_obtained":[{"floor":7,"key":"MawBank"},{"floor":9,"key":"Blue Candle"}],"event_choices":[],"is_beta":true,"boss_relics":[{"not_picked":["Fusion Hammer","Pandora\u0027s Box"],"picked":"Astrolabe"}],"items_purged_floors":[4],"is_endless":false,"potions_floor_spawned":[1,10,11],"killed_by":"Cultist and Chosen","ascension_level":18}