{"gold_per_floor":[112,112,127,18,18,18,52,52,52,52,127,151,151,182,182,313,313,331,331,352,352,552,552,587,10,80,119,142,142,142,161,161,289,289,312,331,331,176,176,176,212,212,293,313,327,327,345,194,194,194],"floor_reached":50,"playtime":8188,"items_purged":["Doubt"],"score":897,"play_id":"de2a0f37-dd33-487b-9c8d-80aafb327208","local_time":"20180804191425","is_ascension_mode":true,"campfire_choices":[{"floor":6,"key":"REST"},{"floor":10,"key":"REST"},{"floor":13,"key":"REST"},{"data":"Bash","floor":15,"key":"SMITH"},{"data":"RitualDagger","floor":23,"key":"SMITH"},{"floor":29,"key":"REST"},{"data":"Demon Form","floor":32,"key":"SMITH"},{"data":"Perfected Strike","floor":40,"key":"SMITH"},{"data":"1","floor":46,"key":"LIFT"},{"data":"2","floor":49,"key":"LIFT"}],"neow_cost":"NONE","seed_source_timestamp":774810460297890,"circlet_count":0,"master_deck":["Strike_R","Strike_R","Strike_R","Strike_R","Strike_R","Defend_R+1","Defend_R","Defend_R+1","Bash+1","AscendersBane","Demon Form+1","Twin Strike","Inflame","Power Through","Pommel Strike+1","Reaper","Spot Weakness","Fiend Fire+1","Twin Strike","Disarm+1","RitualDagger+1","Metamorphosis","Perfected Strike+1","Regret","Limit Break","Perfected Strike","Perfected Strike+1","True Grit+1","Twin Strike+1","Discovery","Master of Strategy","Uppercut+1","Madness","Madness","Wild Strike","Spot Weakness+1","Twin Strike","Perfected Strike"],"relics":["Burning Blood","Golden Idol","Matryoshka","Juzu Bracelet","Ancient Tea Set","Bottled Lightning","Mercury Hourglass","Cursed Key","Shuriken","War Paint","MealTicket","Self Forming Clay","Singing Bowl","Bag of Preparation","Velvet Choker","Centennial Puzzle","Girya","Bottled Flame"],"potions_floor_usage":[24,36,47,50,50],"damage_taken":[{"damage":8,"enemies":"Small Slimes","floor":1,"turns":5},{"damage":14,"enemies":"Jaw Worm","floor":3,"turns":4},{"damage":24,"enemies":"Gremlin Nob","floor":7,"turns":4},{"damage":1,"enemies":"Cultist","floor":12,"turns":3},{"damage":23,"enemies":"3 Sentries","floor":14,"turns":7},{"damage":4,"enemies":"Slime Boss","floor":16,"turns":7},{"damage":18,"enemies":"2 Thieves","floor":18,"turns":3},{"damage":0,"enemies":"Chosen","floor":20,"turns":3},{"damage":39,"enemies":"Book of Stabbing","floor":24,"turns":4},{"damage":47,"enemies":"Slavers","floor":27,"turns":6},{"damage":0,"enemies":"Snake Plant","floor":28,"turns":1},{"damage":0,"enemies":"Snecko","floor":31,"turns":2},{"damage":46,"enemies":"Collector","floor":33,"turns":6},{"damage":10,"enemies":"3 Shapes","floor":35,"turns":6},{"damage":0,"enemies":"Flame Bruiser 1 Orb","floor":36,"turns":3},{"damage":12,"enemies":"Nemesis","floor":41,"turns":3},{"damage":0,"enemies":"Sphere and 2 Shapes","floor":44,"turns":2},{"damage":29,"enemies":"3 Darklings","floor":45,"turns":4},{"damage":0,"enemies":"Spire Growth","floor":47,"turns":2},{"damage":88,"enemies":"Awakened One","floor":50,"turns":6}],"seed_played":"2215675501191956378","potions_obtained":[{"floor":7,"key":"Swift Potion"},{"floor":18,"key":"SteroidPotion"},{"floor":24,"key":"Poison Potion"},{"floor":35,"key":"Energy Potion"},{"floor":41,"key":"FearPotion"},{"floor":47,"key":"Regen Potion"}],"is_trial":false,"path_per_floor":["M","?","M","$","?","R","E","?","T","R","?","M","R","E","R","B",null,"M","?","M","?","?","R","E","$","T","E","M","R","$","M","R","B",null,"M","M","?","$","?","R","E","?","T","M","M","R","M","$","R"],"character_chosen":"IRONCLAD","items_purchased":["Inflame","Power Through","Metamorphosis","Perfected Strike","War Paint","MealTicket","Centennial Puzzle","Perfected Strike","Dexterity Potion"],"campfire_rested":4,"item_purchase_floors":[4,4,25,25,25,25,38,48,48],"current_hp_per_floor":[70,50,42,42,35,59,41,25,25,49,38,43,67,64,64,80,80,75,75,80,74,74,74,41,41,41,14,20,44,51,57,57,37,71,67,82,82,82,74,74,79,68,68,74,65,65,71,78,78,0],"gold":194,"neow_bonus":"TRANSFORM_CARD","is_prod":false,"is_daily":false,"chose_seed":false,"campfire_upgraded":4,"win_rate":0,"timestamp":1533424465,"path_taken":["M","?","M","?","?","R","E","?","T","R","?","M","R","E","R","BOSS","M","?","M","?","?","R","E","?","T","E","M","R","$","M","R","BOSS","M","M","?","$","?","R","E","?","T","M","M","R","M","$","R","BOSS"],"build_version":"2018-08-01","purchased_purges":1,"victory":false,"max_hp_per_floor":[80,80,80,80,80,80,80,80,80,80,80,80,80,80,80,80,80,80,80,80,80,80,80,80,80,80,80,80,80,80,80,80,82,82,82,82,82,82,84,84,84,84,84,84,84,84,84,84,84,84],"card_choices":[{"not_picked":["Warcry","Pummel"],"picked":"Twin Strike","floor":1},{"not_picked":["Thunderclap","Iron Wave","Metallicize"],"picked":"SKIP","floor":3},{"not_picked":["Searing Blow","Clash"],"picked":"Pommel Strike","floor":7},{"not_picked":["Flex","Heavy Blade"],"picked":"Reaper","floor":12},{"not_picked":["Intimidate","Battle Trance"],"picked":"Spot Weakness","floor":14},{"not_picked":["Reaper","Immolate"],"picked":"Fiend Fire","floor":16},{"not_picked":["Thunderclap+1","Spot Weakness"],"picked":"Twin Strike","floor":18},{"not_picked":["Intimidate","Shockwave"],"picked":"Disarm","floor":20},{"not_picked":["Thunderclap+1","Bloodletting","Armaments"],"picked":"SKIP","floor":24},{"not_picked":["Uppercut","Iron Wave"],"picked":"Limit Break","floor":27},{"not_picked":["Warcry","Clothesline"],"picked":"Perfected Strike","floor":28},{"not_picked":["Feel No Pain","Heavy Blade"],"picked":"Perfected Strike+1","floor":31},{"not_picked":["Feed","Brutality","Berserk"],"picked":"Singing Bowl","floor":33},{"not_picked":["Warcry+1","Feel No Pain"],"picked":"True Grit+1","floor":35},{"not_picked":["Disarm+1","Evolve"],"picked":"Twin Strike+1","floor":36},{"not_picked":["Deep Breath","Trip"],"picked":"Discovery","floor":39},{"not_picked":["Bandage Up","The Bomb","Panacea"],"picked":"Singing Bowl","floor":39},{"not_picked":["Dark Shackles","Apotheosis"],"picked":"Master of Strategy","floor":39},{"not_picked":["Entrench","Seeing Red+1"],"picked":"Uppercut+1","floor":41},{"not_picked":["Armaments+1","Shrug It Off"],"picked":"Wild Strike","floor":44},{"not_picked":["True Grit","Iron Wave"],"picked":"Spot Weakness+1","floor":45},{"not_picked":["Anger+1","Shrug It Off+1"],"picked":"Twin Strike","floor":47}],"player_experience":798160,"relics_obtained":[{"floor":7,"key":"Juzu Bracelet"},{"floor":9,"key":"Ancient Tea Set"},{"floor":9,"key":"Bottled Lightning"},{"floor":14,"key":"Mercury Hourglass"},{"floor":24,"key":"Shuriken"},{"floor":26,"key":"Self Forming Clay"},{"floor":26,"key":"Singing Bowl"},{"floor":27,"key":"Bag of Preparation"},{"floor":41,"key":"Girya"},{"floor":43,"key":"Bottled Flame"}],"event_choices":[{"event_name":"Golden Idol","player_choice":"Take Damage","floor":2,"damage_taken":0},{"event_name":"Scrap Ooze","player_choice":"success","floor":5,"damage_taken":7},{"event_name":"Shining Light","player_choice":"Entered Light","floor":8,"damage_taken":0},{"event_name":"World of Goop","player_choice":"Gather Gold","floor":11,"damage_taken":0},{"event_name":"Upgrade Shrine","player_choice":"Upgraded","floor":19,"damage_taken":0},{"event_name":"Nest","player_choice":"Joined the Cult","floor":21,"damage_taken":0},{"event_name":"Wheel of Change","player_choice":"Gold","floor":22,"damage_taken":0},{"event_name":"Tomb of Lord Red Mask","player_choice":"Ignored","floor":37,"damage_taken":0},{"event_name":"SensoryStone","player_choice":"Memory 3","floor":39,"damage_taken":0},{"event_name":"Winding Halls","player_choice":"Embrace Madness","floor":42,"damage_taken":0}],"is_beta":true,"boss_relics":[{"not_picked":["Pandora\u0027s Box","Coffee Dripper"],"picked":"Cursed Key"},{"not_picked":["Calling Bell","Black Star"],"picked":"Velvet Choker"}],"items_purged_floors":[48],"is_endless":false,"potions_floor_spawned":[7,18,24,28,33,35,41,45,47],"killed_by":"Awakened One","ascension_level":11}