{"path_per_floor":["M","M","M","?","?","R","?","E","T","R","M","R","M","M","R","B",null,"M","?","$","?","M","E","?","R","T","R","$","M","?","M","R","B",null,"M","?","M","$","?","R","M","M","T","R","?","R","M","M","R"],"character_chosen":"DEFECT","items_purchased":["Bottled Lightning","Leap"],"gold_per_floor":[13,28,38,98,98,98,98,128,128,128,141,141,153,167,167,268,268,283,283,30,0,18,53,53,53,80,80,56,67,67,78,78,173,173,192,0,13,13,62,62,78,91,91,91,91,91,110,126,126,126],"floor_reached":50,"campfire_rested":3,"playtime":1836,"current_hp_per_floor":[74,69,67,67,67,67,67,42,52,52,46,46,42,33,58,26,70,42,70,70,70,63,48,48,48,48,48,48,43,43,48,59,10,47,32,32,36,36,36,36,27,29,29,46,39,46,56,56,56,0],"items_purged":[],"gold":126,"score":603,"play_id":"895ff655-a833-46c7-bcf6-8afaede0b8d2","local_time":"20180505185232","is_prod":false,"is_daily":false,"chose_seed":false,"is_ascension_mode":true,"campfire_upgraded":5,"timestamp":1525560752,"path_taken":["M","?","M","?","?","R","?","E","T","R","M","R","M","M","R","BOSS","M","?","$","?","M","E","?","R","T","R","?","?","?","M","R","BOSS","M","?","M","$","?","R","M","M","T","R","?","R","M","M","R","BOSS"],"build_version":"2018-05-03","seed_source_timestamp":2142569558388493,"purchased_purges":0,"victory":false,"master_deck":["Defend_B","Defend_B","Defend_B","Defend_B","Zap+1","Dualcast","Ball Lightning","Sunder+1","Axe Kick","Static Discharge+1","Meteor Strike","Madness+1","Seek+1","Genetic Algorithm+1","Ball Lightning","Echo Form","Stack+1","Beam Cell+1","Bite","Bite","Bite","Bite","Bite","Leap","Buffer+1","Barrage+1","Cold Snap","Madness","Madness","White Noise"],"max_hp_per_floor":[75,75,75,75,75,75,75,75,85,85,85,85,85,85,85,85,85,85,85,85,85,85,85,59,59,59,59,59,59,59,59,59,59,59,59,59,59,59,59,59,59,59,59,59,59,66,66,66,66,66],"relics":["Cracked Core","Du-Vu Doll","Bottled Tornado","Pear","Sozu","Bottled Lightning","Toolbox","Bag of Preparation","Philosopher\u0027s Stone","Red Mask","Shovel","Anchor","Mummified Hand","Strawberry","Ice Cream"],"card_choices":[{"not_picked":["Conserve Battery","Skim"],"picked":"Ball Lightning","floor":1},{"not_picked":["Axe Kick","Barrage"],"picked":"Sunder","floor":2},{"not_picked":["Turbo","Loop"],"picked":"Axe Kick","floor":3},{"not_picked":["Streamline","Rebound"],"picked":"Seek","floor":8},{"not_picked":["White Noise","Beam Cell"],"picked":"Genetic Algorithm","floor":11},{"not_picked":["Barrage","Hologram"],"picked":"Ball Lightning","floor":13},{"not_picked":["Fusion","Prime"],"picked":"Echo Form","floor":16},{"not_picked":["Loop","Ball Lightning"],"picked":"Stack","floor":18},{"not_picked":["Cold Snap","Auto Shields"],"picked":"Beam Cell","floor":22},{"not_picked":["Leap","Scrape"],"picked":"Buffer","floor":35},{"not_picked":["Impulse","Heatsinks"],"picked":"Barrage","floor":37},{"not_picked":["Stack","Go for the Eyes"],"picked":"Cold Snap","floor":41},{"not_picked":["Redo","Axe Kick"],"picked":"White Noise","floor":47}],"player_experience":720491,"potions_floor_usage":[13,14,33,33],"damage_taken":[{"damage":1,"enemies":"Cultist","floor":1,"turns":3},{"damage":5,"enemies":"Small Slimes","floor":2,"turns":3},{"damage":2,"enemies":"Jaw Worm","floor":3,"turns":2},{"damage":25,"enemies":"Lagavulin","floor":8,"turns":5},{"damage":6,"enemies":"Looter","floor":11,"turns":2},{"damage":4,"enemies":"Red Slaver","floor":13,"turns":2},{"damage":9,"enemies":"2 Fungi Beasts","floor":14,"turns":2},{"damage":32,"enemies":"The Guardian","floor":16,"turns":6},{"damage":28,"enemies":"2 Thieves","floor":18,"turns":2},{"damage":7,"enemies":"Chosen","floor":22,"turns":3},{"damage":15,"enemies":"Book of Stabbing","floor":23,"turns":3},{"damage":15,"enemies":"Slaver and Parasite","floor":29,"turns":3},{"damage":1,"enemies":"Centurion and Healer","floor":31,"turns":3},{"damage":59,"enemies":"Collector","floor":33,"turns":7},{"damage":27,"enemies":"3 Darklings","floor":35,"turns":4},{"damage":0,"enemies":"Orb Walker","floor":37,"turns":3},{"damage":6,"enemies":"Mysterious Sphere","floor":39,"turns":3},{"damage":21,"enemies":"Flame Bruiser 2 Orb","floor":41,"turns":5},{"damage":4,"enemies":"Spire Growth","floor":42,"turns":5},{"damage":0,"enemies":"Maw","floor":47,"turns":6},{"damage":6,"enemies":"3 Darklings","floor":48,"turns":4},{"damage":68,"enemies":"Donu and Deca","floor":50,"turns":5}],"event_choices":[{"event_name":"Golden Wing","player_choice":"Gained Gold","floor":4,"damage_taken":0},{"event_name":"Upgrade Shrine","player_choice":"Upgraded","floor":5,"damage_taken":0},{"event_name":"Match and Keep!","player_choice":"3 cards matched","floor":7,"damage_taken":0},{"event_name":"The Library","player_choice":"Heal","floor":19,"damage_taken":0},{"event_name":"Masked Bandits","player_choice":"Paid Bandits 30 gold","floor":21,"damage_taken":0},{"event_name":"Vampires","player_choice":"Became a vampire","floor":24,"damage_taken":0},{"event_name":"Addict","player_choice":"Ignored","floor":30,"damage_taken":0},{"event_name":"Tomb of Lord Red Mask","player_choice":"Paid","floor":36,"damage_taken":0},{"event_name":"Mysterious Sphere","player_choice":"Fight","floor":39,"damage_taken":0},{"event_name":"Winding Halls","player_choice":"Embrace Madness","floor":45,"damage_taken":0}],"boss_relics":[{"not_picked":["Velvet Choker","Snecko Eye"],"picked":"Sozu"},{"not_picked":["Eternal Feather","Runic Pyramid"],"picked":"Philosopher\u0027s Stone"}],"potions_floor_spawned":[1,3,13,16,18,35,39,42],"seed_played":"7547046199656960793","killed_by":"Donu and Deca","ascension_level":5,"is_trial":false}