{"gold_per_floor":[109,123,153,166,241,241,241,273,297,297,324,126,141,141,141,216,216,236,236,246,246,257,257,291,291,291,317,327,140,240,252,252,252],"floor_reached":33,"playtime":3224,"items_purged":["Strike_B"],"score":586,"play_id":"5539d18c-a3c3-4714-a648-ec1d2a7526f4","local_time":"20190928033007","is_ascension_mode":true,"campfire_choices":[{"floor":6.0,"key":"REST"},{"floor":10.0,"key":"REST"},{"floor":15.0,"key":"REST"},{"floor":23.0,"key":"REST"},{"floor":25.0,"key":"REST"},{"floor":32.0,"key":"REST"}],"neow_cost":"PERCENT_DAMAGE","seed_source_timestamp":1658180123757172,"circlet_count":0,"master_deck":["AscendersBane","Strike_B","Defend_B","Defend_B","Defend_B","Defend_B","Zap","Dualcast","Static Discharge","Leap","Core Surge","Doom and Gloom","Lockon","Self Repair","Conserve Battery","Biased Cognition","Coolheaded","Writhe","Streamline+1","Defragment","Genetic Algorithm","Self Repair","Cold Snap"],"special_seed":0,"relics":["Cracked Core","Dead Branch","Tiny Chest","Bag of Preparation","Vajra","Strawberry","Fusion Hammer","Blood Vial","Cables","Pen Nib","Shovel","Ice Cream","Question Card"],"potions_floor_usage":[33],"damage_taken":[{"damage":0.0,"enemies":"Cultist","floor":1.0,"turns":3.0},{"damage":5.0,"enemies":"2 Louse","floor":2.0,"turns":3.0},{"damage":7.0,"enemies":"Small Slimes","floor":4.0,"turns":3.0},{"damage":21.0,"enemies":"3 Sentries","floor":8.0,"turns":7.0},{"damage":30.0,"enemies":"Gremlin Nob","floor":11.0,"turns":6.0},{"damage":0.0,"enemies":"2 Fungi Beasts","floor":13.0,"turns":3.0},{"damage":21.0,"enemies":"Hexaghost","floor":16.0,"turns":9.0},{"damage":4.0,"enemies":"Chosen","floor":18.0,"turns":3.0},{"damage":10.0,"enemies":"Shell Parasite","floor":20.0,"turns":3.0},{"damage":21.0,"enemies":"Snake Plant","floor":22.0,"turns":4.0},{"damage":40.0,"enemies":"Book of Stabbing","floor":24.0,"turns":5.0},{"damage":42.0,"enemies":"Slavers","floor":27.0,"turns":6.0},{"damage":0.0,"enemies":"Snecko","floor":28.0,"turns":5.0},{"damage":36.0,"enemies":"Colosseum Slavers","floor":30.0,"turns":4.0},{"damage":9.0,"enemies":"Colosseum Nobs","floor":30.0,"turns":4.0},{"damage":0.0,"enemies":"Sentry and Sphere","floor":31.0,"turns":5.0},{"damage":51,"enemies":"Automaton","floor":33,"turns":8}],"seed_played":"6906113516037707341","potions_obtained":[{"floor":1.0,"key":"GamblersBrew"},{"floor":8.0,"key":"Block Potion"},{"floor":13.0,"key":"EssenceOfSteel"},{"floor":18.0,"key":"SpeedPotion"},{"floor":21.0,"key":"Poison Potion"},{"floor":21.0,"key":"LiquidBronze"},{"floor":24.0,"key":"Swift Potion"},{"floor":27.0,"key":"FocusPotion"},{"floor":31.0,"key":"Strength Potion"}],"is_trial":false,"path_per_floor":["M","M","T","M","?","R","?","E","T","R","E","$","M","?","R","B",null,"M","?","M","?","M","R","E","R","T","E","M","$","?","M","R","B"],"character_chosen":"DEFECT","items_purchased":["Doom and Gloom","Lockon","Genetic Algorithm","Self Repair","SpeedPotion"],"campfire_rested":6,"item_purchase_floors":[12,12,29,29,29],"current_hp_per_floor":[46,41,41,34,23,44,37,16,16,37,14,14,14,14,37,23,64,67,67,66,66,54,77,45,68,68,35,44,44,10,19,42,0],"gold":252,"neow_bonus":"ONE_RARE_RELIC","is_prod":false,"is_daily":false,"chose_seed":false,"campfire_upgraded":0,"win_rate":0,"timestamp":1569655807,"path_taken":["M","M","?","M","?","R","?","E","T","R","E","$","M","?","R","BOSS","M","?","M","?","?","R","E","R","T","E","M","$","?","M","R","BOSS"],"build_version":"2019-07-17","purchased_purges":1,"victory":false,"max_hp_per_floor":[71,71,71,71,71,71,71,71,71,71,78,78,78,78,78,78,78,78,78,78,78,78,78,78,78,78,78,78,78,78,78,78,78],"card_choices":[{"not_picked":["Rip and Tear","Barrage"],"picked":"Static Discharge","floor":1.0},{"not_picked":["Gash","Rebound","Scrape"],"picked":"SKIP","floor":2.0},{"not_picked":["Sweeping Beam","Gash"],"picked":"Leap","floor":4.0},{"not_picked":["Undo","Turbo"],"picked":"Core Surge","floor":8.0},{"not_picked":["Hello World","Aggregate","Beam Cell"],"picked":"SKIP","floor":11.0},{"not_picked":["Consume","Recycle"],"picked":"Self Repair","floor":13.0},{"not_picked":["Fission","Echo Form"],"picked":"Biased Cognition","floor":16.0},{"not_picked":["Lockon","Turbo"],"picked":"Coolheaded","floor":18.0},{"not_picked":["Steam Power","Compile Driver","Stack"],"picked":"SKIP","floor":20.0},{"not_picked":["Recycle","Sweeping Beam"],"picked":"Streamline+1","floor":22.0},{"not_picked":["Turbo","Barrage","Aggregate+1"],"picked":"SKIP","floor":24.0},{"not_picked":["Recycle","Turbo+1"],"picked":"Defragment","floor":27.0},{"not_picked":["Rebound","Sweeping Beam","Steam"],"picked":"SKIP","floor":28.0},{"not_picked":["Turbo","Go for the Eyes"],"picked":"Cold Snap","floor":30.0},{"not_picked":["Cold Snap","Leap","Barrage","Hyperbeam"],"picked":"SKIP","floor":31.0}],"player_experience":506810,"relics_obtained":[{"floor":3.0,"key":"Tiny Chest"},{"floor":8.0,"key":"Bag of Preparation"},{"floor":9.0,"key":"Vajra"},{"floor":11.0,"key":"Strawberry"},{"floor":24.0,"key":"Cables"},{"floor":26.0,"key":"Pen Nib"},{"floor":27.0,"key":"Shovel"},{"floor":30.0,"key":"Ice Cream"},{"floor":30.0,"key":"Question Card"}],"event_choices":[{"damage_healed":0.0,"max_hp_gain":0.0,"max_hp_loss":0.0,"gold_gain":75.0,"event_name":"World of Goop","player_choice":"Gather Gold","floor":5.0,"gold_loss":0.0,"damage_taken":11.0},{"cards_removed":["Strike_B"],"damage_healed":0.0,"max_hp_gain":0.0,"max_hp_loss":0.0,"gold_gain":0.0,"event_name":"Golden Wing","player_choice":"Card Removal","floor":7.0,"gold_loss":0.0,"damage_taken":7.0},{"damage_healed":0.0,"max_hp_gain":0.0,"max_hp_loss":0.0,"gold_gain":0.0,"cards_transformed":["Strike_B"],"event_name":"Living Wall","player_choice":"Change","floor":14.0,"gold_loss":0.0,"damage_taken":0.0,"cards_obtained":["Conserve Battery"]},{"damage_healed":0.0,"max_hp_gain":0.0,"max_hp_loss":0.0,"gold_gain":0.0,"event_name":"The Mausoleum","player_choice":"Opened","floor":19.0,"gold_loss":0.0,"damage_taken":0.0,"relics_obtained":["Blood Vial"],"cards_obtained":["Writhe"]},{"damage_healed":0.0,"max_hp_gain":0.0,"max_hp_loss":0.0,"gold_gain":0.0,"event_name":"Lab","player_choice":"Got Potions","floor":21.0,"gold_loss":0.0,"damage_taken":0.0},{"damage_healed":0.0,"max_hp_gain":0.0,"max_hp_loss":0.0,"gold_gain":0.0,"event_name":"Colosseum","player_choice":"Fight","floor":30.0,"gold_loss":0.0,"damage_taken":0.0},{"damage_healed":0.0,"max_hp_gain":0.0,"max_hp_loss":0.0,"gold_gain":0.0,"event_name":"Colosseum","player_choice":"Fought Nobs","floor":30.0,"gold_loss":0.0,"damage_taken":0.0}],"is_beta":false,"boss_relics":[{"not_picked":["Nuclear Battery","Philosopher\u0027s Stone"],"picked":"Fusion Hammer"}],"items_purged_floors":[12],"is_endless":false,"potions_floor_spawned":[1,8,13,18,24,27,31],"killed_by":"Automaton","ascension_level":20}