{"gold_per_floor":[117,129,139,139,64,64,75,136,136,136,17,34,53,87,87,87],"floor_reached":16,"playtime":1091,"items_purged":["Defend_B"],"score":224,"play_id":"ddac1cb1-1a00-4277-87f7-f71d3dc082ab","local_time":"20190928040227","is_ascension_mode":true,"campfire_choices":[{"data":"Sweeping Beam","floor":6.0,"key":"SMITH"},{"floor":10.0,"key":"REST"},{"floor":15.0,"key":"REST"}],"neow_cost":"NONE","seed_source_timestamp":1663007626154122,"circlet_count":0,"master_deck":["AscendersBane","Strike_B","Strike_B","Strike_B+1","Defend_B","Defend_B","Defend_B","Zap","Dualcast","Sweeping Beam+1","Loop+1","Amplify","Undo","Conserve Battery","Cold Snap","Lockon"],"special_seed":0,"relics":["Cracked Core","Tiny Chest","Orichalcum","Blue Candle"],"potions_floor_usage":[16],"damage_taken":[{"damage":7.0,"enemies":"Jaw Worm","floor":1.0,"turns":4.0},{"damage":5.0,"enemies":"Small Slimes","floor":2.0,"turns":3.0},{"damage":1.0,"enemies":"Cultist","floor":3.0,"turns":3.0},{"damage":1.0,"enemies":"2 Fungi Beasts","floor":7.0,"turns":2.0},{"damage":15.0,"enemies":"3 Sentries","floor":8.0,"turns":5.0},{"damage":9.0,"enemies":"Large Slime","floor":12.0,"turns":5.0},{"damage":6.0,"enemies":"Exordium Wildlife","floor":13.0,"turns":3.0},{"damage":12.0,"enemies":"Lagavulin","floor":14.0,"turns":6.0},{"damage":39,"enemies":"Slime Boss","floor":16,"turns":9}],"seed_played":"1337601049520537666","potions_obtained":[{"floor":1.0,"key":"Strength Potion"},{"floor":7.0,"key":"Fire Potion"},{"floor":8.0,"key":"SkillPotion"}],"is_trial":false,"path_per_floor":["M","M","M","?","?","R","M","E","T","R","$","M","M","E","R","B"],"character_chosen":"DEFECT","items_purchased":["Undo"],"campfire_rested":2,"item_purchase_floors":[11],"current_hp_per_floor":[64,59,58,35,35,35,34,19,19,42,42,33,27,15,38,0],"gold":87,"neow_bonus":"TEN_PERCENT_HP_BONUS","is_prod":false,"is_daily":false,"chose_seed":false,"campfire_upgraded":1,"win_rate":0,"timestamp":1569657747,"path_taken":["M","M","M","?","?","R","M","E","T","R","$","M","M","E","R","BOSS"],"build_version":"2019-07-17","purchased_purges":1,"victory":false,"max_hp_per_floor":[78,78,78,78,78,78,78,78,78,78,78,78,78,78,78,78],"card_choices":[{"not_picked":["Force Field","Streamline"],"picked":"Sweeping Beam","floor":1.0},{"not_picked":["Leap","Darkness"],"picked":"Loop","floor":2.0},{"not_picked":["Beam Cell","Redo","Gash"],"picked":"SKIP","floor":3.0},{"not_picked":["Steam","Fusion","Sweeping Beam"],"picked":"SKIP","floor":7.0},{"not_picked":["Gash","Auto Shields"],"picked":"Amplify","floor":8.0},{"not_picked":["Redo","Turbo"],"picked":"Conserve Battery","floor":12.0},{"not_picked":["Lockon","Melter"],"picked":"Cold Snap","floor":13.0},{"not_picked":["Hello World","Meteor Strike"],"picked":"Lockon","floor":14.0}],"player_experience":510051,"relics_obtained":[{"floor":8.0,"key":"Tiny Chest"},{"floor":9.0,"key":"Orichalcum"},{"floor":14.0,"key":"Blue Candle"}],"event_choices":[{"damage_healed":0.0,"max_hp_gain":0.0,"max_hp_loss":0.0,"gold_gain":0.0,"event_name":"Shining Light","player_choice":"Entered Light","floor":4.0,"gold_loss":0.0,"damage_taken":23.0,"cards_upgraded":["Strike_B","Loop"]},{"cards_removed":["Strike_B"],"damage_healed":0.0,"max_hp_gain":0.0,"max_hp_loss":0.0,"gold_gain":0.0,"event_name":"The Cleric","player_choice":"Card Removal","floor":5.0,"gold_loss":75.0,"damage_taken":0.0}],"is_beta":false,"boss_relics":[],"items_purged_floors":[11],"is_endless":false,"potions_floor_spawned":[1,7,8],"killed_by":"Slime Boss","ascension_level":20}