{"gold_per_floor":[216,216,43,43,60,60,89,18,91,110,110,135,135,154,154,255,255,268,251,251,13,28,28,56,56,106,106,119,119,19,35,35,134,134,148,148,148,163,173,173,200,217,217,230,230,230,7,27,27,27],"floor_reached":51,"playtime":3420,"items_purged":["Strike_B","Strike_B","Defend_B"],"score":844,"play_id":"8c49650d-9ca9-4fa9-811c-7705b9fd35ae","local_time":"20190903212440","is_ascension_mode":true,"campfire_choices":[{"data":"Tempest","floor":6.0,"key":"SMITH"},{"floor":13.0,"key":"REST"},{"floor":15.0,"key":"REST"},{"data":"Apotheosis","floor":23.0,"key":"SMITH"},{"floor":25.0,"key":"REST"},{"data":"Echo Form","floor":29.0,"key":"SMITH"},{"data":"Capacitor","floor":32.0,"key":"SMITH"},{"data":"Self Repair","floor":40,"key":"SMITH"},{"data":"Biased Cognition","floor":45,"key":"SMITH"},{"data":"Panacea","floor":49,"key":"SMITH"}],"neow_cost":"NONE","seed_source_timestamp":0,"circlet_count":0,"master_deck":["Defend_B","Zap","Dualcast","Capacitor+1","Self Repair+1","Conserve Battery","Tempest+1","Biased Cognition+1","Ball Lightning","Self Repair","Cold Snap","Echo Form+1","Gash","Apotheosis+1","Conserve Battery","Barrage","Capacitor+1","Glacier","Go for the Eyes","Electrodynamics","Defragment+1","Streamline","Stack+1","Reinforced Body","FTL+1","Panacea+1","All For One"],"special_seed":0,"relics":["Cracked Core","Omamori","Matryoshka","Torii","Sundial","Meat on the Bone","Gambling Chip","Nuclear Battery","MutagenicStrength","Pantograph","Potion Belt","DataDisk","Empty Cage","Orichalcum","Question Card"],"potions_floor_usage":[41,42,48,50,50],"damage_taken":[{"damage":0.0,"enemies":"Cultist","floor":1.0,"turns":4.0},{"damage":10.0,"enemies":"2 Louse","floor":5.0,"turns":4.0},{"damage":47.0,"enemies":"Gremlin Nob","floor":7.0,"turns":5.0},{"damage":0.0,"enemies":"Jaw Worm","floor":10.0,"turns":3.0},{"damage":32.0,"enemies":"3 Sentries","floor":12.0,"turns":5.0},{"damage":13.0,"enemies":"Blue Slaver","floor":14.0,"turns":4.0},{"damage":42.0,"enemies":"Hexaghost","floor":16.0,"turns":12.0},{"damage":10.0,"enemies":"Shell Parasite","floor":18.0,"turns":6.0},{"damage":24.0,"enemies":"2 Thieves","floor":19.0,"turns":4.0},{"damage":20.0,"enemies":"Centurion and Healer","floor":22.0,"turns":6.0},{"damage":50.0,"enemies":"Slavers","floor":24.0,"turns":4.0},{"damage":35.0,"enemies":"Sentry and Sphere","floor":28.0,"turns":6.0},{"damage":1.0,"enemies":"Cultist and Chosen","floor":31.0,"turns":5.0},{"damage":28.0,"enemies":"Champ","floor":33.0,"turns":9.0},{"damage":19,"enemies":"Orb Walker","floor":35,"turns":4},{"damage":2,"enemies":"3 Shapes","floor":38,"turns":6},{"damage":28,"enemies":"Maw","floor":39,"turns":8},{"damage":66,"enemies":"Reptomancer","floor":41,"turns":6},{"damage":11,"enemies":"3 Darklings","floor":42,"turns":5},{"damage":1,"enemies":"Spire Growth","floor":44,"turns":5},{"damage":33,"enemies":"Writhing Mass","floor":48,"turns":6},{"damage":70,"enemies":"Awakened One","floor":50,"turns":11}],"seed_played":"-6805341676454971794","potions_obtained":[{"floor":7.0,"key":"PowerPotion"},{"floor":19.0,"key":"Strength Potion"},{"floor":22.0,"key":"FocusPotion"},{"floor":28.0,"key":"FairyPotion"},{"floor":33.0,"key":"PowerPotion"},{"floor":39,"key":"SpeedPotion"},{"floor":41,"key":"LiquidBronze"},{"floor":42,"key":"GamblersBrew"},{"floor":48,"key":"Energy Potion"}],"is_trial":false,"path_per_floor":["M","?","$","?","M","R","E","?","T","M","?","E","R","M","R","B",null,"M","M","?","$","M","R","E","R","T","?","M","R","$","M","R","B",null,"M","?","?","M","M","R","E","M","T","M","R","?","$","M","R","B",null],"character_chosen":"DEFECT","items_purchased":["Self Repair","Conserve Battery","Apotheosis","Conserve Battery","Panacea"],"campfire_rested":3,"item_purchase_floors":[3,3,21,21,47],"current_hp_per_floor":[75,68,68,68,65,65,25,25,25,44,44,31,53,54,75,59,71,75,51,51,51,60,60,39,61,61,61,68,68,68,75,75,67,73,68,68,68,75,64,64,39,60,60,75,75,71,71,58,58,30],"gold":27,"neow_bonus":"HUNDRED_GOLD","is_prod":false,"is_daily":false,"chose_seed":false,"campfire_upgraded":7,"win_rate":0,"timestamp":1567542280,"path_taken":["M","?","$","?","M","R","E","?","T","?","?","E","R","M","R","BOSS","M","M","?","$","M","R","E","R","T","?","M","R","$","M","R","BOSS","M","?","?","M","?","R","E","?","T","M","R","?","$","M","R","BOSS"],"build_version":"2019-07-17","purchased_purges":3,"victory":true,"max_hp_per_floor":[75,75,75,75,75,75,75,75,75,75,75,75,75,75,75,75,75,75,75,75,75,75,75,75,75,75,75,75,75,75,75,75,75,75,75,75,75,75,75,75,75,75,75,75,75,71,71,71,71,71],"card_choices":[{"not_picked":["Rebound","Scrape"],"picked":"Capacitor","floor":1.0},{"not_picked":["Gash","Steam"],"picked":"Tempest","floor":5.0},{"not_picked":["Beam Cell","Thunder Strike"],"picked":"Biased Cognition","floor":7.0},{"not_picked":["Doom and Gloom","Hologram"],"picked":"Ball Lightning","floor":10.0},{"not_picked":["Reprogram","Compile Driver"],"picked":"Self Repair","floor":12.0},{"not_picked":["Steam","BootSequence"],"picked":"Cold Snap","floor":14.0},{"not_picked":["Hyperbeam","Seek"],"picked":"Echo Form","floor":16.0},{"not_picked":["Scrape","Lockon+1"],"picked":"Gash","floor":18.0},{"not_picked":["Melter","Compile Driver","Turbo"],"picked":"SKIP","floor":19.0},{"not_picked":["Melter","Sweeping Beam"],"picked":"Barrage","floor":22.0},{"not_picked":["Steam Power+1","Streamline+1"],"picked":"Capacitor+1","floor":24.0},{"not_picked":["Gash","Tempest+1"],"picked":"Glacier","floor":28.0},{"not_picked":["Streamline","Barrage"],"picked":"Go for the Eyes","floor":31.0},{"not_picked":["Amplify","Core Surge"],"picked":"Electrodynamics","floor":33.0},{"not_picked":["Barrage+1","Ball Lightning+1"],"picked":"Defragment+1","floor":35},{"not_picked":["Hologram","Redo+1"],"picked":"Stack+1","floor":38},{"not_picked":["Genetic Algorithm+1","Sweeping Beam","Turbo+1"],"picked":"SKIP","floor":39},{"not_picked":["Self Repair","Conserve Battery+1"],"picked":"Reinforced Body","floor":41},{"not_picked":["Redo","Fusion+1","Stack"],"picked":"SKIP","floor":42},{"not_picked":["Hologram+1","Go for the Eyes","Redo+1"],"picked":"FTL+1","floor":44},{"not_picked":["Beam Cell","Sweeping Beam+1","Rip and Tear"],"picked":"All For One","floor":48}],"player_experience":177756,"relics_obtained":[{"floor":7.0,"key":"Matryoshka"},{"floor":9.0,"key":"Sundial"},{"floor":9.0,"key":"Meat on the Bone"},{"floor":12.0,"key":"Gambling Chip"},{"floor":24.0,"key":"Pantograph"},{"floor":26.0,"key":"Potion Belt"},{"floor":26.0,"key":"DataDisk"},{"floor":41,"key":"Orichalcum"},{"floor":43,"key":"Question Card"}],"event_choices":[{"damage_healed":0.0,"max_hp_gain":0.0,"max_hp_loss":0.0,"gold_gain":0.0,"event_name":"Scrap Ooze","player_choice":"Success","floor":2.0,"gold_loss":0.0,"damage_taken":7.0,"relics_obtained":["Omamori"]},{"damage_healed":0.0,"max_hp_gain":0.0,"max_hp_loss":0.0,"gold_gain":0.0,"event_name":"Liars Game","player_choice":"Ignored","floor":4.0,"gold_loss":0.0,"damage_taken":0.0},{"damage_healed":0.0,"max_hp_gain":0.0,"max_hp_loss":0.0,"gold_gain":0.0,"event_name":"WeMeetAgain","player_choice":"Paid Gold","floor":8.0,"gold_loss":71.0,"damage_taken":0.0,"relics_obtained":["Torii"]},{"damage_healed":0.0,"max_hp_gain":0.0,"max_hp_loss":0.0,"gold_gain":0.0,"event_name":"Golden Wing","player_choice":"Ignored","floor":11.0,"gold_loss":0.0,"damage_taken":0.0},{"damage_healed":0.0,"max_hp_gain":0.0,"max_hp_loss":0.0,"gold_gain":0.0,"event_name":"Drug Dealer","player_choice":"Inject Mutagens","floor":20.0,"gold_loss":0.0,"damage_taken":0.0,"relics_obtained":["MutagenicStrength"]},{"cards_removed":["Defend_B"],"damage_healed":0,"gold_gain":0,"player_choice":"Removed Skill","damage_taken":0,"max_hp_gain":0,"max_hp_loss":0,"event_name":"Falling","floor":36,"gold_loss":0},{"damage_healed":0,"gold_gain":0,"cards_transformed":["Defend_B"],"player_choice":"Transformed","damage_taken":0,"max_hp_gain":0,"max_hp_loss":0,"event_name":"Transmorgrifier","floor":37,"gold_loss":0,"cards_obtained":["Streamline"]},{"damage_healed":0,"gold_gain":0,"player_choice":"Max HP","damage_taken":0,"max_hp_gain":0,"max_hp_loss":4,"event_name":"Winding Halls","floor":46,"gold_loss":0}],"is_beta":false,"boss_relics":[{"not_picked":["Pandora\u0027s Box","Calling Bell"],"picked":"Nuclear Battery"},{"not_picked":["Busted Crown","Inserter"],"picked":"Empty Cage"}],"items_purged_floors":[3,30,47],"is_endless":false,"potions_floor_spawned":[7,19,22,28,33,39,41,42,48],"ascension_level":5}