{"gold_per_floor":[110,110,110,135,135,135,166,166,166,166,199,224,255,270,270,398,398,419,100,28,43,43,43,43],"floor_reached":24,"playtime":482,"items_purged":[],"score":333,"play_id":"247c959f-c223-46c0-b9fb-13c588d49041","local_time":"20190212144840","is_ascension_mode":true,"campfire_choices":[{"data":"Deadly Poison","floor":6,"key":"SMITH"},{"data":"Noxious Fumes","floor":8,"key":"SMITH"},{"data":"Neutralize","floor":10,"key":"SMITH"},{"data":"Poisoned Stab","floor":15,"key":"SMITH"},{"data":"Prepared","floor":23,"key":"SMITH"}],"neow_cost":"NONE","seed_source_timestamp":768229928153261,"circlet_count":0,"master_deck":["Defend_G","Defend_G","Defend_G","Defend_G","Defend_G","Survivor","Neutralize+1","Tactician","Deadly Poison+1","Noxious Fumes+1","Backflip","Blade Dance","Poisoned Stab+1","PiercingWail","Corpse Explosion","Cloak And Dagger","Catalyst","Cloak And Dagger","Quick Slash+1","Noxious Fumes+1","Prepared+1","Bite","Bite","Bite","Bite","Bite"],"relics":["Ring of the Snake","NeowsBlessing","Golden Idol","Mercury Hourglass","Shuriken","Vajra","Orrery","Frozen Egg 2"],"potions_floor_usage":[11,11,13,16,18,24,24,24,24],"damage_taken":[{"damage":0,"enemies":"Small Slimes","floor":1,"turns":1},{"damage":0,"enemies":"Jaw Worm","floor":4,"turns":1},{"damage":0,"enemies":"Lagavulin","floor":7,"turns":1},{"damage":6,"enemies":"Gremlin Nob","floor":11,"turns":4},{"damage":0,"enemies":"Cultist","floor":12,"turns":3},{"damage":19,"enemies":"3 Sentries","floor":13,"turns":7},{"damage":5,"enemies":"3 Louse","floor":14,"turns":2},{"damage":25,"enemies":"Slime Boss","floor":16,"turns":7},{"damage":16,"enemies":"2 Thieves","floor":18,"turns":4},{"damage":12,"enemies":"3 Byrds","floor":21,"turns":4},{"damage":34,"enemies":"Slavers","floor":24,"turns":1}],"seed_played":"-6184802211006613201","potions_obtained":[{"floor":1,"key":"EssenceOfSteel"},{"floor":5,"key":"EntropicBrew"},{"floor":5,"key":"EntropicBrew"},{"floor":13,"key":"Poison Potion"},{"floor":16,"key":"SkillPotion"}],"is_trial":false,"path_per_floor":["M","?","?","M","?","R","E","R","T","R","E","M","E","M","R","B",null,"M","$","$","M","?","R","E"],"character_chosen":"THE_SILENT","items_purchased":["Frozen Egg 2","Noxious Fumes+1","Regen Potion"],"campfire_rested":0,"item_purchase_floors":[19,19,20],"current_hp_per_floor":[63,63,56,56,56,56,56,56,56,56,50,50,31,26,26,1,53,37,37,37,25,25,25,0],"gold":43,"neow_bonus":"THREE_ENEMY_KILL","is_prod":false,"is_daily":false,"chose_seed":false,"campfire_upgraded":5,"win_rate":0,"timestamp":1550008120,"path_taken":["M","?","?","M","?","R","E","R","T","R","E","M","E","M","R","BOSS","M","?","$","M","?","R","E"],"build_version":"2019-01-23","purchased_purges":0,"victory":false,"max_hp_per_floor":[70,70,70,70,70,70,70,70,70,70,70,70,70,70,70,70,70,70,70,70,70,49,49,49],"card_choices":[{"not_picked":["Dagger Spray","Flying Knee"],"picked":"Tactician","floor":1},{"not_picked":["Outmaneuver","Predator"],"picked":"Deadly Poison","floor":4},{"not_picked":["Choke","Bouncing Flask"],"picked":"Noxious Fumes","floor":7},{"not_picked":["Deadly Poison","Flying Knee"],"picked":"Backflip","floor":11},{"not_picked":["Flying Knee","Choke"],"picked":"Blade Dance","floor":12},{"not_picked":["Choke","Prepared"],"picked":"Poisoned Stab","floor":13},{"not_picked":["Slice","Calculated Gamble"],"picked":"PiercingWail","floor":14},{"not_picked":["Doppelganger","Venomology"],"picked":"Corpse Explosion","floor":16},{"not_picked":["Poisoned Stab","Blur"],"picked":"Cloak And Dagger","floor":17},{"not_picked":["Slice","Acrobatics"],"picked":"Catalyst","floor":17},{"not_picked":["Slice","Accuracy"],"picked":"Cloak And Dagger","floor":17},{"not_picked":["Glass Knife","Tactician+1"],"picked":"Quick Slash+1","floor":18},{"not_picked":["Acrobatics","Masterful Stab+1"],"picked":"Prepared","floor":21}],"player_experience":354450,"relics_obtained":[{"floor":7,"key":"Mercury Hourglass"},{"floor":11,"key":"Shuriken"},{"floor":13,"key":"Vajra"}],"event_choices":[{"damage_healed":0,"gold_gain":0,"player_choice":"Take Wound","damage_taken":0,"relics_obtained":["Golden Idol"],"max_hp_gain":0,"max_hp_loss":0,"event_name":"Golden Idol","floor":2,"gold_loss":0,"cards_obtained":["Injury"]},{"cards_removed":["Injury"],"damage_healed":0,"gold_gain":0,"player_choice":"Card Removal","damage_taken":7,"max_hp_gain":0,"max_hp_loss":0,"event_name":"Golden Wing","floor":3,"gold_loss":0},{"damage_healed":0,"gold_gain":0,"player_choice":"Got Potions","damage_taken":0,"max_hp_gain":0,"max_hp_loss":0,"event_name":"Lab","floor":5,"gold_loss":0},{"damage_healed":0,"gold_gain":0,"player_choice":"Became a vampire","damage_taken":0,"max_hp_gain":0,"max_hp_loss":21,"event_name":"Vampires","floor":22,"gold_loss":0,"cards_obtained":["Bite","Bite","Bite","Bite","Bite"]}],"is_beta":false,"boss_relics":[{"not_picked":["Velvet Choker","Sozu"],"picked":"Orrery"}],"items_purged_floors":[],"is_endless":false,"potions_floor_spawned":[1,13,14,16],"killed_by":"Slavers","ascension_level":6}