{"gold_per_floor":[119,133,152,152,166,166,193,213,213,213,225,253,253,328,328,400,400,416,466,466,476,487,487,501,501,501,517,190,190,223,241,241,241],"floor_reached":33,"playtime":5395,"items_purged":["Go for the Eyes"],"score":683,"play_id":"22b9d8c8-e382-4f0f-ad88-fba950e27057","local_time":"20190927183810","is_ascension_mode":true,"campfire_choices":[{"data":"Ball Lightning","floor":6.0,"key":"SMITH"},{"floor":10.0,"key":"REST"},{"data":"Loop","floor":13.0,"key":"SMITH"},{"floor":15.0,"key":"REST"},{"data":"Sweeping Beam","floor":23.0,"key":"SMITH"},{"data":"Undo","floor":25.0,"key":"SMITH"},{"data":"Glacier","floor":32,"key":"SMITH"}],"neow_cost":"NONE","seed_source_timestamp":1625108148430424,"circlet_count":0,"master_deck":["AscendersBane","Defend_B","Defend_B","Defend_B","Defend_B","Zap","Dualcast","Ball Lightning+1","Loop+1","Sweeping Beam+1","Electrodynamics","Cold Snap","Ball Lightning+1","Glacier+1","Thunder Strike+1","Self Repair","Bite+1","Bite+1","Bite+1","Bite+1","Bite+1","Go for the Eyes+1","Undo+1","Capacitor","Recycle+1","Cold Snap+1"],"special_seed":0,"relics":["Nuclear Battery","Oddly Smooth Stone","Molten Egg 2","Bottled Tornado","Philosopher\u0027s Stone","Dodecahedron","DataDisk","Bag of Marbles"],"potions_floor_usage":[30],"damage_taken":[{"damage":1.0,"enemies":"2 Louse","floor":1.0,"turns":4.0},{"damage":1.0,"enemies":"Small Slimes","floor":2.0,"turns":3.0},{"damage":7.0,"enemies":"Jaw Worm","floor":3.0,"turns":4.0},{"damage":16.0,"enemies":"Blue Slaver","floor":5.0,"turns":4.0},{"damage":20.0,"enemies":"Lagavulin","floor":7.0,"turns":7.0},{"damage":5.0,"enemies":"Looter","floor":8.0,"turns":3.0},{"damage":0.0,"enemies":"2 Fungi Beasts","floor":11.0,"turns":2.0},{"damage":21.0,"enemies":"Gremlin Nob","floor":12.0,"turns":4.0},{"damage":0.0,"enemies":"Slime Boss","floor":16.0,"turns":6.0},{"damage":10.0,"enemies":"2 Thieves","floor":18.0,"turns":2.0},{"damage":36.0,"enemies":"Chosen","floor":21.0,"turns":4.0},{"damage":5.0,"enemies":"3 Cultists","floor":22.0,"turns":4.0},{"damage":16.0,"enemies":"Snecko","floor":24.0,"turns":4.0},{"damage":31.0,"enemies":"Snake Plant","floor":27.0,"turns":5.0},{"damage":9,"enemies":"Gremlin Leader","floor":30,"turns":5},{"damage":21,"enemies":"Cultist and Chosen","floor":31,"turns":4},{"damage":48,"enemies":"Collector","floor":33,"turns":3}],"seed_played":"-9044621672405560359","potions_obtained":[{"floor":3.0,"key":"Regen Potion"},{"floor":5.0,"key":"Ancient Potion"},{"floor":8.0,"key":"SpeedPotion"},{"floor":12.0,"key":"Explosive Potion"},{"floor":21.0,"key":"Fire Potion"},{"floor":24.0,"key":"SpeedPotion"},{"floor":27.0,"key":"Swift Potion"}],"is_trial":false,"path_per_floor":["M","M","M","?","M","R","E","M","T","R","M","E","R","?","R","B",null,"M","?","?","M","M","R","M","R","T","M","$","?","E","M","R","B"],"character_chosen":"DEFECT","items_purchased":["Capacitor","DataDisk"],"campfire_rested":2,"item_purchase_floors":[28,28],"current_hp_per_floor":[63,62,55,55,39,39,34,29,29,50,50,29,29,18,39,39,63,53,53,49,23,30,30,33,33,33,27,27,15,28,29,29,0],"gold":241,"neow_bonus":"BOSS_RELIC","is_prod":false,"is_daily":false,"chose_seed":false,"campfire_upgraded":5,"win_rate":0,"timestamp":1569623890,"path_taken":["M","M","M","?","M","R","E","M","T","R","M","E","R","?","R","BOSS","M","?","?","M","M","R","M","R","T","M","$","?","E","M","R","BOSS"],"build_version":"2019-07-17","purchased_purges":1,"victory":false,"max_hp_per_floor":[71,71,71,71,71,71,71,71,71,71,71,71,71,71,71,71,71,71,71,49,49,49,49,49,49,49,49,49,54,54,54,54,54],"card_choices":[{"not_picked":["Fusion","Turbo"],"picked":"Go for the Eyes","floor":1.0},{"not_picked":["Conserve Battery","Hello World"],"picked":"Ball Lightning","floor":2.0},{"not_picked":["Rip and Tear","Steam"],"picked":"Loop","floor":3.0},{"not_picked":["Barrage","Conserve Battery"],"picked":"Sweeping Beam","floor":5.0},{"not_picked":["Hologram","Self Repair"],"picked":"Electrodynamics","floor":7.0},{"not_picked":["Auto Shields","Loop"],"picked":"Cold Snap","floor":8.0},{"not_picked":["Sweeping Beam+1","Electrodynamics"],"picked":"Ball Lightning+1","floor":11.0},{"not_picked":["Leap","Stack"],"picked":"Glacier","floor":12.0},{"not_picked":["Creative AI","Hyperbeam+1"],"picked":"Thunder Strike+1","floor":16.0},{"not_picked":["Redo","Stack+1"],"picked":"Self Repair","floor":18.0},{"not_picked":["Redo+1","Steam","Beam Cell+1"],"picked":"SKIP","floor":21.0},{"not_picked":["Force Field","Rainbow"],"picked":"Go for the Eyes+1","floor":22.0},{"not_picked":["Barrage+1","Coolheaded"],"picked":"Undo","floor":24.0},{"not_picked":["Fusion","Redo","Streamline+1"],"picked":"SKIP","floor":27.0},{"not_picked":["Hologram","Gash+1"],"picked":"Recycle+1","floor":30},{"not_picked":["Chill+1","Rebound+1"],"picked":"Cold Snap+1","floor":31}],"player_experience":482060,"relics_obtained":[{"floor":7.0,"key":"Oddly Smooth Stone"},{"floor":9.0,"key":"Molten Egg 2"},{"floor":12.0,"key":"Bottled Tornado"},{"floor":26.0,"key":"Dodecahedron"},{"floor":30,"key":"Bag of Marbles"}],"event_choices":[{"damage_healed":0.0,"max_hp_gain":0.0,"max_hp_loss":0.0,"gold_gain":0.0,"event_name":"Scrap Ooze","player_choice":"Fled","floor":4.0,"gold_loss":0.0,"damage_taken":0.0},{"damage_healed":0.0,"max_hp_gain":0.0,"max_hp_loss":0.0,"gold_gain":75.0,"event_name":"World of Goop","player_choice":"Gather Gold","floor":14.0,"gold_loss":0.0,"damage_taken":11.0},{"damage_healed":0.0,"max_hp_gain":0.0,"max_hp_loss":0.0,"gold_gain":50.0,"event_name":"Nest","player_choice":"Stole From Cult","floor":19.0,"gold_loss":0.0,"damage_taken":0.0},{"damage_healed":0.0,"max_hp_gain":0.0,"max_hp_loss":22.0,"gold_gain":0.0,"event_name":"Vampires","player_choice":"Became a vampire","floor":20.0,"gold_loss":0.0,"damage_taken":0.0,"cards_obtained":["Bite","Bite","Bite","Bite","Bite"]},{"damage_healed":0.0,"max_hp_gain":5.0,"max_hp_loss":0.0,"gold_gain":0.0,"event_name":"Forgotten Altar","player_choice":"Shed Blood","floor":29.0,"gold_loss":0.0,"damage_taken":17.0}],"is_beta":false,"boss_relics":[{"not_picked":["White Beast Statue","Tiny House"],"picked":"Philosopher\u0027s Stone"}],"items_purged_floors":[28],"is_endless":false,"potions_floor_spawned":[3,5,8,12,21,24,27],"killed_by":"Collector","ascension_level":20}