{"gold_per_floor":[118,293,293,34,34,34,34,62,62,62,9,35,49,59,59,162,162,182,215,231,231,250,250,262,262,262,262,2,2,12,29,29,130,130,148,167,94,94,112,112,139,139,139,239,258,258,2,22,22,22],"floor_reached":51,"playtime":3094,"items_purged":["Strike_G"],"score":744,"play_id":"2c00ee80-a35a-41c9-9217-1fcd9af02e72","local_time":"20190806150436","is_ascension_mode":true,"campfire_choices":[{"data":"Caltrops","floor":6,"key":"SMITH"},{"data":"Neutralize","floor":10,"key":"SMITH"},{"data":"Doppelganger","floor":15,"key":"SMITH"},{"data":"Die Die Die","floor":23,"key":"SMITH"},{"floor":25,"key":"REST"},{"data":"Backflip","floor":29,"key":"SMITH"},{"data":"Leg Sweep","floor":32,"key":"SMITH"},{"data":"Footwork","floor":40,"key":"SMITH"},{"data":"Footwork","floor":42,"key":"SMITH"},{"data":"Noxious Fumes","floor":46,"key":"SMITH"},{"floor":49,"key":"REST"}],"neow_cost":"NONE","seed_source_timestamp":5077810891400,"circlet_count":0,"master_deck":["Strike_G","Strike_G+1","Defend_G","Defend_G","Defend_G","Defend_G+1","Survivor+1","Neutralize+1","Endless Agony","Caltrops+1","Calculated Gamble","Backflip+1","Doppelganger+1","Die Die Die+1","Deadly Poison+1","Envenom+1","Outmaneuver+1","Noxious Fumes+1","Noxious Fumes","Noxious Fumes+1","PiercingWail+1","Leg Sweep+1","Adrenaline","Infinite Blades","Backflip","Die Die Die","Backstab+1","Footwork+1","Footwork+1","Backflip+1","Footwork+1","Dash+1"],"relics":["Ring of the Snake","NeowsBlessing","Vajra","Ninja Scroll","Bottled Lightning","Lantern","Astrolabe","Red Mask","Bronze Scales","Bag of Preparation","TwistedFunnel","Orrery","Omamori","War Paint","Gambling Chip","Bottled Tornado"],"potions_floor_usage":[30,31,38,39,41,50,50,50],"damage_taken":[{"damage":0,"enemies":"Jaw Worm","floor":1,"turns":1},{"damage":0,"enemies":"3 Sentries","floor":8,"turns":1},{"damage":0,"enemies":"Gremlin Nob","floor":12,"turns":1},{"damage":0,"enemies":"Small Slimes","floor":13,"turns":2},{"damage":0,"enemies":"2 Louse","floor":14,"turns":1},{"damage":20,"enemies":"The Guardian","floor":16,"turns":11},{"damage":0,"enemies":"3 Byrds","floor":18,"turns":3},{"damage":15,"enemies":"Masked Bandits","floor":19,"turns":3},{"damage":7,"enemies":"Spheric Guardian","floor":20,"turns":4},{"damage":7,"enemies":"Centurion and Healer","floor":22,"turns":5},{"damage":5,"enemies":"Shelled Parasite and Fungi","floor":24,"turns":5},{"damage":0,"enemies":"Chosen and Byrds","floor":30,"turns":4},{"damage":2,"enemies":"Snake Plant","floor":31,"turns":3},{"damage":17,"enemies":"Collector","floor":33,"turns":7},{"damage":2,"enemies":"3 Shapes","floor":35,"turns":3},{"damage":0,"enemies":"3 Darklings","floor":36,"turns":3},{"damage":0,"enemies":"Maw","floor":38,"turns":2},{"damage":0,"enemies":"Spire Growth","floor":39,"turns":5},{"damage":13,"enemies":"Reptomancer","floor":41,"turns":7},{"damage":1,"enemies":"Mind Bloom Boss Battle","floor":44,"turns":6},{"damage":0,"enemies":"Jaw Worm Horde","floor":45,"turns":4},{"damage":0,"enemies":"3 Darklings","floor":48,"turns":4},{"damage":14,"enemies":"Donu and Deca","floor":50,"turns":9}],"seed_played":"-8157748584402045562","potions_obtained":[{"floor":13,"key":"Ancient Potion"},{"floor":22,"key":"Ancient Potion"},{"floor":24,"key":"Swift Potion"},{"floor":31,"key":"SmokeBomb"},{"floor":36,"key":"Energy Potion"},{"floor":41,"key":"Poison Potion"},{"floor":44,"key":"Weak Potion"},{"floor":45,"key":"Strength Potion"}],"is_trial":false,"path_per_floor":["M","?","?","$","?","R","?","E","T","R","$","E","M","M","R","B",null,"M","?","M","?","M","R","M","R","T","?","$","R","M","M","R","B",null,"M","M","$","M","M","R","E","R","T","?","M","R","$","M","R","B",null],"character_chosen":"THE_SILENT","items_purchased":["Vajra","Caltrops","Deadly Poison","TwistedFunnel","PiercingWail","Footwork","Bottled Tornado"],"campfire_rested":2,"item_purchase_floors":[4,4,11,28,28,37,47],"current_hp_per_floor":[70,70,63,63,68,68,53,53,53,53,53,53,53,53,53,33,75,75,60,53,53,46,46,41,63,63,68,68,68,68,66,66,49,75,73,73,73,73,73,73,60,60,60,59,59,59,59,59,75,61],"gold":22,"neow_bonus":"THREE_ENEMY_KILL","is_prod":false,"is_daily":false,"chose_seed":false,"campfire_upgraded":9,"win_rate":0,"timestamp":1565100276,"path_taken":["M","?","?","$","?","R","?","E","T","R","?","E","?","M","R","BOSS","M","?","M","?","M","R","M","R","T","?","$","R","M","?","R","BOSS","M","M","$","M","M","R","E","R","T","?","M","R","$","M","R","BOSS"],"build_version":"2019-07-17","purchased_purges":1,"victory":true,"max_hp_per_floor":[70,70,70,70,75,75,75,75,75,75,75,75,75,75,75,75,75,75,75,75,75,75,75,75,75,75,75,75,75,75,75,75,75,75,75,75,75,75,75,75,75,75,75,75,75,75,75,75,75,75],"card_choices":[{"not_picked":["Underhanded Strike","Bane"],"picked":"Endless Agony","floor":1},{"not_picked":["Underhanded Strike","Terror"],"picked":"Calculated Gamble","floor":8},{"not_picked":["Flying Knee","Sucker Punch"],"picked":"Backflip","floor":12},{"not_picked":["Quick Slash","Flechettes","Bane"],"picked":"SKIP","floor":13},{"not_picked":["Poisoned Stab","Distraction"],"picked":"Doppelganger","floor":14},{"not_picked":["Corpse Explosion","Venomology"],"picked":"Die Die Die","floor":16},{"not_picked":["Acrobatics+1","Deadly Poison"],"picked":"Noxious Fumes+1","floor":18},{"not_picked":["Poisoned Stab","Acrobatics"],"picked":"Noxious Fumes","floor":19},{"not_picked":["Underhanded Strike","Distraction","Envenom"],"picked":"SKIP","floor":20},{"not_picked":["Riddle With Holes","Masterful Stab"],"picked":"Noxious Fumes","floor":22},{"not_picked":["Prepared+1","Bane","Blade Dance"],"picked":"SKIP","floor":24},{"not_picked":["Dodge and Roll+1","PiercingWail"],"picked":"Leg Sweep","floor":30},{"not_picked":["Expertise","Bouncing Flask","Finisher"],"picked":"SKIP","floor":31},{"not_picked":["Doppelganger","Tools of the Trade"],"picked":"Adrenaline","floor":33},{"not_picked":["Masterful Stab","Acrobatics"],"picked":"Infinite Blades","floor":34},{"not_picked":["Infinite Blades","Tactician"],"picked":"Backflip","floor":34},{"not_picked":["Predator","Dagger Throw"],"picked":"Die Die Die","floor":34},{"not_picked":["Bane+1","Quick Slash"],"picked":"Backstab+1","floor":34},{"not_picked":["Flying Knee+1","Quick Slash","Deflect"],"picked":"SKIP","floor":35},{"not_picked":["Prepared+1","Distraction+1"],"picked":"Footwork","floor":36},{"not_picked":["PiercingWail","Dodge and Roll+1"],"picked":"Backflip+1","floor":39},{"not_picked":["Wraith Form v2","Dagger Spray","Infinite Blades+1"],"picked":"SKIP","floor":41},{"not_picked":["PiercingWail+1","Poisoned Stab+1"],"picked":"Footwork+1","floor":44},{"not_picked":["Bane+1","Outmaneuver+1"],"picked":"Dash+1","floor":45},{"not_picked":["All Out Attack","Bane+1","Escape Plan"],"picked":"SKIP","floor":48}],"player_experience":102126,"relics_obtained":[{"floor":8,"key":"Ninja Scroll"},{"floor":9,"key":"Bottled Lightning"},{"floor":12,"key":"Lantern"},{"floor":19,"key":"Red Mask"},{"floor":26,"key":"Bag of Preparation"},{"floor":41,"key":"Omamori"},{"floor":43,"key":"War Paint"},{"floor":44,"key":"Gambling Chip"}],"event_choices":[{"damage_healed":0,"gold_gain":175,"player_choice":"AGREE","damage_taken":0,"max_hp_gain":0,"max_hp_loss":0,"event_name":"Liars Game","floor":2,"gold_loss":0,"cards_obtained":["Doubt"]},{"cards_removed":["Doubt"],"damage_healed":0,"gold_gain":0,"player_choice":"Card Removal","damage_taken":7,"max_hp_gain":0,"max_hp_loss":0,"event_name":"Golden Wing","floor":3,"gold_loss":0},{"damage_healed":0,"gold_gain":0,"player_choice":"Donut","damage_taken":0,"max_hp_gain":5,"max_hp_loss":0,"event_name":"Big Fish","floor":5,"gold_loss":0},{"damage_healed":0,"gold_gain":0,"player_choice":"Entered Light","damage_taken":15,"max_hp_gain":0,"max_hp_loss":0,"event_name":"Shining Light","floor":7,"gold_loss":0,"cards_upgraded":["Defend_G","Strike_G"]},{"damage_healed":0,"gold_gain":0,"player_choice":"Fought Bandits","damage_taken":0,"max_hp_gain":0,"max_hp_loss":0,"event_name":"Masked Bandits","floor":19,"gold_loss":0},{"damage_healed":0,"gold_gain":0,"player_choice":"Opened","damage_taken":0,"relics_obtained":["Bronze Scales"],"max_hp_gain":0,"max_hp_loss":0,"event_name":"The Mausoleum","floor":21,"gold_loss":0},{"cards_removed":["Deadly Poison"],"damage_healed":5,"gold_gain":0,"player_choice":"Offered Common","damage_taken":0,"max_hp_gain":0,"max_hp_loss":0,"event_name":"Bonfire Elementals","floor":27,"gold_loss":0},{"cards_removed":["Deadly Poison"],"damage_healed":5,"gold_gain":0,"player_choice":"Offered Special","damage_taken":0,"max_hp_gain":0,"max_hp_loss":0,"event_name":"Bonfire Elementals","floor":27,"gold_loss":0},{"damage_healed":0,"gold_gain":0,"player_choice":"Fight","damage_taken":0,"max_hp_gain":0,"max_hp_loss":0,"event_name":"MindBloom","floor":44,"gold_loss":0}],"is_beta":false,"boss_relics":[{"not_picked":["Coffee Dripper","White Beast Statue"],"picked":"Astrolabe"},{"not_picked":["Fusion Hammer","Black Star"],"picked":"Orrery"}],"items_purged_floors":[4],"is_endless":false,"potions_floor_spawned":[13,22,24,31,36,41,44,45],"ascension_level":1}