{"gold_per_floor":[364,33,33,33,49,49,81,93,93,107,157,1,1,33,33,107,107,84,84,104,104,4,23,23,23,23,38,0,0,0,0,0,77,77,97,97,113,19,31,31,31,31,31,47,47,75,90,100,100,100],"floor_reached":51,"playtime":2475,"items_purged":["Strike_G","Strike_G"],"score":1406,"play_id":"8b1b4c36-0022-47ed-831b-565a1f277876","local_time":"20190926132828","is_ascension_mode":true,"campfire_choices":[{"data":"Dagger Throw","floor":6.0,"key":"SMITH"},{"floor":13.0,"key":"REST"},{"data":"Footwork","floor":15.0,"key":"SMITH"},{"data":"Prepared","floor":25.0,"key":"SMITH"},{"data":"Prepared","floor":29.0,"key":"SMITH"},{"data":"Doppelganger","floor":32.0,"key":"SMITH"},{"data":"Reflex","floor":40,"key":"SMITH"},{"data":"Calculated Gamble","floor":42,"key":"SMITH"},{"data":"Neutralize","floor":45,"key":"SMITH"},{"floor":49,"key":"REST"}],"neow_cost":"CURSE","seed_source_timestamp":277156671462346,"circlet_count":0,"master_deck":["AscendersBane","Strike_G","Strike_G","Defend_G","Defend_G","Defend_G","Defend_G","Defend_G","Survivor","Neutralize+1","Footwork+1","Dagger Throw+1","Bane","Flying Knee","Dagger Throw","Blur","Prepared+1","Doppelganger+1","CurseOfTheBell","Acrobatics","Underhanded Strike","Prepared+1","Tools of the Trade","Backflip+1","Malaise","Calculated Gamble+1","Acrobatics","Reflex+1","Acrobatics+1","Purity","Endless Agony+1","Concentrate+1","Prepared+1","Underhanded Strike"],"special_seed":0,"relics":["Ring of the Snake","Tingsha","Mango","Bag of Marbles","White Beast Statue","HornCleat","Calling Bell","InkBottle","Mummified Hand","Tough Bandages","Girya","Sozu","Gambling Chip","TungstenRod"],"potions_floor_usage":[33,33,50],"damage_taken":[{"damage":6.0,"enemies":"Cultist","floor":1.0,"turns":5.0},{"damage":0.0,"enemies":"2 Louse","floor":5.0,"turns":4.0},{"damage":18.0,"enemies":"3 Sentries","floor":7.0,"turns":10.0},{"damage":1.0,"enemies":"Jaw Worm","floor":8.0,"turns":2.0},{"damage":6.0,"enemies":"Exordium Thugs","floor":10.0,"turns":5.0},{"damage":8.0,"enemies":"Lagavulin","floor":14.0,"turns":7.0},{"damage":17.0,"enemies":"The Guardian","floor":16.0,"turns":16.0},{"damage":0.0,"enemies":"2 Thieves","floor":18.0,"turns":4.0},{"damage":13.0,"enemies":"3 Byrds","floor":20.0,"turns":6.0},{"damage":4.0,"enemies":"Sentry and Sphere","floor":23.0,"turns":10.0},{"damage":0.0,"enemies":"Shelled Parasite and Fungi","floor":27.0,"turns":6.0},{"damage":47,"enemies":"Champ","floor":33,"turns":16},{"damage":0,"enemies":"3 Shapes","floor":35,"turns":5},{"damage":0,"enemies":"Orb Walker","floor":37,"turns":4},{"damage":0,"enemies":"Spire Growth","floor":39,"turns":5},{"damage":0,"enemies":"Transient","floor":44,"turns":6},{"damage":0,"enemies":"Giant Head","floor":46,"turns":6},{"damage":0,"enemies":"3 Darklings","floor":47,"turns":4},{"damage":0,"enemies":"Jaw Worm Horde","floor":48,"turns":2},{"damage":0,"enemies":"Donu and Deca","floor":50,"turns":10}],"seed_played":"-3023260629445260890","potions_obtained":[{"floor":1.0,"key":"SkillPotion"},{"floor":10.0,"key":"Block Potion"},{"floor":14.0,"key":"GhostInAJar"},{"floor":18.0,"key":"DuplicationPotion"},{"floor":20.0,"key":"LiquidBronze"},{"floor":23.0,"key":"SpeedPotion"},{"floor":33,"key":"PowerPotion"}],"is_trial":false,"path_per_floor":["M","$","?","?","M","R","E","M","T","M","?","$","R","E","R","B",null,"M","?","M","?","$","M","?","R","T","M","?","R","$","$","R","B",null,"M","?","M","$","M","R","?","R","T","M","R","E","M","M","R","B",null],"character_chosen":"THE_SILENT","items_purchased":["Tingsha","Blur","Acrobatics","Reflex"],"campfire_rested":2,"item_purchase_floors":[2,12,38,38],"current_hp_per_floor":[53,53,46,55,55,55,37,36,36,30,30,30,54,46,46,29,67,67,67,54,42,42,38,54,54,54,54,54,54,54,54,54,7,62,62,62,62,62,62,62,62,62,62,62,62,62,62,62,80,80],"gold":100,"neow_bonus":"TWO_FIFTY_GOLD","is_prod":false,"is_daily":false,"chose_seed":false,"campfire_upgraded":8,"win_rate":0,"timestamp":1569529708,"path_taken":["M","$","?","?","M","R","E","M","T","M","?","$","R","E","R","BOSS","M","?","M","?","$","?","?","R","T","M","?","R","?","$","R","BOSS","M","?","M","?","M","R","?","R","T","M","R","E","M","M","R","BOSS"],"build_version":"2019-09-26","purchased_purges":2,"victory":true,"max_hp_per_floor":[66,66,66,80,80,80,80,80,80,80,80,80,80,80,80,80,80,80,80,80,80,80,80,80,80,80,80,80,80,80,80,80,80,80,80,80,80,80,80,80,80,80,80,80,80,80,80,80,80,80],"card_choices":[{"not_picked":["Sucker Punch","Blade Dance"],"picked":"Footwork","floor":1.0},{"not_picked":["Prepared","Deflect"],"picked":"Dagger Throw","floor":5.0},{"not_picked":["Eviscerate","Tactician"],"picked":"Bane","floor":7.0},{"not_picked":["Escape Plan","Dodge and Roll"],"picked":"Flying Knee","floor":8.0},{"not_picked":["Prepared","Reflex"],"picked":"Dagger Throw","floor":10.0},{"not_picked":["Flechettes","Backflip"],"picked":"Prepared","floor":14.0},{"not_picked":["Venomology","Phantasmal Killer"],"picked":"Doppelganger","floor":16.0},{"not_picked":["Flying Knee","Slice"],"picked":"Acrobatics","floor":18.0},{"not_picked":["Dagger Spray","PiercingWail","Cloak And Dagger"],"picked":"SKIP","floor":20.0},{"not_picked":["Noxious Fumes","Caltrops"],"picked":"Underhanded Strike","floor":23.0},{"not_picked":["Finisher","Acrobatics"],"picked":"Prepared","floor":27.0},{"not_picked":["Die Die Die","Envenom"],"picked":"Tools of the Trade","floor":33},{"not_picked":["Leg Sweep","Dagger Spray+1"],"picked":"Backflip+1","floor":35},{"not_picked":["Quick Slash","Underhanded Strike"],"picked":"Calculated Gamble","floor":37},{"not_picked":["Quick Slash","Setup"],"picked":"Acrobatics+1","floor":39},{"not_picked":["Finesse","Flash of Steel"],"picked":"Purity","floor":41},{"not_picked":["Endless Agony+1","Bane","Dash"],"picked":"SKIP","floor":44},{"not_picked":["Bane","Dash"],"picked":"Endless Agony+1","floor":44},{"not_picked":["Eviscerate","Concentrate+1","Envenom"],"picked":"SKIP","floor":46},{"not_picked":["Eviscerate","Envenom"],"picked":"Concentrate+1","floor":46},{"not_picked":["All Out Attack","PiercingWail"],"picked":"Prepared+1","floor":47},{"not_picked":["Skewer","Concentrate+1"],"picked":"Underhanded Strike","floor":48}],"player_experience":683275,"relics_obtained":[{"floor":7.0,"key":"Bag of Marbles"},{"floor":9.0,"key":"White Beast Statue"},{"floor":14.0,"key":"HornCleat"},{"floor":17.0,"key":"InkBottle"},{"floor":17.0,"key":"Mummified Hand"},{"floor":17.0,"key":"Tough Bandages"},{"floor":26.0,"key":"Girya"},{"floor":43,"key":"Gambling Chip"},{"floor":46,"key":"TungstenRod"}],"event_choices":[{"cards_removed":["Shame"],"damage_healed":0.0,"max_hp_gain":0.0,"max_hp_loss":0.0,"gold_gain":0.0,"event_name":"Golden Wing","player_choice":"Card Removal","floor":3.0,"gold_loss":0.0,"damage_taken":7.0},{"damage_healed":0.0,"max_hp_gain":0.0,"max_hp_loss":0.0,"gold_gain":0.0,"event_name":"Scrap Ooze","player_choice":"Success","floor":4.0,"gold_loss":0.0,"damage_taken":5.0,"relics_obtained":["Mango"]},{"damage_healed":0.0,"max_hp_gain":0.0,"max_hp_loss":0.0,"gold_gain":50.0,"event_name":"Golden Shrine","player_choice":"Pray","floor":11.0,"gold_loss":0.0,"damage_taken":0.0},{"damage_healed":0.0,"max_hp_gain":0.0,"max_hp_loss":0.0,"gold_gain":0.0,"event_name":"Wheel of Change","player_choice":"Damaged","floor":21.0,"gold_loss":0.0,"damage_taken":12.0},{"damage_healed":16.0,"max_hp_gain":0.0,"max_hp_loss":0.0,"gold_gain":0.0,"event_name":"The Library","player_choice":"Heal","floor":24.0,"gold_loss":0.0,"damage_taken":0.0},{"damage_healed":0.0,"max_hp_gain":0.0,"max_hp_loss":0.0,"gold_gain":0.0,"event_name":"Masked Bandits","player_choice":"Paid Fearfully","floor":28.0,"gold_loss":38.0,"damage_taken":0.0},{"damage_healed":0,"gold_gain":0,"cards_transformed":["Strike_G"],"player_choice":"Transformed","damage_taken":0,"max_hp_gain":0,"max_hp_loss":0,"event_name":"Transmorgrifier","floor":36,"gold_loss":0,"cards_obtained":["Malaise"]},{"damage_healed":0,"gold_gain":0,"player_choice":"Memory 1","damage_taken":0,"max_hp_gain":0,"max_hp_loss":0,"event_name":"SensoryStone","floor":41,"gold_loss":0}],"is_beta":true,"boss_relics":[{"not_picked":["Ring of the Serpent","Velvet Choker"],"picked":"Calling Bell"},{"not_picked":["Fusion Hammer","WristBlade"],"picked":"Sozu"}],"items_purged_floors":[12,22],"is_endless":false,"potions_floor_spawned":[1,10,14,16,18,20,23,27,33,35,37,39,44,46,47,48],"ascension_level":17}