{"gold_per_floor":[109,109,127,127,147,173,221,221,221,221,247,265,281,9,9,82,82,99,129,129,148,166,166,166,166,166,166,179,179,179,1,1,1],"floor_reached":33,"playtime":1988,"items_purged":["Strike_R","Strike_R"],"score":442,"play_id":"de2e4118-fb7c-4ab1-a3e7-8e7ba3d72866","local_time":"20190825235038","is_ascension_mode":true,"campfire_choices":[{"data":"True Grit","floor":8.0,"key":"SMITH"},{"floor":10.0,"key":"REST"},{"floor":15.0,"key":"REST"},{"floor":23,"key":"REST"},{"data":"Feel No Pain","floor":25,"key":"SMITH"},{"data":"Impervious","floor":27,"key":"SMITH"},{"data":"Demon Form","floor":30,"key":"SMITH"},{"floor":32,"key":"REST"}],"neow_cost":"NONE","seed_source_timestamp":963789316457700,"circlet_count":0,"master_deck":["AscendersBane","Strike_R","Strike_R","Defend_R","Defend_R","Defend_R","Defend_R","Bash+1","Cleave","True Grit+1","Twin Strike","Metallicize","Feel No Pain+1","Metallicize","Feed","Pommel Strike","Impervious+1","Shrug It Off","Ghostly Armor","Demon Form+1","Flame Barrier"],"special_seed":0,"relics":["Burning Blood","Bag of Marbles","Regal Pillow","Kunai","Bottled Tornado","Oddly Smooth Stone","Sozu","Tiny Chest","Blue Candle","Meat on the Bone"],"potions_floor_usage":[],"damage_taken":[{"damage":9.0,"enemies":"Jaw Worm","floor":1.0,"turns":3.0},{"damage":11.0,"enemies":"Cultist","floor":3.0,"turns":4.0},{"damage":0.0,"enemies":"Small Slimes","floor":5.0,"turns":3.0},{"damage":41.0,"enemies":"3 Sentries","floor":6.0,"turns":10.0},{"damage":51.0,"enemies":"Lagavulin","floor":11.0,"turns":7.0},{"damage":6.0,"enemies":"Exordium Wildlife","floor":12.0,"turns":5.0},{"damage":3.0,"enemies":"Exordium Thugs","floor":13.0,"turns":5.0},{"damage":30.0,"enemies":"Slime Boss","floor":16.0,"turns":18.0},{"damage":19.0,"enemies":"Shell Parasite","floor":18.0,"turns":9.0},{"damage":24.0,"enemies":"Spheric Guardian","floor":21.0,"turns":11.0},{"damage":43,"enemies":"Cultist and Chosen","floor":22,"turns":13},{"damage":9,"enemies":"Snecko","floor":28,"turns":9},{"damage":88,"enemies":"Automaton","floor":33,"turns":14}],"seed_played":"-7437588077000384695","potions_obtained":[{"floor":5.0,"key":"PowerPotion"},{"floor":6.0,"key":"EssenceOfSteel"}],"is_trial":false,"path_per_floor":["M","?","M","?","M","E","T","R","T","R","E","M","M","$","R","B",null,"M","?","?","M","M","R","T","R","T","R","M","?","R","$","R","B"],"character_chosen":"IRONCLAD","items_purchased":["Oddly Smooth Stone","Pommel Strike","Flame Barrier"],"campfire_rested":4,"item_purchase_floors":[14,14,31],"current_hp_per_floor":[69,69,64,64,70,35,35,35,35,74,29,29,32,32,71,50,75,65,65,65,50,16,58,58,58,58,58,58,39,39,39,84,0],"gold":1,"neow_bonus":"UPGRADE_CARD","is_prod":false,"is_daily":false,"chose_seed":false,"campfire_upgraded":4,"win_rate":0,"timestamp":1566802238,"path_taken":["M","?","M","?","?","E","?","R","T","R","E","M","M","$","R","BOSS","M","?","?","?","M","R","?","R","T","R","?","?","R","$","R","BOSS"],"build_version":"2019-07-17","purchased_purges":2,"victory":false,"max_hp_per_floor":[80,80,80,80,80,80,80,80,80,80,80,80,80,80,80,83,83,86,86,86,89,92,92,92,92,92,92,95,100,100,100,100,100],"card_choices":[{"not_picked":["Heavy Blade","Pommel Strike"],"picked":"Cleave","floor":1.0},{"not_picked":["Fire Breathing","Armaments"],"picked":"True Grit","floor":3.0},{"not_picked":["Rage","Wild Strike"],"picked":"Twin Strike","floor":5.0},{"not_picked":["Reckless Charge","Rage"],"picked":"Metallicize","floor":6.0},{"not_picked":["Cleave","Warcry"],"picked":"Feel No Pain","floor":11.0},{"not_picked":["Cleave","Warcry"],"picked":"Metallicize","floor":12.0},{"not_picked":["Heavy Blade","Sword Boomerang"],"picked":"Feed","floor":13.0},{"not_picked":["Barricade","Bludgeon"],"picked":"Impervious","floor":16.0},{"not_picked":["Clash","Pommel Strike"],"picked":"Shrug It Off","floor":18.0},{"not_picked":["Headbutt","Anger"],"picked":"Ghostly Armor","floor":21.0},{"not_picked":["Warcry","Thunderclap+1","Iron Wave"],"picked":"SKIP","floor":22},{"not_picked":["Feel No Pain+1","Sword Boomerang"],"picked":"Demon Form","floor":28}],"player_experience":1335852,"relics_obtained":[{"floor":6.0,"key":"Bag of Marbles"},{"floor":7.0,"key":"Regal Pillow"},{"floor":9.0,"key":"Kunai"},{"floor":11.0,"key":"Bottled Tornado"},{"floor":24,"key":"Blue Candle"},{"floor":26,"key":"Meat on the Bone"}],"event_choices":[{"damage_healed":0.0,"max_hp_gain":0.0,"max_hp_loss":0.0,"gold_gain":0.0,"event_name":"Liars Game","player_choice":"Ignored","floor":2.0,"gold_loss":0.0,"damage_taken":0.0},{"cards_removed":["Strike_R"],"damage_healed":0.0,"max_hp_gain":0.0,"max_hp_loss":0.0,"gold_gain":0.0,"event_name":"Wheel of Change","player_choice":"Card Removal","floor":4.0,"gold_loss":0.0,"damage_taken":0.0},{"damage_healed":0.0,"max_hp_gain":0.0,"max_hp_loss":0.0,"gold_gain":0.0,"event_name":"The Mausoleum","player_choice":"Opened","floor":19.0,"gold_loss":0.0,"damage_taken":0.0,"relics_obtained":["Tiny Chest"]},{"damage_healed":0.0,"max_hp_gain":0.0,"max_hp_loss":0.0,"gold_gain":0.0,"event_name":"Vampires","player_choice":"Ignored","floor":20.0,"gold_loss":0.0,"damage_taken":0.0},{"damage_healed":0,"gold_gain":0,"player_choice":"Shed Blood","damage_taken":24,"max_hp_gain":5,"max_hp_loss":0,"event_name":"Forgotten Altar","floor":29,"gold_loss":0}],"is_beta":false,"boss_relics":[{"not_picked":["Ectoplasm","Calling Bell"],"picked":"Sozu"}],"items_purged_floors":[14,31],"is_endless":false,"potions_floor_spawned":[5,6,11,16,18,22],"killed_by":"Automaton","ascension_level":13}