{"gold_per_floor":[110,130,140,159,177,177,209,209,234,234],"floor_reached":10,"playtime":504,"items_purged":[],"score":91,"play_id":"1b69d3e5-a441-4470-b6c1-14ca0ba9a21d","local_time":"20190520204927","is_ascension_mode":true,"campfire_choices":[{"floor":6.0,"key":"RECALL"}],"neow_cost":"NONE","seed_source_timestamp":1131752381331300,"circlet_count":0,"master_deck":["Defend_G","Defend_G","Defend_G","Defend_G","Defend_G","Strike_G","Strike_G","Strike_G","Strike_G","Strike_G","Survivor","Neutralize","Finisher","Backflip","Deadly Poison","PiercingWail"],"special_seed":0,"relics":["Fusion Hammer","Anchor","Bronze Scales","Art of War"],"potions_floor_usage":[10,10,10],"damage_taken":[{"damage":0.0,"enemies":"Cultist","floor":1.0,"turns":4.0},{"damage":0.0,"enemies":"Jaw Worm","floor":2.0,"turns":3.0},{"damage":0.0,"enemies":"2 Louse","floor":3.0,"turns":3.0},{"damage":1.0,"enemies":"Looter","floor":4.0,"turns":4.0},{"damage":7.0,"enemies":"3 Louse","floor":5.0,"turns":2.0},{"damage":29.0,"enemies":"Gremlin Nob","floor":7.0,"turns":5.0},{"damage":12,"enemies":"3 Sentries","floor":10,"turns":8}],"seed_played":"-416277897072107716","potions_obtained":[{"floor":4.0,"key":"PowerPotion"},{"floor":7.0,"key":"EntropicBrew"}],"is_trial":false,"path_per_floor":["M","M","M","M","M","R","E","?","T","E"],"character_chosen":"THE_SILENT","items_purchased":[],"campfire_rested":0,"item_purchase_floors":[],"current_hp_per_floor":[63,63,63,62,55,55,26,8,8,0],"gold":234,"neow_bonus":"BOSS_RELIC","is_prod":false,"is_daily":false,"chose_seed":false,"campfire_upgraded":0,"win_rate":0,"timestamp":1558410567,"path_taken":["M","M","M","?","M","R","E","?","T","E"],"build_version":"2019-01-23","purchased_purges":0,"victory":false,"max_hp_per_floor":[70,70,70,70,70,70,70,70,70,70],"card_choices":[{"not_picked":["Quick Slash","Acrobatics"],"picked":"Finisher","floor":1.0},{"not_picked":["Slice","Quick Slash"],"picked":"Backflip","floor":2.0},{"not_picked":["All Out Attack","Acrobatics","Tools of the Trade"],"picked":"SKIP","floor":3.0},{"not_picked":["Sucker Punch","Infinite Blades","Outmaneuver"],"picked":"SKIP","floor":4.0},{"not_picked":["Sucker Punch","Predator"],"picked":"Deadly Poison","floor":5.0},{"not_picked":["Heel Hook","Distraction"],"picked":"PiercingWail","floor":7.0}],"player_experience":1213887,"relics_obtained":[{"floor":7.0,"key":"Anchor"},{"floor":9.0,"key":"Art of War"}],"event_choices":[{"damage_healed":0.0,"max_hp_gain":0.0,"max_hp_loss":0.0,"gold_gain":0.0,"event_name":"Scrap Ooze","player_choice":"Success","floor":8.0,"gold_loss":0.0,"damage_taken":18.0,"relics_obtained":["Bronze Scales"]}],"is_beta":false,"boss_relics":[],"items_purged_floors":[],"is_endless":false,"potions_floor_spawned":[4,7],"killed_by":"3 Sentries","ascension_level":6}