{"gold_per_floor":[111,36,55,72,82,114,114,114,164,183,183,199,34,49,49,127,127,144,144,155,55,70,70,85,85,85,104,16,36,0,18,18,96,96,108,119,119,43,0,0,0,0,0,0,14,114,114,127,127,127],"floor_reached":50,"playtime":1653,"items_purged":["Regret","Defend_G"],"score":872,"play_id":"00a5ade8-2514-4ac8-9ea5-cfe7a07a53e3","local_time":"20190919164159","is_ascension_mode":true,"campfire_choices":[{"floor":8.0,"key":"REST"},{"data":"Deadly Poison","floor":11.0,"key":"SMITH"},{"data":"Neutralize","floor":15.0,"key":"SMITH"},{"data":"Footwork","floor":23.0,"key":"SMITH"},{"data":"Dodge and Roll","floor":25.0,"key":"SMITH"},{"floor":32.0,"key":"REST"},{"data":"Bouncing Flask","floor":40.0,"key":"SMITH"},{"data":"Blur","floor":42.0,"key":"SMITH"},{"floor":49,"key":"REST"}],"neow_cost":"CURSE","seed_source_timestamp":472119917428030,"circlet_count":0,"master_deck":["AscendersBane","Defend_G","Defend_G","Defend_G","Defend_G","Survivor","Neutralize+1","Footwork+1","Deadly Poison+1","Poisoned Stab","Masterful Stab+1","Quick Slash","Bane","Well Laid Plans","Corpse Explosion","Blur","Bite","Bite","Bite","Bite","Bite","Backflip","Dodge and Roll+1","Masterful Stab","Caltrops+1","Blur+1","Adrenaline","Acrobatics+1","Bouncing Flask+1","Backflip+1","Terror"],"special_seed":0,"relics":["Ring of the Snake","Gremlin Horn","Juzu Bracelet","DollysMirror","Philosopher\u0027s Stone","Ninja Scroll","Busted Crown","Red Mask","Bottled Lightning","Nunchaku"],"potions_floor_usage":[48],"damage_taken":[{"damage":4.0,"enemies":"Small Slimes","floor":1.0,"turns":3.0},{"damage":6.0,"enemies":"2 Louse","floor":3.0,"turns":5.0},{"damage":5.0,"enemies":"Jaw Worm","floor":4.0,"turns":6.0},{"damage":20.0,"enemies":"Exordium Thugs","floor":5.0,"turns":6.0},{"damage":26.0,"enemies":"3 Sentries","floor":6.0,"turns":10.0},{"damage":3.0,"enemies":"Blue Slaver","floor":10.0,"turns":3.0},{"damage":4.0,"enemies":"Looter","floor":12.0,"turns":3.0},{"damage":2.0,"enemies":"2 Fungi Beasts","floor":14.0,"turns":3.0},{"damage":6.0,"enemies":"The Guardian","floor":16.0,"turns":11.0},{"damage":4.0,"enemies":"Chosen","floor":18.0,"turns":5.0},{"damage":35.0,"enemies":"2 Thieves","floor":20.0,"turns":5.0},{"damage":0.0,"enemies":"3 Cultists","floor":22.0,"turns":2.0},{"damage":35.0,"enemies":"Chosen and Byrds","floor":24.0,"turns":7.0},{"damage":35.0,"enemies":"Shelled Parasite and Fungi","floor":27.0,"turns":7.0},{"damage":15.0,"enemies":"Centurion and Healer","floor":29.0,"turns":4.0},{"damage":0.0,"enemies":"3 Cultists","floor":31.0,"turns":4.0},{"damage":44.0,"enemies":"Automaton","floor":33.0,"turns":12.0},{"damage":2.0,"enemies":"3 Shapes","floor":35.0,"turns":1.0},{"damage":41.0,"enemies":"3 Darklings","floor":36.0,"turns":3.0},{"damage":2,"enemies":"4 Shapes","floor":45,"turns":5},{"damage":6,"enemies":"Mind Bloom Boss Battle","floor":46,"turns":8},{"damage":33,"enemies":"Spire Growth","floor":48,"turns":5},{"damage":43,"enemies":"Time Eater","floor":50,"turns":5}],"seed_played":"-8844419072628784850","potions_obtained":[{"floor":3.0,"key":"Block Potion"},{"floor":5.0,"key":"SteroidPotion"},{"floor":10.0,"key":"Weak Potion"},{"floor":16.0,"key":"Regen Potion"},{"floor":22.0,"key":"Regen Potion"},{"floor":27.0,"key":"GhostInAJar"},{"floor":33.0,"key":"Energy Potion"},{"floor":45,"key":"Fire Potion"}],"is_trial":false,"path_per_floor":["M","$","M","M","M","E","?","R","T","M","R","M","$","M","R","B",null,"M","?","M","$","M","R","M","R","T","M","$","M","?","M","R","B",null,"M","M","?","$","?","R","?","R","T","?","M","?","$","M","R","B"],"character_chosen":"THE_SILENT","items_purchased":["DollysMirror","Masterful Stab","Bouncing Flask"],"campfire_rested":3,"item_purchase_floors":[13,28,38],"current_hp_per_floor":[67,67,61,56,36,10,10,33,33,30,30,26,26,24,24,18,63,59,54,41,41,45,45,20,20,20,17,17,12,12,22,38,10,43,43,12,44,44,44,44,44,44,44,39,44,44,44,19,32,0],"gold":127,"neow_bonus":"TWENTY_PERCENT_HP_BONUS","is_prod":false,"is_daily":false,"chose_seed":false,"campfire_upgraded":6,"win_rate":0,"timestamp":1568936519,"path_taken":["M","$","M","M","M","E","?","R","T","M","R","M","$","M","R","BOSS","M","?","M","$","M","R","M","R","T","M","$","M","?","M","R","BOSS","M","M","?","$","?","R","?","R","T","?","M","?","$","M","R","BOSS"],"build_version":"2019-09-19","purchased_purges":2,"victory":false,"max_hp_per_floor":[78,78,78,78,78,78,78,78,78,78,78,78,78,78,78,78,78,78,54,54,54,54,54,54,54,54,54,54,54,54,54,54,54,54,54,54,44,44,44,44,44,44,44,44,44,44,44,44,44,44],"card_choices":[{"not_picked":["Outmaneuver","Dagger Spray"],"picked":"Footwork","floor":1.0},{"not_picked":["Cloak And Dagger","Flying Knee"],"picked":"Deadly Poison","floor":3.0},{"not_picked":["Footwork","Deadly Poison"],"picked":"Poisoned Stab","floor":4.0},{"not_picked":["Doppelganger","Dodge and Roll"],"picked":"Masterful Stab","floor":5.0},{"not_picked":["Sucker Punch","Dodge and Roll"],"picked":"Quick Slash","floor":6.0},{"not_picked":["Concentrate","Outmaneuver"],"picked":"Bane","floor":10.0},{"not_picked":["Cloak And Dagger","Sucker Punch"],"picked":"Well Laid Plans","floor":12.0},{"not_picked":["Dagger Throw","Acrobatics","Poisoned Stab"],"picked":"SKIP","floor":14.0},{"not_picked":["Burst","Malaise"],"picked":"Corpse Explosion","floor":16.0},{"not_picked":["Crippling Poison","Poisoned Stab"],"picked":"Blur","floor":18.0},{"not_picked":["Dagger Throw","Prepared","Flechettes"],"picked":"SKIP","floor":20.0},{"not_picked":["Dagger Spray","PiercingWail"],"picked":"Backflip","floor":22.0},{"not_picked":["Slice","Poisoned Stab"],"picked":"Dodge and Roll","floor":24.0},{"not_picked":["Flechettes","Dagger Spray","Catalyst"],"picked":"SKIP","floor":27.0},{"not_picked":["Slice","Acrobatics"],"picked":"Caltrops+1","floor":29.0},{"not_picked":["Malaise","Slice+1"],"picked":"Blur","floor":31.0},{"not_picked":["Tools of the Trade","Envenom"],"picked":"Adrenaline","floor":33.0},{"not_picked":[],"picked":"Acrobatics+1","floor":35.0},{"not_picked":["Flying Knee"],"picked":"SKIP","floor":36.0},{"not_picked":["Blade Dance+1"],"picked":"SKIP","floor":45},{"not_picked":[],"picked":"Backflip+1","floor":46},{"not_picked":[],"picked":"Terror","floor":48}],"player_experience":677279,"relics_obtained":[{"floor":6.0,"key":"Gremlin Horn"},{"floor":9.0,"key":"Juzu Bracelet"},{"floor":26.0,"key":"Ninja Scroll"},{"floor":43.0,"key":"Bottled Lightning"},{"floor":46,"key":"Nunchaku"}],"event_choices":[{"damage_healed":0.0,"max_hp_gain":0.0,"max_hp_loss":0.0,"gold_gain":0.0,"event_name":"Living Wall","player_choice":"Grow","floor":7.0,"gold_loss":0.0,"damage_taken":0.0,"cards_upgraded":["Masterful Stab"]},{"damage_healed":0.0,"max_hp_gain":0.0,"max_hp_loss":24.0,"gold_gain":0.0,"event_name":"Vampires","player_choice":"Became a vampire","floor":19.0,"gold_loss":0.0,"damage_taken":0.0,"cards_obtained":["Bite","Bite","Bite","Bite","Bite"]},{"damage_healed":0.0,"max_hp_gain":0.0,"max_hp_loss":0.0,"gold_gain":0.0,"event_name":"Masked Bandits","player_choice":"Paid Fearfully","floor":30.0,"gold_loss":36.0,"damage_taken":0.0},{"damage_healed":44.0,"max_hp_gain":0.0,"max_hp_loss":10.0,"gold_gain":0.0,"event_name":"The Moai Head","player_choice":"Heal","floor":37.0,"gold_loss":0.0,"damage_taken":0.0},{"damage_healed":0.0,"max_hp_gain":0.0,"max_hp_loss":0.0,"gold_gain":0.0,"event_name":"Tomb of Lord Red Mask","player_choice":"Paid","floor":39.0,"gold_loss":43.0,"damage_taken":0.0,"relics_obtained":["Red Mask"]},{"cards_removed":["Masterful Stab"],"damage_healed":0.0,"max_hp_gain":0.0,"max_hp_loss":0.0,"gold_gain":0.0,"event_name":"Falling","player_choice":"Removed Attack","floor":41.0,"gold_loss":0.0,"damage_taken":0.0},{"damage_healed":0.0,"max_hp_gain":0.0,"max_hp_loss":0.0,"gold_gain":0.0,"event_name":"SensoryStone","player_choice":"Memory 2","floor":44.0,"gold_loss":0.0,"damage_taken":5.0},{"damage_healed":0,"gold_gain":0,"player_choice":"Fight","damage_taken":0,"max_hp_gain":0,"max_hp_loss":0,"event_name":"MindBloom","floor":46,"gold_loss":0}],"is_beta":true,"boss_relics":[{"not_picked":["Snecko Eye","Runic Pyramid"],"picked":"Philosopher\u0027s Stone"},{"not_picked":["HoveringKite","Calling Bell"],"picked":"Busted Crown"}],"items_purged_floors":[2,21],"is_endless":false,"potions_floor_spawned":[3,5,10,16,22,27,33,45],"killed_by":"Time Eater","ascension_level":18}