{"gold_per_floor":[110,130,146,166,35,65,65,65,65,92,92,92,120,130,130,201,201,219,12,26,43,43,43,56,56,79,89,100,15,47,47,47,124,124,140,140,140,187,22,22,22,22,22,38,38,38,54,1,1,1],"floor_reached":51,"playtime":1650,"items_purged":["Strike_G","Strike_G"],"score":1189,"play_id":"320330a8-83c6-4529-9750-2c8bb2650655","local_time":"20190919090751","is_ascension_mode":true,"campfire_choices":[{"data":"Neutralize","floor":7.0,"key":"SMITH"},{"floor":12.0,"key":"REST"},{"data":"Caltrops","floor":15.0,"key":"SMITH"},{"data":"Bandage Up","floor":23.0,"key":"SMITH"},{"data":"Acrobatics","floor":25.0,"key":"SMITH"},{"data":"Deadly Poison","floor":32.0,"key":"SMITH"},{"data":"The Bomb","floor":40.0,"key":"SMITH"},{"data":"Survivor","floor":41.0,"key":"SMITH"},{"data":"Defend_G","floor":42.0,"key":"SMITH"},{"data":"Defend_G","floor":45.0,"key":"SMITH"},{"data":"Backflip","floor":49.0,"key":"SMITH"}],"neow_cost":"NONE","seed_source_timestamp":444950011385186,"circlet_count":0,"master_deck":["AscendersBane","Strike_G","Strike_G","Defend_G+1","Defend_G","Defend_G+1","Defend_G+1","Defend_G+1","Survivor+1","Neutralize+1","Predator","Poisoned Stab","Acrobatics+1","Slice","Underhanded Strike","Quick Slash","Caltrops+1","Caltrops+1","Adrenaline","Bandage Up+1","Leg Sweep+1","Doubt","Deadly Poison+1","Corpse Explosion","Noxious Fumes+1","The Bomb+1","Bouncing Flask+1","Backflip+1"],"special_seed":0,"relics":["Ring of the Snake","NeowsBlessing","Art of War","War Paint","Ornamental Fan","Bronze Scales","Cursed Key","Bag of Preparation","Eternal Feather","StrikeDummy","Coffee Dripper","WingedGreaves","Lee\u0027s Waffle"],"potions_floor_usage":[50,50],"damage_taken":[{"damage":0.0,"enemies":"2 Louse","floor":1.0,"turns":1.0},{"damage":0.0,"enemies":"Small Slimes","floor":2.0,"turns":1.0},{"damage":0.0,"enemies":"Cultist","floor":3.0,"turns":1.0},{"damage":5.0,"enemies":"3 Louse","floor":4.0,"turns":4.0},{"damage":25.0,"enemies":"3 Sentries","floor":6.0,"turns":5.0},{"damage":21.0,"enemies":"Gremlin Nob","floor":10.0,"turns":5.0},{"damage":10.0,"enemies":"3 Sentries","floor":13.0,"turns":9.0},{"damage":0.0,"enemies":"Blue Slaver","floor":14.0,"turns":3.0},{"damage":6.0,"enemies":"The Guardian","floor":16.0,"turns":11.0},{"damage":12.0,"enemies":"Shell Parasite","floor":18.0,"turns":5.0},{"damage":0.0,"enemies":"Spheric Guardian","floor":20.0,"turns":3.0},{"damage":7.0,"enemies":"Snecko","floor":21.0,"turns":5.0},{"damage":0.0,"enemies":"Chosen and Byrds","floor":24.0,"turns":4.0},{"damage":5.0,"enemies":"3 Cultists","floor":27.0,"turns":5.0},{"damage":6.0,"enemies":"Shelled Parasite and Fungi","floor":28.0,"turns":3.0},{"damage":2.0,"enemies":"Gremlin Leader","floor":30.0,"turns":6.0},{"damage":33.0,"enemies":"Automaton","floor":33.0,"turns":11.0},{"damage":2.0,"enemies":"Orb Walker","floor":35.0,"turns":3.0},{"damage":38.0,"enemies":"2 Orb Walkers","floor":38.0,"turns":5.0},{"damage":20.0,"enemies":"3 Darklings","floor":44.0,"turns":4.0},{"damage":26.0,"enemies":"Jaw Worm Horde","floor":47.0,"turns":3.0},{"damage":68,"enemies":"Time Eater","floor":50,"turns":11}],"seed_played":"-2048098000598506305","potions_obtained":[{"floor":1.0,"key":"SpeedPotion"},{"floor":2.0,"key":"AttackPotion"},{"floor":10.0,"key":"SpeedPotion"},{"floor":13.0,"key":"SkillPotion"},{"floor":18.0,"key":"GhostInAJar"},{"floor":27.0,"key":"Dexterity Potion"},{"floor":33.0,"key":"Dexterity Potion"},{"floor":47.0,"key":"Swift Potion"}],"is_trial":false,"path_per_floor":["M","M","M","M","$","E","R","?","T","E","?","R","E","M","R","B",null,"M","$","M","M","?","R","M","R","T","M","M","?","E","T","R","B",null,"M","?","?","?","$","R","R","R","T","M","R","?","M","$","R","B",null],"character_chosen":"THE_SILENT","items_purchased":["Slice","Bandage Up","Lee\u0027s Waffle","Backflip"],"campfire_rested":1,"item_purchase_floors":[5,19,39,48],"current_hp_per_floor":[59,59,59,54,54,29,29,29,29,8,8,27,17,17,17,11,52,40,40,44,41,41,41,47,47,47,48,48,48,52,52,64,33,58,62,62,57,25,73,73,73,73,73,53,68,68,48,48,63,1],"gold":1,"neow_bonus":"THREE_ENEMY_KILL","is_prod":false,"is_daily":false,"chose_seed":false,"campfire_upgraded":10,"win_rate":0,"timestamp":1568909271,"path_taken":["M","M","M","M","$","E","R","?","T","E","?","R","E","M","R","BOSS","M","$","M","M","?","R","?","R","T","M","M","?","E","?","R","BOSS","M","?","?","?","$","R","R","R","T","M","R","?","M","$","R","BOSS"],"build_version":"2019-09-18","purchased_purges":2,"victory":true,"max_hp_per_floor":[66,66,66,66,66,66,66,66,66,66,66,66,66,66,66,66,66,66,66,66,66,66,66,66,66,66,66,66,66,66,66,66,66,66,66,66,66,66,73,73,73,73,73,73,73,73,73,73,73,73],"card_choices":[{"not_picked":["Dodge and Roll","Concentrate"],"picked":"Predator","floor":1.0},{"not_picked":["Flying Knee","Noxious Fumes"],"picked":"Poisoned Stab","floor":2.0},{"not_picked":["Heel Hook","Blade Dance"],"picked":"Dagger Spray","floor":3.0},{"not_picked":["Dagger Throw","Dodge and Roll"],"picked":"Acrobatics","floor":4.0},{"not_picked":["Backstab","Caltrops"],"picked":"Underhanded Strike","floor":6.0},{"not_picked":["Poisoned Stab","Phantasmal Killer"],"picked":"Quick Slash","floor":10.0},{"not_picked":["Flying Knee","Blade Dance"],"picked":"Caltrops","floor":13.0},{"not_picked":["Prepared","PiercingWail"],"picked":"Caltrops","floor":14.0},{"not_picked":["Envenom","Unload"],"picked":"Adrenaline","floor":16.0},{"not_picked":["Poisoned Stab","Deflect","Blade Dance"],"picked":"SKIP","floor":18.0},{"not_picked":["Dagger Throw+1","Flying Knee"],"picked":"Leg Sweep+1","floor":20.0},{"not_picked":["Poisoned Stab","Tactician","PiercingWail"],"picked":"SKIP","floor":21.0},{"not_picked":["Backstab","Sucker Punch+1","Flying Knee"],"picked":"SKIP","floor":24.0},{"not_picked":["PiercingWail+1","Dodge and Roll"],"picked":"Deadly Poison","floor":27.0},{"not_picked":["Slice","Riddle With Holes","Crippling Poison"],"picked":"SKIP","floor":28.0},{"not_picked":["Heel Hook","Blade Dance","Burst"],"picked":"SKIP","floor":30.0},{"not_picked":["Die Die Die","Glass Knife"],"picked":"Corpse Explosion","floor":33.0},{"not_picked":["Bane","Flying Knee"],"picked":"Noxious Fumes+1","floor":35.0},{"not_picked":["Good Instincts","Mayhem"],"picked":"The Bomb","floor":37.0},{"not_picked":["Escape Plan","Blade Dance"],"picked":"Bouncing Flask+1","floor":44.0},{"not_picked":["All Out Attack","Poisoned Stab","Outmaneuver"],"picked":"SKIP","floor":47.0}],"player_experience":672918,"relics_obtained":[{"floor":6.0,"key":"Art of War"},{"floor":9.0,"key":"War Paint"},{"floor":10.0,"key":"Ornamental Fan"},{"floor":13.0,"key":"Bronze Scales"},{"floor":26.0,"key":"Bag of Preparation"},{"floor":30.0,"key":"StrikeDummy"},{"floor":38.0,"key":"WingedGreaves"}],"event_choices":[{"damage_healed":0.0,"max_hp_gain":0.0,"max_hp_loss":0.0,"gold_gain":0.0,"event_name":"Liars Game","player_choice":"Ignored","floor":8.0,"gold_loss":0.0,"damage_taken":0.0},{"cards_removed":["Strike_G"],"damage_healed":0.0,"max_hp_gain":0.0,"max_hp_loss":0.0,"gold_gain":0.0,"event_name":"Living Wall","player_choice":"Forget","floor":11.0,"gold_loss":0.0,"damage_taken":0.0},{"damage_healed":0.0,"max_hp_gain":0.0,"max_hp_loss":0.0,"gold_gain":0.0,"event_name":"Upgrade Shrine","player_choice":"Upgraded","floor":22.0,"gold_loss":0.0,"damage_taken":0.0,"cards_upgraded":["Caltrops"]},{"damage_healed":0.0,"max_hp_gain":0.0,"max_hp_loss":0.0,"gold_gain":0.0,"event_name":"Addict","player_choice":"Obtained Relic","floor":29.0,"gold_loss":85.0,"damage_taken":0.0,"relics_obtained":["Eternal Feather"]},{"damage_healed":0.0,"max_hp_gain":0.0,"max_hp_loss":0.0,"gold_gain":0.0,"event_name":"Tomb of Lord Red Mask","player_choice":"Ignored","floor":36.0,"gold_loss":0.0,"damage_taken":0.0},{"damage_healed":0.0,"max_hp_gain":0.0,"max_hp_loss":0.0,"gold_gain":0.0,"event_name":"SensoryStone","player_choice":"Memory 2","floor":37.0,"gold_loss":0.0,"damage_taken":5.0},{"damage_healed":0.0,"max_hp_gain":0.0,"max_hp_loss":0.0,"gold_gain":0.0,"event_name":"Mysterious Sphere","player_choice":"Fight","floor":38.0,"gold_loss":0.0,"damage_taken":0.0},{"cards_removed":["Dagger Spray"],"damage_healed":0.0,"max_hp_gain":0.0,"max_hp_loss":0.0,"gold_gain":0.0,"event_name":"Falling","player_choice":"Removed Attack","floor":46.0,"gold_loss":0.0,"damage_taken":0.0}],"is_beta":true,"boss_relics":[{"not_picked":["SacredBark","Runic Pyramid"],"picked":"Cursed Key"},{"not_picked":["Snecko Eye","Velvet Choker"],"picked":"Coffee Dripper"}],"items_purged_floors":[5,19],"is_endless":false,"potions_floor_spawned":[1,2,10,13,18,27,28,33,35,47],"ascension_level":16}