{"path_per_floor":["M","?","$","M","M","R","?","R","T","M","M","E","R","$","R","B",null,"M","$","?","?","?","R"],"character_chosen":"DEFECT","items_purchased":["Gash","Magnetism","Bag of Marbles"],"gold_per_floor":[118,118,70,82,96,96,96,96,177,197,212,241,241,55,55,156,156,167,17,17,17,17,17,17],"floor_reached":24,"campfire_rested":1,"playtime":631,"item_purchase_floors":[3,14,19],"current_hp_per_floor":[64,69,69,69,68,68,68,68,68,61,58,27,51,51,51,23,66,51,51,77,71,56,56,0],"items_purged":[],"gold":17,"score":269,"play_id":"2e9aaf53-ae32-4bcd-95c3-ea237c221b11","local_time":"20180619115859","is_prod":false,"is_daily":false,"chose_seed":false,"is_ascension_mode":true,"campfire_upgraded":4,"win_rate":0,"timestamp":1529423939,"campfire_choices":[{"data":"Creative AI","floor":6,"key":"SMITH"},{"data":"Zap","floor":8,"key":"SMITH"},{"floor":13,"key":"REST"},{"data":"Magnetism","floor":15,"key":"SMITH"},{"data":"RitualDagger","floor":23,"key":"SMITH"}],"path_taken":["M","?","$","?","M","R","?","R","T","M","?","E","R","?","R","BOSS","M","$","?","?","?","R","E"],"build_version":"2018-06-18","seed_source_timestamp":583428683652592,"purchased_purges":0,"circlet_count":0,"victory":false,"master_deck":["Strike_B","Strike_B","Strike_B","Strike_B","Defend_B","Defend_B","Defend_B","Defend_B","Zap+1","Dualcast","Creative AI+1","Leap","Gash","Conserve Battery","Leap","Storm","Heatsinks","Magnetism+1","Core Surge","Capacitor","RitualDagger+1"],"max_hp_per_floor":[75,80,80,80,80,80,80,80,80,80,80,80,80,80,80,80,80,80,80,80,80,85,85,85],"relics":["Cracked Core","Darkstone Periapt","Art of War","Cursed Key","Bag of Marbles"],"card_choices":[{"not_picked":["Loop","Lockon"],"picked":"Leap","floor":1},{"not_picked":["Barrage","FTL","Streamline"],"picked":"SKIP","floor":4},{"not_picked":["Capacitor","Hologram"],"picked":"Conserve Battery","floor":5},{"not_picked":["Compile Driver","Self Repair"],"picked":"Leap","floor":10},{"not_picked":["Recycle","FTL"],"picked":"Storm","floor":11},{"not_picked":["Creative AI","Consume"],"picked":"Heatsinks","floor":12},{"not_picked":["Rainbow","Multi-Cast"],"picked":"Core Surge","floor":16},{"not_picked":["Steam+1","Consume"],"picked":"Capacitor","floor":18}],"player_experience":789543,"potions_floor_usage":[12,16],"damage_taken":[{"damage":4,"enemies":"Jaw Worm","floor":1,"turns":3},{"damage":0,"enemies":"2 Louse","floor":4,"turns":2},{"damage":1,"enemies":"Cultist","floor":5,"turns":3},{"damage":7,"enemies":"Exordium Wildlife","floor":10,"turns":4},{"damage":3,"enemies":"2 Fungi Beasts","floor":11,"turns":4},{"damage":31,"enemies":"Gremlin Nob","floor":12,"turns":5},{"damage":28,"enemies":"Slime Boss","floor":16,"turns":9},{"damage":15,"enemies":"Chosen","floor":18,"turns":5},{"damage":57,"enemies":"Slavers","floor":24,"turns":3}],"relics_obtained":[{"floor":9,"key":"Darkstone Periapt"},{"floor":12,"key":"Art of War"}],"event_choices":[{"event_name":"Big Fish","player_choice":"Donut","floor":2,"damage_taken":0},{"event_name":"Liars Game","player_choice":"disagreed","floor":7,"damage_taken":0},{"event_name":"The Library","player_choice":"Heal","floor":20,"damage_taken":0},{"event_name":"Nest","player_choice":"Joined the Cult","floor":21,"damage_taken":0},{"event_name":"Forgotten Altar","player_choice":"Shed Blood","floor":22,"damage_taken":0}],"boss_relics":[{"not_picked":["Velvet Choker","Black Star"],"picked":"Cursed Key"}],"items_purged_floors":[],"is_endless":false,"potions_floor_spawned":[1,4,16],"seed_played":"4385084758532499202","killed_by":"Slavers","ascension_level":8,"potions_obtained":[{"floor":1,"key":"Strength Potion"},{"floor":4,"key":"Weak Potion"},{"floor":16,"key":"Explosive Potion"}],"is_trial":false}