{"gold_per_floor":[117,136,86,5,80,80,93,93,93,93,26,44,60,79,79,176,176,186,186,36,36,36,47,47,59,59,73,73,73,91,102,102,197,197,217,217,231,243,257,257,180,200,200,215,226,6,6,6,6,6],"floor_reached":51,"playtime":4935,"items_purged":["Defend_P"],"score":593,"play_id":"995defa6-6caa-45e2-a5f6-0a1adc4670d4","local_time":"20190923233133","is_ascension_mode":false,"campfire_choices":[{"data":"Perseverance","floor":6,"key":"SMITH"},{"data":"Vigilance","floor":8,"key":"SMITH"},{"data":"Protect","floor":10,"key":"SMITH"},{"data":"Consecrate","floor":15,"key":"SMITH"},{"data":"BattleHymn","floor":24,"key":"SMITH"},{"data":"EmptyFist","floor":29,"key":"SMITH"},{"floor":32,"key":"REST"},{"floor":40,"key":"REST"},{"data":"Establishment","floor":47,"key":"SMITH"},{"data":"SashWhip","floor":49,"key":"SMITH"}],"neow_cost":"NONE","seed_source_timestamp":28576296082500,"circlet_count":0,"master_deck":["Strike_P","Defend_P","Eruption+1","Vigilance+1","Protect+1","EmptyBody","Perseverance+1","Sanctity","MentalFortress","Consecrate+1","CutThroughFate","Brilliance+1","Wish+1","Perseverance+1","DevaForm+1","ClearTheMind+1","CarveReality","BattleHymn+1","EmptyFist+1","CutThroughFate","SashWhip+1","ThirdEye+1","DeusExMachina+1","Eruption+1","Establishment+1"],"relics":["PureWater","Toxic Egg 2","Astrolabe","Enchiridion","Ornamental Fan","Cursed Key","Centennial Puzzle","Oddly Smooth Stone"],"potions_floor_usage":[14,16,23,23,28,33,38,50,50],"damage_taken":[{"damage":0,"enemies":"Cultist","floor":1,"turns":4},{"damage":0,"enemies":"2 Louse","floor":2,"turns":2},{"damage":0,"enemies":"Small Slimes","floor":7,"turns":3},{"damage":0,"enemies":"Exordium Wildlife","floor":12,"turns":7},{"damage":0,"enemies":"2 Fungi Beasts","floor":13,"turns":4},{"damage":0,"enemies":"Large Slime","floor":14,"turns":6},{"damage":25,"enemies":"Hexaghost","floor":16,"turns":16},{"damage":5,"enemies":"Chosen","floor":18,"turns":10},{"damage":7,"enemies":"3 Byrds","floor":23,"turns":6},{"damage":10,"enemies":"Cultist and Chosen","floor":25,"turns":6},{"damage":0,"enemies":"Sentry and Sphere","floor":27,"turns":4},{"damage":8,"enemies":"Colosseum Slavers","floor":28,"turns":4},{"damage":21,"enemies":"Centurion and Healer","floor":30,"turns":5},{"damage":4,"enemies":"Cultist and Chosen","floor":31,"turns":5},{"damage":1,"enemies":"Collector","floor":33,"turns":8},{"damage":2,"enemies":"3 Shapes","floor":35,"turns":5},{"damage":5,"enemies":"Orb Walker","floor":37,"turns":5},{"damage":63,"enemies":"Spire Growth","floor":38,"turns":7},{"damage":27,"enemies":"Jaw Worm Horde","floor":39,"turns":5},{"damage":1,"enemies":"4 Shapes","floor":42,"turns":8},{"damage":3,"enemies":"Maw","floor":44,"turns":6},{"damage":9,"enemies":"Spire Growth","floor":45,"turns":4},{"damage":61,"enemies":"Donu and Deca","floor":50,"turns":10}],"seed_played":"253709005937190910","potions_obtained":[{"floor":1,"key":"Fire Potion"},{"floor":7,"key":"Ambrosia"},{"floor":14,"key":"Regen Potion"},{"floor":16,"key":"Explosive Potion"},{"floor":23,"key":"GamblersBrew"},{"floor":30,"key":"SkillPotion"},{"floor":35,"key":"Regen Potion"},{"floor":42,"key":"PowerPotion"},{"floor":44,"key":"AttackPotion"}],"is_trial":false,"path_per_floor":["M","M","?","$","?","R","M","R","T","R","$","M","M","M","R","B",null,"M","?","$","?","?","M","R","M","T","M","?","R","M","M","R","B",null,"M","?","M","M","M","R","?","M","T","M","M","$","R","$","R","B",null],"character_chosen":"WATCHER","items_purchased":["Perseverance","MentalFortress","BattleHymn","Oddly Smooth Stone","Establishment"],"campfire_rested":2,"item_purchase_floors":[4,11,20,46,46],"current_hp_per_floor":[65,65,65,65,54,54,54,54,54,54,54,54,54,54,54,29,65,60,44,44,44,44,60,60,62,62,65,61,61,40,48,65,65,65,65,65,60,20,9,28,28,51,51,65,64,64,64,64,64,11],"gold":6,"neow_bonus":"UPGRADE_CARD","is_prod":false,"is_daily":false,"chose_seed":false,"campfire_upgraded":8,"win_rate":0.0,"timestamp":1569277893,"path_taken":["M","?","?","$","?","R","M","R","T","R","?","M","M","M","R","BOSS","M","?","$","?","?","M","R","M","T","?","?","R","M","M","R","BOSS","M","?","?","M","M","R","?","M","T","M","M","$","R","?","R","BOSS"],"build_version":"2019-09-23","purchased_purges":1,"victory":true,"max_hp_per_floor":[65,65,65,65,65,65,65,65,65,65,65,65,65,65,65,65,65,65,65,65,65,65,65,65,65,65,65,65,65,65,65,65,65,65,65,65,65,65,65,65,65,65,65,65,65,65,65,65,65,65],"card_choices":[{"not_picked":["FlurryOfBlows","BowlingBash"],"picked":"Protect","floor":1},{"not_picked":["WindmillStrike","FollowUp"],"picked":"EmptyBody","floor":2},{"not_picked":["Crescendo","EmptyBody"],"picked":"Sanctity","floor":7},{"not_picked":["CleanseEvil+1","FollowUp"],"picked":"Consecrate","floor":12},{"not_picked":["WreathOfFlame+1","Prostrate+1"],"picked":"CutThroughFate","floor":13},{"not_picked":["CutThroughFate","Protect+1"],"picked":"Brilliance+1","floor":14},{"not_picked":["Blasphemy+1","Adaptation"],"picked":"Wish+1","floor":16},{"not_picked":["TalkToTheHand","EmptyBody+1"],"picked":"CarveReality","floor":18},{"not_picked":["ClearTheMind+1","CrushJoints+1"],"picked":"EmptyFist","floor":23},{"not_picked":["Consecrate","FlyingSleeves"],"picked":"CutThroughFate","floor":25},{"not_picked":["Omniscience","Vengeance+1"],"picked":"SashWhip","floor":27},{"not_picked":["Conclude","EmptyFist"],"picked":"ThirdEye+1","floor":30},{"not_picked":["CrushJoints+1","CarveReality","EmptyFist"],"picked":"SKIP","floor":31},{"not_picked":["ReachHeaven","Wish+1"],"picked":"DeusExMachina+1","floor":33},{"not_picked":["Protect+1","FlyingSleeves+1","BowlingBash"],"picked":"SKIP","floor":35},{"not_picked":["InnerPeace+1","Tantrum","Swivel+1"],"picked":"SKIP","floor":37},{"not_picked":["Halt+1","WaveOfTheHand+1","JustLucky"],"picked":"SKIP","floor":38},{"not_picked":["Protect+1","CleanseEvil+1","Consecrate"],"picked":"SKIP","floor":39},{"not_picked":["PathToVictory+1","CrushJoints+1","InnerPeace+1"],"picked":"SKIP","floor":42},{"not_picked":["Brilliance+1","SashWhip+1","FollowUp+1"],"picked":"SKIP","floor":44},{"not_picked":["Weave","Worship+1","BowlingBash"],"picked":"SKIP","floor":45}],"player_experience":228717,"relics_obtained":[{"floor":9,"key":"Toxic Egg 2"},{"floor":19,"key":"Enchiridion"},{"floor":26,"key":"Ornamental Fan"}],"event_choices":[{"cards_removed":["Strike_P"],"damage_healed":0,"gold_gain":0,"player_choice":"Card Removal","damage_taken":0,"max_hp_gain":0,"max_hp_loss":0,"event_name":"The Cleric","floor":3,"gold_loss":50},{"damage_healed":0,"gold_gain":75,"player_choice":"Gather Gold","damage_taken":11,"max_hp_gain":0,"max_hp_loss":0,"event_name":"World of Goop","floor":5,"gold_loss":0},{"damage_healed":0,"gold_gain":0,"player_choice":"Obtained Book","damage_taken":16,"max_hp_gain":0,"max_hp_loss":0,"event_name":"Cursed Tome","floor":19,"gold_loss":0},{"cards_removed":["Defend_P"],"damage_healed":0,"gold_gain":0,"player_choice":"Elegance","damage_taken":0,"max_hp_gain":0,"max_hp_loss":0,"event_name":"Back to Basics","floor":21,"gold_loss":0},{"damage_healed":0,"gold_gain":0,"player_choice":"Ignored","damage_taken":0,"max_hp_gain":0,"max_hp_loss":0,"event_name":"The Mausoleum","floor":22,"gold_loss":0},{"damage_healed":0,"gold_gain":0,"player_choice":"Fight","damage_taken":0,"max_hp_gain":0,"max_hp_loss":0,"event_name":"Colosseum","floor":28,"gold_loss":0},{"damage_healed":0,"gold_gain":0,"player_choice":"Fled From Nobs","damage_taken":0,"max_hp_gain":0,"max_hp_loss":0,"event_name":"Colosseum","floor":28,"gold_loss":0},{"damage_healed":0,"gold_gain":0,"player_choice":"Copied","damage_taken":0,"max_hp_gain":0,"max_hp_loss":0,"event_name":"Duplicator","floor":36,"gold_loss":0,"cards_obtained":["Eruption"]},{"damage_healed":0,"gold_gain":0,"player_choice":"Paid Gold","damage_taken":0,"relics_obtained":["Centennial Puzzle"],"max_hp_gain":0,"max_hp_loss":0,"event_name":"WeMeetAgain","floor":41,"gold_loss":77}],"is_beta":true,"boss_relics":[{"not_picked":["Runic Dome","Velvet Choker"],"picked":"Astrolabe"},{"not_picked":["VioletLotus","Pandora\u0027s Box"],"picked":"Cursed Key"}],"items_purged_floors":[20],"is_endless":false,"potions_floor_spawned":[1,7,14,16,23,30,35,42,44],"ascension_level":0}