{"gold_per_floor":[111,126,136,23,23,23,57,57,84,116,116,135,135,154,154,250,250,263,263,279,293,48,78,78,90,139,14,14,14,14,34,34,144,165,183,183,49,72,72,72,86,86,86,0,17,17,33,33,33,33],"floor_reached":51,"playtime":1488,"items_purged":["Strike_G","Strike_G","Pain"],"score":1090,"play_id":"5361cc6e-5a84-4c1f-9291-532207d4691d","local_time":"20190917221849","is_ascension_mode":true,"campfire_choices":[{"data":"Neutralize","floor":6.0,"key":"SMITH"},{"data":"Dash","floor":8.0,"key":"SMITH"},{"data":"Leg Sweep","floor":11.0,"key":"SMITH"},{"data":"Quick Slash","floor":13.0,"key":"SMITH"},{"data":"Footwork","floor":15.0,"key":"SMITH"},{"data":"Dash","floor":24,"key":"SMITH"},{"data":"Footwork","floor":28,"key":"SMITH"},{"data":"Footwork","floor":30,"key":"SMITH"},{"floor":32,"key":"REST"},{"data":"Doppelganger","floor":40,"key":"SMITH"},{"data":"Corpse Explosion","floor":42,"key":"SMITH"},{"floor":49,"key":"REST"}],"neow_cost":"NONE","seed_source_timestamp":319887139322469,"circlet_count":0,"master_deck":["AscendersBane","Strike_G","Defend_G","Defend_G","Defend_G","Defend_G","Survivor","Neutralize+1","Backstab","Quick Slash+1","Flying Knee","Dash+1","Leg Sweep+1","Footwork+1","Corpse Explosion+1","Poisoned Stab+1","Footwork+1","Heel Hook+1","Dash+1","Footwork+1","Masterful Stab+1","Adrenaline","Die Die Die+1","Cloak And Dagger+1","Corpse Explosion+1","Backflip","Doppelganger+1"],"special_seed":0,"relics":["Ring of the Snake","NeowsBlessing","Ancient Tea Set","Bag of Marbles","Oddly Smooth Stone","Cursed Key","Toy Ornithopter","CeramicFish","Astrolabe","Orrery","Red Mask"],"potions_floor_usage":[33,33,50],"damage_taken":[{"damage":0.0,"enemies":"2 Louse","floor":1.0,"turns":1.0},{"damage":0.0,"enemies":"Jaw Worm","floor":2.0,"turns":1.0},{"damage":0.0,"enemies":"Cultist","floor":3.0,"turns":1.0},{"damage":8.0,"enemies":"Gremlin Nob","floor":7.0,"turns":5.0},{"damage":4.0,"enemies":"Lagavulin","floor":10.0,"turns":5.0},{"damage":0.0,"enemies":"Red Slaver","floor":12.0,"turns":2.0},{"damage":0.0,"enemies":"Looter","floor":14.0,"turns":1.0},{"damage":51.0,"enemies":"Slime Boss","floor":16.0,"turns":18.0},{"damage":0.0,"enemies":"3 Byrds","floor":18.0,"turns":2.0},{"damage":0.0,"enemies":"Shell Parasite","floor":20.0,"turns":4.0},{"damage":0.0,"enemies":"Centurion and Healer","floor":21.0,"turns":4.0},{"damage":13,"enemies":"Slavers","floor":23,"turns":6},{"damage":5,"enemies":"Shelled Parasite and Fungi","floor":25,"turns":4},{"damage":7,"enemies":"Snecko","floor":31,"turns":5},{"damage":18,"enemies":"Champ","floor":33,"turns":27},{"damage":16,"enemies":"Orb Walker","floor":35,"turns":3},{"damage":0,"enemies":"3 Shapes","floor":38,"turns":2},{"damage":0,"enemies":"Sphere and 2 Shapes","floor":41,"turns":1},{"damage":0,"enemies":"Jaw Worm Horde","floor":45,"turns":2},{"damage":0,"enemies":"4 Shapes","floor":47,"turns":4},{"damage":22,"enemies":"Awakened One","floor":50,"turns":24}],"seed_played":"3696651834396619900","potions_obtained":[{"floor":2.0,"key":"AttackPotion"},{"floor":3.0,"key":"Fire Potion"},{"floor":12.0,"key":"EssenceOfSteel"},{"floor":16.0,"key":"GamblersBrew"},{"floor":19.0,"key":"PowerPotion"},{"floor":19.0,"key":"Swift Potion"},{"floor":38,"key":"FairyPotion"},{"floor":45,"key":"SteroidPotion"}],"is_trial":false,"path_per_floor":["M","M","M","$","?","R","E","R","T","E","R","M","R","M","R","B",null,"M","?","M","M","$","E","R","M","T","$","R","$","R","M","R","B",null,"M","?","$","M","?","R","M","R","T","?","M","$","M","$","R","B",null],"character_chosen":"THE_SILENT","items_purchased":["Dash","Dash","Footwork","Orrery"],"campfire_rested":2,"item_purchase_floors":[4,22,22,37],"current_hp_per_floor":[63,63,63,63,68,68,60,60,60,56,56,56,56,56,56,5,58,58,58,58,58,58,45,45,40,40,40,40,40,40,33,55,47,68,52,52,52,52,52,52,52,52,52,52,52,52,52,52,71,54],"gold":33,"neow_bonus":"THREE_ENEMY_KILL","is_prod":false,"is_daily":false,"chose_seed":false,"campfire_upgraded":10,"win_rate":0,"timestamp":1568783929,"path_taken":["M","M","M","$","?","R","E","R","T","E","R","M","R","M","R","BOSS","M","?","M","?","$","E","R","M","T","?","R","$","R","M","R","BOSS","M","?","$","M","?","R","M","R","T","?","?","$","?","?","R","BOSS"],"build_version":"2019-09-17","purchased_purges":3,"victory":true,"max_hp_per_floor":[70,70,70,70,75,75,75,75,75,75,75,75,75,75,75,75,75,75,75,75,75,75,75,75,75,75,75,75,75,75,75,75,75,75,75,71,71,71,71,71,71,71,71,71,71,71,71,71,71,71],"card_choices":[{"not_picked":["Dodge and Roll","Endless Agony"],"picked":"Backstab","floor":1.0},{"not_picked":["Flechettes","Catalyst"],"picked":"Quick Slash","floor":2.0},{"not_picked":["Slice","Flechettes"],"picked":"Flying Knee","floor":3.0},{"not_picked":["Outmaneuver","Dagger Throw"],"picked":"Leg Sweep","floor":7.0},{"not_picked":["PiercingWail","Eviscerate","Flying Knee"],"picked":"SKIP","floor":10.0},{"not_picked":["Poisoned Stab","Sucker Punch","Acrobatics"],"picked":"SKIP","floor":12.0},{"not_picked":["Endless Agony","Blade Dance"],"picked":"Footwork","floor":14.0},{"not_picked":["Envenom","Grand Finale"],"picked":"Corpse Explosion","floor":16.0},{"not_picked":["Deadly Poison","PiercingWail"],"picked":"Poisoned Stab+1","floor":18.0},{"not_picked":["PiercingWail","Noxious Fumes"],"picked":"Footwork","floor":20.0},{"not_picked":["Noxious Fumes","Choke"],"picked":"Heel Hook+1","floor":21.0},{"not_picked":["Deadly Poison","Blade Dance","Phantasmal Killer"],"picked":"SKIP","floor":23},{"not_picked":["Backflip","PiercingWail"],"picked":"Masterful Stab+1","floor":25},{"not_picked":["Outmaneuver","Masterful Stab","Flying Knee"],"picked":"SKIP","floor":31},{"not_picked":["Phantasmal Killer","Unload"],"picked":"Adrenaline","floor":33},{"not_picked":["Blade Dance","Underhanded Strike","Calculated Gamble"],"picked":"SKIP","floor":35},{"not_picked":["Dagger Throw","Dagger Spray"],"picked":"Backflip","floor":37},{"not_picked":["Acrobatics","Dodge and Roll"],"picked":"Doppelganger","floor":37},{"not_picked":["Deflect","Outmaneuver"],"picked":"Backflip","floor":38},{"not_picked":["Underhanded Strike+1","PiercingWail","Reflex"],"picked":"SKIP","floor":41},{"not_picked":["Leg Sweep+1","Setup+1","Outmaneuver"],"picked":"SKIP","floor":45},{"not_picked":["Storm of Steel","Sucker Punch","Cloak And Dagger"],"picked":"SKIP","floor":47}],"player_experience":656541,"relics_obtained":[{"floor":7.0,"key":"Ancient Tea Set"},{"floor":9.0,"key":"Bag of Marbles"},{"floor":10.0,"key":"Oddly Smooth Stone"},{"floor":23,"key":"Toy Ornithopter"},{"floor":26,"key":"CeramicFish"}],"event_choices":[{"damage_healed":0.0,"max_hp_gain":5.0,"max_hp_loss":0.0,"gold_gain":0.0,"event_name":"Big Fish","player_choice":"Donut","floor":5.0,"gold_loss":0.0,"damage_taken":0.0},{"damage_healed":0.0,"max_hp_gain":0.0,"max_hp_loss":0.0,"gold_gain":0.0,"event_name":"Lab","player_choice":"Got Potions","floor":19.0,"gold_loss":0.0,"damage_taken":0.0},{"damage_healed":0,"gold_gain":0,"player_choice":"Max HP","damage_taken":0,"max_hp_gain":0,"max_hp_loss":4,"event_name":"Winding Halls","floor":36,"gold_loss":0},{"cards_removed":["Backflip"],"damage_healed":0,"gold_gain":0,"player_choice":"Removed Skill","damage_taken":0,"max_hp_gain":0,"max_hp_loss":0,"event_name":"Falling","floor":39,"gold_loss":0},{"damage_healed":0,"gold_gain":0,"player_choice":"Paid","damage_taken":0,"relics_obtained":["Red Mask"],"max_hp_gain":0,"max_hp_loss":0,"event_name":"Tomb of Lord Red Mask","floor":44,"gold_loss":86}],"is_beta":true,"boss_relics":[{"not_picked":["Runic Pyramid","Ring of the Serpent"],"picked":"Cursed Key"},{"not_picked":["SlaversCollar","Fusion Hammer"],"picked":"Astrolabe"}],"items_purged_floors":[4,22,27],"is_endless":false,"potions_floor_spawned":[2,3,12,16,20,25,31,38,45],"ascension_level":12}