{"gold_per_floor":[14,14,26,42,61,86,86,99,124,155,155,155],"floor_reached":12,"playtime":420,"items_purged":[],"score":162,"play_id":"882d1a96-fbd0-44f7-9a5b-5d07dcef9887","local_time":"20190907225258","is_ascension_mode":true,"campfire_choices":[{"data":"Armaments","floor":7,"key":"SMITH"},{"data":"Pommel Strike","floor":11,"key":"SMITH"}],"neow_cost":"NO_GOLD","seed_source_timestamp":267044986769800,"circlet_count":0,"master_deck":["AscendersBane","Strike_R","Strike_R","Strike_R","Strike_R","Strike_R","Defend_R","Defend_R","Defend_R","Defend_R","Bash+1","Headbutt","Spot Weakness","Twin Strike","Pommel Strike+1","Armaments+1","Feed","Shrug It Off"],"special_seed":0,"relics":["Burning Blood","Turnip","Blood Vial","qcfpunch:Army_Boots"],"potions_floor_usage":[10,10],"damage_taken":[{"damage":12,"enemies":"Jaw Worm","floor":1,"turns":3},{"damage":6,"enemies":"Cultist","floor":3,"turns":3},{"damage":11,"enemies":"2 Louse","floor":4,"turns":3},{"damage":17,"enemies":"2 Fungi Beasts","floor":5,"turns":5},{"damage":35,"enemies":"3 Sentries","floor":6,"turns":7},{"damage":12,"enemies":"Looter","floor":8,"turns":3},{"damage":16,"enemies":"Gremlin Nob","floor":10,"turns":3},{"damage":20,"enemies":"Large Slime","floor":12,"turns":3}],"seed_played":"6736198792740293390","potions_obtained":[{"floor":3,"key":"Ancient Potion"},{"floor":5,"key":"PowerPotion"},{"floor":8,"key":"Fire Potion"},{"floor":10,"key":"Swift Potion"}],"is_trial":false,"path_per_floor":["M","?","M","M","M","E","R","M","T","E","R","M"],"character_chosen":"IRONCLAD","items_purchased":[],"campfire_rested":0,"item_purchase_floors":[],"current_hp_per_floor":[76,76,76,71,60,31,31,25,25,17,17,0],"gold":155,"neow_bonus":"TWENTY_PERCENT_HP_BONUS","is_prod":false,"is_daily":false,"chose_seed":false,"campfire_upgraded":2,"win_rate":0,"timestamp":1567921978,"path_taken":["M","?","?","M","M","E","R","M","T","E","R","M"],"build_version":"2019-07-17","purchased_purges":0,"victory":false,"max_hp_per_floor":[89,89,89,89,89,89,89,89,89,89,89,89],"card_choices":[{"not_picked":["Pommel Strike","Flex"],"picked":"Headbutt","floor":1},{"not_picked":["Body Slam","Metallicize"],"picked":"Spot Weakness","floor":3},{"not_picked":["Rage","Searing Blow"],"picked":"Twin Strike","floor":4},{"not_picked":["Perfected Strike","Dropkick"],"picked":"Pommel Strike","floor":5},{"not_picked":["Armaments","Reckless Charge","Metallicize"],"picked":"SKIP","floor":6},{"not_picked":["Armaments","Reckless Charge","Metallicize"],"picked":"SKIP","floor":6},{"not_picked":["Reckless Charge","Metallicize"],"picked":"Armaments","floor":6},{"not_picked":["Headbutt","Ghostly Armor"],"picked":"Feed","floor":8},{"not_picked":["Perfected Strike","Clothesline"],"picked":"Shrug It Off","floor":10}],"player_experience":1379131,"relics_obtained":[{"floor":6,"key":"Turnip"},{"floor":9,"key":"Blood Vial"},{"floor":10,"key":"qcfpunch:Army_Boots"}],"event_choices":[{"damage_healed":0,"gold_gain":0,"player_choice":"Forge","damage_taken":0,"max_hp_gain":0,"max_hp_loss":0,"event_name":"Accursed Blacksmith","floor":2,"gold_loss":0,"cards_upgraded":["Bash"]}],"is_beta":false,"boss_relics":[],"items_purged_floors":[],"is_endless":false,"potions_floor_spawned":[3,5,8,10],"killed_by":"Large Slime","ascension_level":16}