{"gold_per_floor":[114,130,142,159,84,84,411,27,98,131,131,143,155,170,170,249,249,260,260,272,63,63,98,98,113,192,206,81,112,122,122],"floor_reached":31,"playtime":1658,"items_purged":["Strike_G","Strike_G","Strike_G"],"score":549,"play_id":"c03aec9b-b565-4549-8c3c-a159a382a4ee","local_time":"20181015144358","is_ascension_mode":true,"campfire_choices":[{"data":"Glass Knife","floor":6.0,"key":"SMITH"},{"data":"Footwork","floor":11.0,"key":"SMITH"},{"floor":15.0,"key":"REST"},{"floor":24.0,"key":"REST"}],"neow_cost":"NONE","seed_source_timestamp":225255491966501,"circlet_count":0,"master_deck":["Defend_G","Defend_G","Defend_G","Defend_G","Defend_G","Strike_G","Strike_G+1","Survivor","Neutralize","AscendersBane","Glass Knife+1","Noxious Fumes","Calculated Gamble","Dagger Spray","Poisoned Stab+1","Die Die Die","Footwork+1","Acrobatics+1","Accuracy","Leg Sweep+1","Underhanded Strike","Glass Knife","Malaise+1","Dodge and Roll+1","Blur+1","Impatience+1","Prepared+1","Glass Knife","PiercingWail+1","Backflip+1","Predator","Accuracy+1"],"special_seed":0,"relics":["Ring of the Snake","Old Coin","Toxic Egg 2","Matryoshka","Whetstone","Fusion Hammer","Happy Flower","Anchor","Frozen Egg 2","Omamori"],"potions_floor_usage":[31],"damage_taken":[{"damage":0.0,"enemies":"Jaw Worm","floor":1.0,"turns":4.0},{"damage":4.0,"enemies":"2 Louse","floor":2.0,"turns":2.0},{"damage":1.0,"enemies":"Cultist","floor":3.0,"turns":3.0},{"damage":5.0,"enemies":"Red Slaver","floor":4.0,"turns":4.0},{"damage":23.0,"enemies":"Lagavulin","floor":7.0,"turns":6.0},{"damage":10.0,"enemies":"3 Sentries","floor":10.0,"turns":4.0},{"damage":0.0,"enemies":"Lots of Slimes","floor":12.0,"turns":1.0},{"damage":8.0,"enemies":"3 Louse","floor":13.0,"turns":3.0},{"damage":4.0,"enemies":"Exordium Thugs","floor":14.0,"turns":4.0},{"damage":14.0,"enemies":"Slime Boss","floor":16.0,"turns":8.0},{"damage":16.0,"enemies":"Shell Parasite","floor":18.0,"turns":7.0},{"damage":0.0,"enemies":"3 Byrds","floor":20.0,"turns":5.0},{"damage":19.0,"enemies":"Book of Stabbing","floor":23.0,"turns":8.0},{"damage":0.0,"enemies":"Shelled Parasite and Fungi","floor":25.0,"turns":9.0},{"damage":1.0,"enemies":"3 Cultists","floor":27.0,"turns":4.0},{"damage":5.0,"enemies":"Slavers","floor":29.0,"turns":5.0},{"damage":2.0,"enemies":"Centurion and Healer","floor":30.0,"turns":6.0},{"damage":49,"enemies":"Gremlin Leader","floor":31,"turns":6}],"seed_played":"4377829631617323333","potions_obtained":[{"floor":1.0,"key":"SneckoOil"},{"floor":2.0,"key":"Strength Potion"},{"floor":10.0,"key":"Fruit Juice"},{"floor":13.0,"key":"Strength Potion"},{"floor":16.0,"key":"GamblersBrew"},{"floor":20.0,"key":"SkillPotion"},{"floor":23.0,"key":"GamblersBrew"},{"floor":30.0,"key":"FearPotion"}],"is_trial":false,"path_per_floor":["M","M","M","M","$","R","E","$","T","E","R","M","M","M","R","B",null,"M","?","M","$","?","E","R","M","T","M","$","E","M"],"character_chosen":"THE_SILENT","items_purchased":["Footwork","Toxic Egg 2","Acrobatics+1","Impatience+1"],"campfire_rested":2,"item_purchase_floors":[8,8,8,21],"current_hp_per_floor":[59,55,54,49,49,49,26,26,26,21,21,21,13,9,30,16,57,41,55,55,55,55,36,57,57,57,56,56,51,49,0],"gold":122,"neow_bonus":"ONE_RANDOM_RARE_CARD","is_prod":false,"is_daily":false,"chose_seed":false,"campfire_upgraded":2,"win_rate":0,"timestamp":1539639838,"path_taken":["M","M","M","M","$","R","E","$","T","E","R","M","M","M","R","BOSS","M","?","?","$","?","E","R","M","T","M","?","E","M","E"],"build_version":"2018-10-11","purchased_purges":3,"victory":false,"max_hp_per_floor":[66,66,66,66,66,66,66,66,66,71,71,71,71,71,71,71,71,71,71,71,71,71,71,71,71,71,71,71,71,71,71],"card_choices":[{"not_picked":["Dagger Throw","Deadly Poison"],"picked":"Noxious Fumes","floor":1.0},{"not_picked":["Bouncing Flask","Slice"],"picked":"Calculated Gamble","floor":2.0},{"not_picked":["PiercingWail","Deflect"],"picked":"Dagger Spray","floor":3.0},{"not_picked":["Bouncing Flask","Slice"],"picked":"Poisoned Stab","floor":4.0},{"not_picked":["PiercingWail","Masterful Stab"],"picked":"Die Die Die","floor":7.0},{"not_picked":["Footwork","Sucker Punch"],"picked":"Accuracy","floor":10.0},{"not_picked":["PiercingWail+1","Outmaneuver+1"],"picked":"Leg Sweep+1","floor":12.0},{"not_picked":["Bane","Slice"],"picked":"Underhanded Strike","floor":13.0},{"not_picked":["Bane","Eviscerate"],"picked":"Glass Knife","floor":14.0},{"not_picked":["Burst+1","Glass Knife"],"picked":"Malaise+1","floor":16.0},{"not_picked":["Prepared+1","Flying Knee"],"picked":"Dodge and Roll+1","floor":18.0},{"not_picked":["Quick Slash","Flechettes"],"picked":"Blur+1","floor":20.0},{"not_picked":["Dagger Throw","Outmaneuver+1"],"picked":"Glass Knife","floor":23.0},{"not_picked":["Sucker Punch","Distraction+1"],"picked":"PiercingWail+1","floor":25.0},{"not_picked":["Slice","Outmaneuver+1"],"picked":"Backflip+1","floor":27.0},{"not_picked":["Underhanded Strike","Quick Slash"],"picked":"Predator","floor":29.0},{"not_picked":["Unload","Slice"],"picked":"Accuracy+1","floor":30.0}],"player_experience":541231,"relics_obtained":[{"floor":7.0,"key":"Old Coin"},{"floor":9.0,"key":"Matryoshka"},{"floor":10.0,"key":"Whetstone"},{"floor":23.0,"key":"Happy Flower"},{"floor":26.0,"key":"Anchor"},{"floor":26.0,"key":"Frozen Egg 2"},{"floor":29.0,"key":"Omamori"}],"event_choices":[{"event_name":"The Library","player_choice":"Heal","floor":19.0,"damage_taken":0.0},{"event_name":"Match and Keep!","player_choice":"1 cards matched","floor":22.0,"damage_taken":0.0}],"is_beta":true,"boss_relics":[{"not_picked":["Cursed Key","Black Star"],"picked":"Fusion Hammer"}],"items_purged_floors":[5,21,28],"is_endless":false,"potions_floor_spawned":[1,2,10,13,16,20,23,30],"killed_by":"Gremlin Leader","ascension_level":18}