{"gold_per_floor":[214,226,240,255,255,255,287,287,343,363,386,415,434,434],"floor_reached":14,"playtime":961,"items_purged":[],"score":204,"play_id":"7ba4e2c0-4dfc-49a7-a36f-bb5d95c4820c","local_time":"20190927203531","is_ascension_mode":true,"campfire_choices":[{"floor":6.0,"key":"REST"},{"floor":8.0,"key":"REST"}],"neow_cost":"NONE","seed_source_timestamp":1636635433779357,"circlet_count":0,"master_deck":["AscendersBane","Strike_B","Strike_B","Strike_B","Strike_B","Defend_B+1","Defend_B","Defend_B","Defend_B","Zap","Dualcast+1","Recycle","Defragment+1","Conserve Battery","Defragment","Cold Snap","Doom and Gloom"],"special_seed":0,"relics":["Cracked Core","Regal Pillow","Tiny Chest","Bronze Scales","War Paint"],"potions_floor_usage":[14],"damage_taken":[{"damage":10.0,"enemies":"Small Slimes","floor":1.0,"turns":3.0},{"damage":7.0,"enemies":"Jaw Worm","floor":2.0,"turns":3.0},{"damage":7.0,"enemies":"Cultist","floor":3.0,"turns":4.0},{"damage":23.0,"enemies":"Exordium Thugs","floor":4.0,"turns":8.0},{"damage":23.0,"enemies":"Lagavulin","floor":7.0,"turns":7.0},{"damage":9.0,"enemies":"3 Louse","floor":10.0,"turns":5.0},{"damage":24.0,"enemies":"Gremlin Nob","floor":12.0,"turns":4.0},{"damage":1.0,"enemies":"Large Slime","floor":13.0,"turns":6.0},{"damage":19,"enemies":"Gremlin Gang","floor":14,"turns":2}],"seed_played":"9220998449796868368","potions_obtained":[{"floor":7.0,"key":"Dexterity Potion"},{"floor":13.0,"key":"Swift Potion"}],"is_trial":false,"path_per_floor":["M","M","M","M","?","R","E","R","T","M","T","E","M","M"],"character_chosen":"DEFECT","items_purchased":[],"campfire_rested":2,"item_purchase_floors":[],"current_hp_per_floor":[54,47,40,17,17,38,15,51,51,42,42,18,17,0],"gold":434,"neow_bonus":"HUNDRED_GOLD","is_prod":false,"is_daily":false,"chose_seed":false,"campfire_upgraded":0,"win_rate":0,"timestamp":1569630931,"path_taken":["M","M","M","M","?","R","E","R","T","M","?","E","?","M"],"build_version":"2019-07-17","purchased_purges":0,"victory":false,"max_hp_per_floor":[71,71,71,71,71,71,71,71,71,71,71,71,71,71],"card_choices":[{"not_picked":["Turbo","Compile Driver","Hologram"],"picked":"SKIP","floor":1.0},{"not_picked":["Tempest","Turbo"],"picked":"Recycle","floor":2.0},{"not_picked":["Force Field","Beam Cell"],"picked":"Defragment","floor":3.0},{"not_picked":["Gash","Barrage"],"picked":"Conserve Battery","floor":4.0},{"not_picked":["Loop","Recycle"],"picked":"Defragment","floor":7.0},{"not_picked":["Doom and Gloom","Meteor Strike"],"picked":"Cold Snap","floor":10.0},{"not_picked":["Beam Cell","Gash","Redo"],"picked":"SKIP","floor":12.0},{"not_picked":["Gash","Fusion"],"picked":"Doom and Gloom","floor":13.0}],"player_experience":492015,"relics_obtained":[{"floor":7.0,"key":"Regal Pillow"},{"floor":9.0,"key":"Tiny Chest"},{"floor":11.0,"key":"Bronze Scales"},{"floor":12.0,"key":"War Paint"}],"event_choices":[{"damage_healed":0.0,"max_hp_gain":0.0,"max_hp_loss":0.0,"gold_gain":0.0,"event_name":"Living Wall","player_choice":"Grow","floor":5.0,"gold_loss":0.0,"damage_taken":0.0,"cards_upgraded":["Defragment"]}],"is_beta":false,"boss_relics":[],"items_purged_floors":[],"is_endless":false,"potions_floor_spawned":[7,13],"killed_by":"Gremlin Gang","ascension_level":20}