{"gold_per_floor":[118,118,129,129,54,80,80,80,106,135,155,155,171,185,185,284,284,296,196,376,387,188,188],"floor_reached":23,"playtime":626,"items_purged":["Strike_G","Strike_G","Strike_G"],"score":318,"play_id":"890a8b5e-77f4-45fc-8686-867205c46e50","local_time":"20190404203528","is_ascension_mode":true,"campfire_choices":[{"floor":7,"key":"REST"},{"floor":12,"key":"REST"},{"data":"1","floor":15,"key":"LIFT"}],"neow_cost":"PERCENT_DAMAGE","seed_source_timestamp":784286138203301,"circlet_count":0,"master_deck":["AscendersBane","Defend_G","Defend_G+1","Defend_G","Defend_G","Defend_G","Strike_G","Strike_G","Survivor+1","Neutralize","Flying Knee+1","Cloak And Dagger+1","Night Terror","Footwork","Accuracy","Accuracy","Deflect","After Image","Deadly Poison","Footwork","Well Laid Plans"],"relics":["Ring of the Snake","Du-Vu Doll","Vajra","Girya","Blood Vial","War Paint","Coffee Dripper"],"potions_floor_usage":[10,16],"damage_taken":[{"damage":0,"enemies":"Cultist","floor":1,"turns":5},{"damage":0,"enemies":"2 Louse","floor":3,"turns":2},{"damage":19,"enemies":"3 Sentries","floor":6,"turns":8},{"damage":22,"enemies":"Gremlin Nob","floor":10,"turns":4},{"damage":0,"enemies":"Jaw Worm","floor":11,"turns":3},{"damage":0,"enemies":"Red Slaver","floor":13,"turns":4},{"damage":3,"enemies":"Exordium Thugs","floor":14,"turns":5},{"damage":15,"enemies":"Slime Boss","floor":16,"turns":11},{"damage":10,"enemies":"Spheric Guardian","floor":18,"turns":6},{"damage":9,"enemies":"Chosen","floor":21,"turns":4},{"damage":21,"enemies":"Book of Stabbing","floor":23,"turns":7}],"seed_played":"-5250550481945159265","potions_obtained":[{"floor":6,"key":"Explosive Potion"},{"floor":10,"key":"PowerPotion"},{"floor":13,"key":"SpeedPotion"},{"floor":16,"key":"Ancient Potion"}],"is_trial":false,"path_per_floor":["M","?","M","?","$","E","R","$","T","E","M","R","M","M","R","B",null,"M","$","?","M","$","E"],"character_chosen":"THE_SILENT","items_purchased":["Well Laid Plans"],"campfire_rested":2,"item_purchase_floors":[22],"current_hp_per_floor":[45,42,42,28,28,9,30,30,30,10,12,33,35,34,34,21,58,50,50,29,22,22,3],"gold":188,"neow_bonus":"ONE_RARE_RELIC","is_prod":false,"is_daily":false,"chose_seed":false,"campfire_upgraded":0,"win_rate":0,"timestamp":1554431728,"path_taken":["M","?","M","?","$","E","R","?","T","E","M","R","M","M","R","BOSS","M","$","?","M","?","E"],"build_version":"2019-01-23","purchased_purges":3,"victory":false,"max_hp_per_floor":[70,70,70,70,70,70,70,70,70,70,70,70,70,70,70,70,70,70,70,70,70,70,70],"card_choices":[{"not_picked":["Slice","Heel Hook"],"picked":"Flying Knee","floor":1},{"not_picked":["Escape Plan","Underhanded Strike"],"picked":"Cloak And Dagger","floor":3},{"not_picked":["Reflex","All Out Attack"],"picked":"Night Terror","floor":6},{"not_picked":["Outmaneuver","Eviscerate"],"picked":"Footwork","floor":10},{"not_picked":["Quick Slash","Dagger Throw"],"picked":"Accuracy","floor":11},{"not_picked":["Prepared","Reflex"],"picked":"Accuracy","floor":13},{"not_picked":["Acrobatics","Predator"],"picked":"Deflect","floor":14},{"not_picked":["Glass Knife","Wraith Form v2"],"picked":"After Image","floor":16},{"not_picked":["Sucker Punch","Reflex+1"],"picked":"Deadly Poison","floor":18},{"not_picked":["Finisher+1","Outmaneuver"],"picked":"Footwork","floor":21}],"player_experience":494214,"relics_obtained":[{"floor":6,"key":"Girya"},{"floor":9,"key":"Blood Vial"},{"floor":10,"key":"War Paint"}],"event_choices":[{"damage_healed":0,"gold_gain":0,"player_choice":"Success","damage_taken":3,"relics_obtained":["Vajra"],"max_hp_gain":0,"max_hp_loss":0,"event_name":"Scrap Ooze","floor":2,"gold_loss":0},{"damage_healed":0,"gold_gain":0,"player_choice":"Entered Light","damage_taken":14,"max_hp_gain":0,"max_hp_loss":0,"event_name":"Shining Light","floor":4,"gold_loss":0,"cards_upgraded":["Cloak And Dagger","Flying Knee"]},{"damage_healed":0,"gold_gain":180,"player_choice":"GOLD GOLD ","damage_taken":21,"max_hp_gain":0,"max_hp_loss":0,"event_name":"Knowing Skull","floor":20,"potions_obtained":[],"gold_loss":0,"cards_obtained":[]}],"is_beta":false,"boss_relics":[{"not_picked":["White Beast Statue","Eternal Feather"],"picked":"Coffee Dripper"}],"items_purged_floors":[5,19,22],"is_endless":false,"potions_floor_spawned":[6,10,13,16],"killed_by":"Book of Stabbing","ascension_level":12}