{"gold_per_floor":[109,109,121,140,140,173,183,201,251,262,296,194,206,217,217,312,312,328,328,343,356,367,367],"floor_reached":23,"playtime":890,"items_purged":["Berserk"],"score":209,"play_id":"9bb7dce2-a2fb-4f20-820b-22172ba9c36a","local_time":"20181216115138","is_ascension_mode":false,"campfire_choices":[{"data":"Armaments","floor":15,"key":"SMITH"}],"neow_cost":"NONE","seed_source_timestamp":42700181254800,"circlet_count":0,"master_deck":["Strike_R","Strike_R","Strike_R","Defend_R","Defend_R","Defend_R","Defend_R","Bash","Cleave","Pommel Strike","Carnage","Rupture","Twin Strike","Combust","Armaments+1","Twin Strike+1","Clothesline+1","Brutality","Thunderclap+1","Madness+1","Headbutt+1","Shrug It Off+1"],"relics":["Burning Blood","Omamori","Bag of Marbles","Bronze Scales","Molten Egg 2","Sozu"],"potions_floor_usage":[],"damage_taken":[{"damage":2,"enemies":"Small Slimes","floor":1,"turns":4},{"damage":7,"enemies":"2 Louse","floor":3,"turns":2},{"damage":1,"enemies":"Cultist","floor":4,"turns":3},{"damage":26,"enemies":"3 Sentries","floor":6,"turns":6},{"damage":10,"enemies":"Looter","floor":7,"turns":2},{"damage":2,"enemies":"Blue Slaver","floor":8,"turns":3},{"damage":0,"enemies":"Large Slime","floor":10,"turns":2},{"damage":16,"enemies":"Gremlin Nob","floor":11,"turns":3},{"damage":0,"enemies":"2 Fungi Beasts","floor":13,"turns":2},{"damage":9,"enemies":"Red Slaver","floor":14,"turns":2},{"damage":8,"enemies":"Slime Boss","floor":16,"turns":6},{"damage":12,"enemies":"3 Byrds","floor":18,"turns":4},{"damage":5,"enemies":"Spheric Guardian","floor":20,"turns":3},{"damage":27,"enemies":"Shelled Parasite and Fungi","floor":21,"turns":3},{"damage":30,"enemies":"3 Cultists","floor":22,"turns":5},{"damage":28,"enemies":"Gremlin Leader","floor":23,"turns":4}],"seed_played":"-5171514081234240310","potions_obtained":[{"floor":6,"key":"Ancient Potion"},{"floor":7,"key":"Poison Potion"},{"floor":8,"key":"Swift Potion"},{"floor":13,"key":"SteroidPotion"}],"is_trial":false,"path_per_floor":["M","?","M","M","?","E","M","M","T","M","E","$","M","M","R","B",null,"M","?","M","M","M","E"],"character_chosen":"IRONCLAD","items_purchased":["Twin Strike+1"],"campfire_rested":0,"item_purchase_floors":[12],"current_hp_per_floor":[80,73,72,77,77,57,53,57,57,63,53,53,59,56,56,54,80,74,74,75,54,30,2],"gold":367,"neow_bonus":"RANDOM_COMMON_RELIC","is_prod":false,"is_daily":false,"chose_seed":false,"campfire_upgraded":1,"win_rate":0,"timestamp":1544989898,"path_taken":["M","?","M","M","?","E","M","M","T","M","E","$","M","M","R","BOSS","M","?","M","M","?","E"],"build_version":"2018-12-13","purchased_purges":1,"victory":false,"max_hp_per_floor":[80,80,80,80,80,80,80,80,80,80,80,80,80,80,80,80,80,80,80,80,80,80,80],"card_choices":[{"not_picked":["Twin Strike","Iron Wave"],"picked":"Cleave","floor":1},{"not_picked":["Headbutt","Disarm"],"picked":"Pommel Strike","floor":3},{"not_picked":["Rupture","Dropkick"],"picked":"Carnage","floor":4},{"not_picked":["Clash","Havoc","Body Slam"],"picked":"SKIP","floor":6},{"not_picked":["Wild Strike","Feel No Pain"],"picked":"Rupture","floor":7},{"not_picked":["Second Wind","Clash"],"picked":"Twin Strike","floor":8},{"not_picked":["Flex","Havoc"],"picked":"Combust","floor":10},{"not_picked":["Metallicize","Spot Weakness"],"picked":"Armaments","floor":11},{"not_picked":["Dual Wield","Flex"],"picked":"Rupture","floor":13},{"not_picked":["Flex","Immolate+1"],"picked":"Clothesline+1","floor":14},{"not_picked":["Immolate+1","Limit Break"],"picked":"Brutality","floor":16},{"not_picked":["Havoc","Clothesline+1"],"picked":"Thunderclap+1","floor":18},{"not_picked":["Clash+1","Entrench","Thunderclap+1"],"picked":"SKIP","floor":20},{"not_picked":["Body Slam+1","Twin Strike+1"],"picked":"Headbutt+1","floor":21},{"not_picked":["Pommel Strike+1","Clash+1"],"picked":"Shrug It Off+1","floor":22}],"player_experience":753383,"relics_obtained":[{"floor":6,"key":"Bag of Marbles"},{"floor":9,"key":"Bronze Scales"},{"floor":11,"key":"Molten Egg 2"}],"event_choices":[{"cards_removed":["Strike_R"],"damage_healed":0,"gold_gain":0,"player_choice":"Card Removal","damage_taken":7,"max_hp_gain":0,"max_hp_loss":0,"event_name":"Golden Wing","floor":2,"gold_loss":0},{"damage_healed":0,"gold_gain":0,"cards_transformed":["Strike_R"],"player_choice":"Change","damage_taken":0,"max_hp_gain":0,"max_hp_loss":0,"event_name":"Living Wall","floor":5,"gold_loss":0,"cards_obtained":["Berserk"]},{"cards_removed":["Rupture"],"damage_healed":0,"gold_gain":0,"player_choice":"Took Card","damage_taken":0,"max_hp_gain":0,"max_hp_loss":0,"event_name":"NoteForYourself","floor":19,"gold_loss":0,"cards_obtained":["Madness"]}],"is_beta":false,"boss_relics":[{"not_picked":["White Beast Statue","Fusion Hammer"],"picked":"Sozu"}],"items_purged_floors":[12],"is_endless":false,"potions_floor_spawned":[6,7,8,13,21,22],"killed_by":"Gremlin Leader","ascension_level":0}