{"gold_per_floor":[117,117,23,83,97,123,123,139,194,72,87,87,120,138,138,238,238,248,298,264,314,108,108,138,154,226,276,307,327,337,355,355,453,453,468,518,142,152,255,290,340,375,414,426,488,500,540,81,81,81],"floor_reached":51,"playtime":2314,"items_purged":["Decay"],"score":1186,"play_id":"e64968d8-26e9-45d3-a0df-2e606c85f67b","local_time":"20190312222403","is_ascension_mode":true,"campfire_choices":[{"data":"Cloak And Dagger","floor":7,"key":"SMITH"},{"floor":12,"key":"REST"},{"data":"After Image","floor":15,"key":"SMITH"},{"data":"Noxious Fumes","floor":23,"key":"SMITH"},{"data":"Footwork","floor":32,"key":"SMITH"},{"data":"Cloak And Dagger","floor":44,"key":"SMITH"},{"data":"After Image","floor":46,"key":"SMITH"},{"data":"Noxious Fumes","floor":49,"key":"SMITH"}],"neow_cost":"NONE","seed_source_timestamp":341863742802775,"circlet_count":0,"master_deck":["Defend_G","Defend_G","Defend_G","Defend_G","Survivor","Neutralize","Deadly Poison","Cloak And Dagger+1","Quick Slash","Blade Dance","Footwork+1","Noxious Fumes+1","After Image+1","Infinite Blades","After Image+1","PiercingWail","Bite","Bite","Bite","Bite","Bite","Well Laid Plans","Cloak And Dagger+1","Infinite Blades+1","Cloak And Dagger","Backflip+1","Footwork","Accuracy","Madness+1","Madness+1","Noxious Fumes+1","Backflip+1","Finisher","Panacea+1","Master of Strategy+1"],"relics":["Ring of the Snake","SsserpentHead","Oddly Smooth Stone","Matryoshka","Centennial Puzzle","Juzu Bracelet","Strawberry","WristBlade","Nunchaku","Pantograph","Toxic Egg 2","Boot","Philosopher\u0027s Stone","Tiny Chest","Pear","Tingsha","Anchor","MawBank","Happy Flower","Bag of Preparation","Lantern","Lee\u0027s Waffle"],"potions_floor_usage":[13,16,16,28,30,31,39,50,50,50],"damage_taken":[{"damage":0,"enemies":"2 Louse","floor":1,"turns":3},{"damage":0,"enemies":"Cultist","floor":4,"turns":4},{"damage":2,"enemies":"Small Slimes","floor":5,"turns":5},{"damage":34,"enemies":"Gremlin Nob","floor":6,"turns":5},{"damage":22,"enemies":"Gremlin Gang","floor":8,"turns":5},{"damage":3,"enemies":"2 Fungi Beasts","floor":11,"turns":4},{"damage":4,"enemies":"Lagavulin","floor":13,"turns":7},{"damage":8,"enemies":"Looter","floor":14,"turns":4},{"damage":18,"enemies":"The Guardian","floor":16,"turns":11},{"damage":9,"enemies":"Spheric Guardian","floor":18,"turns":6},{"damage":26,"enemies":"2 Thieves","floor":20,"turns":5},{"damage":21,"enemies":"Book of Stabbing","floor":24,"turns":8},{"damage":15,"enemies":"Snake Plant","floor":25,"turns":5},{"damage":0,"enemies":"Slavers","floor":28,"turns":7},{"damage":8,"enemies":"Centurion and Healer","floor":29,"turns":7},{"damage":6,"enemies":"Snecko","floor":30,"turns":6},{"damage":18,"enemies":"Sentry and Sphere","floor":31,"turns":7},{"damage":32,"enemies":"Collector","floor":33,"turns":12},{"damage":4,"enemies":"3 Shapes","floor":35,"turns":6},{"damage":5,"enemies":"Orb Walker","floor":38,"turns":4},{"damage":21,"enemies":"2 Orb Walkers","floor":39,"turns":6},{"damage":33,"enemies":"Reptomancer","floor":40,"turns":8},{"damage":19,"enemies":"Nemesis","floor":42,"turns":7},{"damage":6,"enemies":"Giant Head","floor":47,"turns":7},{"damage":73,"enemies":"Time Eater","floor":50,"turns":11}],"seed_played":"6664792579653944569","potions_obtained":[{"floor":1,"key":"EssenceOfSteel"},{"floor":6,"key":"Swift Potion"},{"floor":13,"key":"Energy Potion"},{"floor":16,"key":"PowerPotion"},{"floor":24,"key":"GhostInAJar"},{"floor":28,"key":"Ancient Potion"},{"floor":30,"key":"EssenceOfSteel"},{"floor":31,"key":"Poison Potion"},{"floor":39,"key":"AttackPotion"}],"is_trial":false,"path_per_floor":["M","?","$","M","M","E","R","M","T","$","M","R","E","M","R","B",null,"M","?","M","?","$","R","E","M","T","?","E","M","M","M","R","B",null,"M","?","$","M","?","E","?","E","T","R","?","R","E","$","R","B",null],"character_chosen":"THE_SILENT","items_purchased":["Oddly Smooth Stone","Footwork","PowerPotion","Well Laid Plans","Cloak And Dagger","Tiny Chest","Pear","Lantern","Master of Strategy+1","Lee\u0027s Waffle"],"campfire_rested":1,"item_purchase_floors":[3,10,10,22,22,37,37,48,48,48],"current_hp_per_floor":[70,70,70,70,68,34,34,12,12,12,9,32,35,27,27,9,65,56,56,42,42,42,42,27,18,18,18,30,36,34,34,34,50,56,58,51,61,62,53,34,34,25,25,25,25,25,37,75,75,16],"gold":81,"neow_bonus":"TEN_PERCENT_HP_BONUS","is_prod":false,"is_daily":false,"chose_seed":false,"campfire_upgraded":7,"win_rate":0,"timestamp":1552451043,"path_taken":["M","?","?","?","M","E","R","M","T","$","M","R","E","M","R","BOSS","M","?","M","?","$","R","E","M","T","?","E","M","M","M","R","BOSS","M","?","$","M","?","E","?","E","T","R","?","R","E","?","R","BOSS"],"build_version":"2019-01-23","purchased_purges":1,"victory":true,"max_hp_per_floor":[77,77,77,77,77,77,77,77,77,77,77,77,84,84,84,84,84,84,58,58,58,58,58,58,58,58,58,58,58,58,58,58,58,58,58,58,68,68,68,68,68,68,68,68,68,68,68,75,75,75],"card_choices":[{"not_picked":["Dash","Finisher"],"picked":"Deadly Poison","floor":1},{"not_picked":["Masterful Stab","Predator","Skewer"],"picked":"SKIP","floor":4},{"not_picked":["Bane","Catalyst"],"picked":"Cloak And Dagger","floor":5},{"not_picked":["Slice","Burst"],"picked":"Quick Slash","floor":6},{"not_picked":["Deflect","Bane"],"picked":"Blade Dance","floor":8},{"not_picked":["Dagger Throw","Blur"],"picked":"Noxious Fumes","floor":11},{"not_picked":["Dodge and Roll","Prepared"],"picked":"After Image","floor":13},{"not_picked":["Concentrate","Dodge and Roll"],"picked":"Infinite Blades","floor":14},{"not_picked":["Phantasmal Killer","Burst"],"picked":"After Image","floor":16},{"not_picked":["Deadly Poison","Distraction"],"picked":"PiercingWail","floor":18},{"not_picked":["Dagger Throw","Bane","Sucker Punch"],"picked":"SKIP","floor":20},{"not_picked":["Prepared","Finisher"],"picked":"Infinite Blades+1","floor":24},{"not_picked":["Sucker Punch+1","Dagger Throw+1"],"picked":"Cloak And Dagger","floor":25},{"not_picked":["Terror+1","Bane"],"picked":"Backflip+1","floor":28},{"not_picked":["Acrobatics+1","Dagger Throw"],"picked":"Footwork","floor":29},{"not_picked":["Well Laid Plans","Bane+1","Concentrate+1"],"picked":"SKIP","floor":30},{"not_picked":["Dagger Throw","Setup+1","Outmaneuver+1"],"picked":"SKIP","floor":31},{"not_picked":["After Image","Grand Finale"],"picked":"Night Terror+1","floor":33},{"not_picked":["Terror+1","PiercingWail+1"],"picked":"Accuracy","floor":35},{"not_picked":["Underhanded Strike","Acrobatics+1","Poisoned Stab"],"picked":"SKIP","floor":38},{"not_picked":["All Out Attack+1","Heel Hook+1"],"picked":"Noxious Fumes","floor":39},{"not_picked":["Well Laid Plans+1","Outmaneuver+1"],"picked":"Backflip+1","floor":40},{"not_picked":["Deflect+1","Outmaneuver+1"],"picked":"Finisher","floor":42},{"not_picked":["Secret Technique+1","Blind+1"],"picked":"Panacea+1","floor":45},{"not_picked":["Dagger Throw+1","Masterful Stab+1","Setup+1"],"picked":"SKIP","floor":47}],"player_experience":397877,"relics_obtained":[{"floor":6,"key":"Matryoshka"},{"floor":9,"key":"Centennial Puzzle"},{"floor":9,"key":"Juzu Bracelet"},{"floor":13,"key":"Strawberry"},{"floor":24,"key":"Nunchaku"},{"floor":26,"key":"Pantograph"},{"floor":26,"key":"Toxic Egg 2"},{"floor":28,"key":"Boot"},{"floor":39,"key":"Tingsha"},{"floor":40,"key":"Anchor"},{"floor":42,"key":"MawBank"},{"floor":43,"key":"Happy Flower"},{"floor":47,"key":"Bag of Preparation"}],"event_choices":[{"damage_healed":0,"gold_gain":0,"player_choice":"Trade","damage_taken":0,"relics_obtained":["SsserpentHead"],"max_hp_gain":0,"max_hp_loss":0,"event_name":"FaceTrader","floor":2,"gold_loss":0},{"damage_healed":0,"gold_gain":0,"player_choice":"Became a vampire","damage_taken":0,"max_hp_gain":0,"max_hp_loss":26,"event_name":"Vampires","floor":19,"gold_loss":0,"cards_obtained":["Bite","Bite","Bite","Bite","Bite"]},{"damage_healed":0,"gold_gain":0,"player_choice":"Smashed Altar","damage_taken":0,"max_hp_gain":0,"max_hp_loss":0,"event_name":"Forgotten Altar","floor":21,"gold_loss":0,"cards_obtained":["Decay"]},{"cards_removed":["Defend_G"],"damage_healed":0,"gold_gain":0,"player_choice":"Purged","damage_taken":0,"max_hp_gain":0,"max_hp_loss":0,"event_name":"Purifier","floor":27,"gold_loss":0},{"damage_healed":0,"gold_gain":0,"player_choice":"Embrace Madness","damage_taken":7,"max_hp_gain":0,"max_hp_loss":0,"event_name":"Winding Halls","floor":36,"gold_loss":0,"cards_obtained":["Madness","Madness"]},{"damage_healed":0,"gold_gain":0,"player_choice":"Fight","damage_taken":0,"max_hp_gain":0,"max_hp_loss":0,"event_name":"Mysterious Sphere","floor":39,"gold_loss":0},{"cards_removed":["Night Terror"],"damage_healed":0,"gold_gain":0,"player_choice":"Removed Skill","damage_taken":0,"max_hp_gain":0,"max_hp_loss":0,"event_name":"Falling","floor":41,"gold_loss":0},{"damage_healed":0,"gold_gain":0,"player_choice":"Memory 1","damage_taken":0,"max_hp_gain":0,"max_hp_loss":0,"event_name":"SensoryStone","floor":45,"gold_loss":0}],"is_beta":false,"boss_relics":[{"not_picked":["Eternal Feather","Orrery"],"picked":"WristBlade"},{"not_picked":["Empty Cage","White Beast Statue"],"picked":"Philosopher\u0027s Stone"}],"items_purged_floors":[22],"is_endless":false,"potions_floor_spawned":[1,6,13,16,24,28,29,30,31,33,38,39,42],"ascension_level":8}