{"gold_per_floor":[109,128,147,129,148,176,193,218,241,257,257,257,257,16,16,111,111,124,2,19,19],"floor_reached":21,"playtime":715,"items_purged":[],"score":340,"play_id":"572bd0cc-b687-46f8-b743-99d631e13c92","local_time":"20190914225654","is_ascension_mode":true,"campfire_choices":[{"floor":11,"key":"REST"},{"floor":12,"key":"REST"},{"data":"Vigilance","floor":13,"key":"SMITH"},{"data":"ReachHeaven","floor":15,"key":"SMITH"}],"neow_cost":"NONE","seed_source_timestamp":6089565899942,"circlet_count":0,"master_deck":["Strike_P+1","Strike_P","Strike_P","Strike_P","Defend_P","Defend_P","Defend_P+1","Defend_P","Eruption+1","Vigilance+1","Halt","EmptyMind+1","CarveReality","Ragnarok","ClearTheMind","InnerPeace","ReachHeaven+1","ReachHeaven","EmptyMind+1","Adaptation"],"special_seed":0,"relics":["PureWater","The Courier","WingedGreaves","Omamori","Whetstone","War Paint","Sozu","Regal Pillow"],"potions_floor_usage":[10,10],"damage_taken":[{"damage":5.0,"enemies":"2 Louse","floor":1.0,"turns":5.0},{"damage":0.0,"enemies":"Jaw Worm","floor":2.0,"turns":3.0},{"damage":0.0,"enemies":"Cultist","floor":3.0,"turns":2.0},{"damage":7.0,"enemies":"Exordium Thugs","floor":4.0,"turns":4.0},{"damage":3.0,"enemies":"Blue Slaver","floor":5.0,"turns":5.0},{"damage":20.0,"enemies":"Lagavulin","floor":6.0,"turns":4.0},{"damage":6.0,"enemies":"Lots of Slimes","floor":7.0,"turns":6.0},{"damage":8.0,"enemies":"Gremlin Nob","floor":8.0,"turns":3.0},{"damage":9,"enemies":"Red Slaver","floor":10,"turns":4},{"damage":0,"enemies":"Slime Boss","floor":16,"turns":3},{"damage":26,"enemies":"2 Thieves","floor":18,"turns":4},{"damage":8,"enemies":"Spheric Guardian","floor":20,"turns":3},{"damage":26,"enemies":"Shelled Parasite and Fungi","floor":21,"turns":4}],"seed_played":"3605357557853897558","potions_obtained":[{"floor":0.0,"key":"EssenceOfSteel"},{"floor":0.0,"key":"EssenceOfSteel"},{"floor":0.0,"key":"EntropicBrew"},{"floor":7.0,"key":"EssenceOfSteel"},{"floor":8.0,"key":"Explosive Potion"},{"floor":10,"key":"SteroidPotion"}],"is_trial":false,"path_per_floor":["M","M","M","M","M","E","M","E","T","M","R","R","R","$","R","B",null,"M","$","M","M"],"character_chosen":"WATCHER","items_purchased":["Whetstone","War Paint","Regal Pillow"],"campfire_rested":2,"item_purchase_floors":[14,14,19],"current_hp_per_floor":[54,54,54,47,44,24,18,10,10,1,20,39,39,39,39,39,59,33,33,25,0],"gold":19,"neow_bonus":"THREE_SMALL_POTIONS","is_prod":false,"is_daily":false,"chose_seed":false,"campfire_upgraded":2,"win_rate":0,"timestamp":1568469414,"path_taken":["M","M","M","M","M","E","M","E","T","M","R","R","R","$","R","BOSS","M","$","M","M"],"build_version":"2019-09-12","purchased_purges":0,"victory":false,"max_hp_per_floor":[65,65,65,65,65,65,65,65,65,65,65,65,65,65,65,65,65,65,65,65,65],"card_choices":[{"not_picked":["Wireheading","Clarity"],"picked":"Halt","floor":1.0},{"not_picked":["ClearTheMind","EmptyFist"],"picked":"EmptyMind","floor":2.0},{"not_picked":["CutThroughFate","Vengeance"],"picked":"CarveReality","floor":3.0},{"not_picked":["CrushJoints","Prostrate"],"picked":"Ragnarok","floor":4.0},{"not_picked":["EmptyMind","ThirdEye","JustLucky"],"picked":"SKIP","floor":5.0},{"not_picked":["SpiritShield","ThirdEye"],"picked":"ClearTheMind","floor":6.0},{"not_picked":["Protect","Halt"],"picked":"InnerPeace","floor":7.0},{"not_picked":["Prostrate","Collect"],"picked":"ReachHeaven","floor":8.0},{"not_picked":["FollowUp","Clarity","Crescendo"],"picked":"SKIP","floor":10},{"not_picked":["Alpha","Judgement"],"picked":"ReachHeaven","floor":16},{"not_picked":["Halt+1","CutThroughFate"],"picked":"EmptyMind+1","floor":18},{"not_picked":["Adaptation","ForeignInfluence","PathToVictory"],"picked":"SKIP","floor":20},{"not_picked":["ForeignInfluence","PathToVictory"],"picked":"Adaptation","floor":20}],"player_experience":633274,"relics_obtained":[{"floor":6.0,"key":"The Courier"},{"floor":8.0,"key":"WingedGreaves"},{"floor":9.0,"key":"Omamori"}],"event_choices":[],"is_beta":true,"boss_relics":[{"not_picked":["Tiny House","Philosopher\u0027s Stone"],"picked":"Sozu"}],"items_purged_floors":[],"is_endless":false,"potions_floor_spawned":[5,6,7,8,10],"killed_by":"Shelled Parasite and Fungi","ascension_level":8}