{"gold_per_floor":[209,227,327,339,37,37,66,66,66,76,102,121,139,158,158,261,261,274,189,189,202,214,214,232,232,279,279,279,309,323,351,351,450,450,460,479,479,479,22,52,52,52,78,95,127,127,141,158,158,158],"floor_reached":51,"playtime":3780,"items_purged":[],"score":759,"play_id":"759f2b92-4883-4e84-b366-0e2e03b8f941","local_time":"20190616191440","is_ascension_mode":false,"campfire_choices":[{"data":"Immolate","floor":6.0,"key":"SMITH"},{"data":"Bash","floor":8.0,"key":"SMITH"},{"data":"Anger","floor":15.0,"key":"SMITH"},{"data":"Demon Form","floor":23.0,"key":"SMITH"},{"data":"True Grit","floor":25.0,"key":"SMITH"},{"data":"Shrug It Off","floor":28.0,"key":"SMITH"},{"data":"Battle Trance","floor":32.0,"key":"SMITH"},{"floor":41.0,"key":"REST"},{"floor":46.0,"key":"REST"},{"floor":49,"key":"REST"}],"neow_cost":"NONE","seed_source_timestamp":0,"circlet_count":0,"master_deck":["Defend_R","Defend_R","Defend_R","Defend_R","Bash+1","Anger+1","Immolate+1","Battle Trance+1","Demon Form+1","True Grit+1","Bite","Bite","Bite","Bite","Bite","Shrug It Off+1","Pommel Strike+1","Shrug It Off","Brutality","Twin Strike+1","Sword Boomerang+1","Madness","Madness","Dark Shackles","Apotheosis","Rupture","Impervious","Uppercut"],"special_seed":0,"relics":["Black Blood","The Courier","Strawberry","Pear","Omamori","Red Skull","Charon\u0027s Ashes","Self Forming Clay","Fusion Hammer","Vajra","Lantern","Ice Cream","Art of War","Smiling Mask"],"potions_floor_usage":[50,50],"damage_taken":[{"damage":4.0,"enemies":"2 Louse","floor":1.0,"turns":3.0},{"damage":6.0,"enemies":"Cultist","floor":2.0,"turns":3.0},{"damage":5.0,"enemies":"Small Slimes","floor":4.0,"turns":3.0},{"damage":18.0,"enemies":"Lagavulin","floor":7.0,"turns":6.0},{"damage":15.0,"enemies":"Looter","floor":10.0,"turns":3.0},{"damage":6.0,"enemies":"Gremlin Nob","floor":11.0,"turns":3.0},{"damage":9.0,"enemies":"Blue Slaver","floor":12.0,"turns":3.0},{"damage":0.0,"enemies":"2 Fungi Beasts","floor":13.0,"turns":1.0},{"damage":11.0,"enemies":"Large Slime","floor":14.0,"turns":3.0},{"damage":74.0,"enemies":"The Guardian","floor":16.0,"turns":9.0},{"damage":5.0,"enemies":"Spheric Guardian","floor":18.0,"turns":3.0},{"damage":22.0,"enemies":"Shell Parasite","floor":21.0,"turns":4.0},{"damage":32.0,"enemies":"Shelled Parasite and Fungi","floor":22.0,"turns":5.0},{"damage":42.0,"enemies":"Snake Plant","floor":24.0,"turns":5.0},{"damage":21.0,"enemies":"Slavers","floor":29.0,"turns":5.0},{"damage":20.0,"enemies":"Cultist and Chosen","floor":30.0,"turns":5.0},{"damage":37.0,"enemies":"Book of Stabbing","floor":31.0,"turns":5.0},{"damage":56.0,"enemies":"Collector","floor":33.0,"turns":7.0},{"damage":19.0,"enemies":"Orb Walker","floor":35.0,"turns":4.0},{"damage":26.0,"enemies":"3 Darklings","floor":36.0,"turns":4.0},{"damage":21.0,"enemies":"Nemesis","floor":40.0,"turns":7.0},{"damage":1.0,"enemies":"Spire Growth","floor":44.0,"turns":4.0},{"damage":59.0,"enemies":"Reptomancer","floor":45.0,"turns":7.0},{"damage":54,"enemies":"Writhing Mass","floor":47,"turns":8},{"damage":24,"enemies":"Maw","floor":48,"turns":6},{"damage":43,"enemies":"Time Eater","floor":50,"turns":9}],"seed_played":"-4560693255974447364","potions_obtained":[{"floor":2.0,"key":"Dexterity Potion"},{"floor":7.0,"key":"Strength Potion"},{"floor":11.0,"key":"SteroidPotion"},{"floor":16.0,"key":"AttackPotion"},{"floor":31.0,"key":"PowerPotion"},{"floor":36.0,"key":"Weak Potion"}],"is_trial":false,"path_per_floor":["M","M","?","M","$","R","E","R","T","M","E","M","M","M","R","B",null,"M","?","?","M","M","R","M","R","T","?","R","E","M","E","R","B",null,"M","M","?","?","$","E","R","T","T","M","E","R","M","M","R","B",null],"character_chosen":"IRONCLAD","items_purchased":["Immolate","Blood Vial","Vajra","Apotheosis","Rupture","Impervious"],"campfire_rested":3,"item_purchase_floors":[5,5,39,39,39,39],"current_hp_per_floor":[80,80,80,80,80,80,68,68,75,68,80,79,87,84,84,18,97,97,97,97,89,75,75,51,51,51,97,97,96,97,74,74,42,97,92,84,72,67,67,73,97,97,97,97,60,89,70,73,97,82],"gold":158,"neow_bonus":"HUNDRED_GOLD","is_prod":false,"is_daily":false,"chose_seed":false,"campfire_upgraded":7,"win_rate":0,"timestamp":1560737680,"path_taken":["M","M","?","?","$","R","E","R","T","M","E","M","M","M","R","BOSS","M","?","?","M","M","R","M","R","T","?","R","E","?","E","R","BOSS","M","M","?","?","$","E","R","?","T","M","E","R","M","M","R","BOSS"],"build_version":"2019-01-23","purchased_purges":0,"victory":true,"max_hp_per_floor":[80,80,80,80,80,80,80,80,87,87,97,97,97,97,97,97,97,97,97,97,97,97,97,97,97,97,97,97,97,97,97,97,97,97,97,97,97,97,97,97,97,97,97,97,97,97,97,97,97,97],"card_choices":[{"not_picked":["Iron Wave","Twin Strike"],"picked":"Anger","floor":1.0},{"not_picked":["Clothesline","Armaments"],"picked":"Pummel","floor":2.0},{"not_picked":["Blood for Blood","Sword Boomerang","Wild Strike"],"picked":"SKIP","floor":4.0},{"not_picked":["Clash","Wild Strike","Twin Strike"],"picked":"SKIP","floor":7.0},{"not_picked":["Barricade","Iron Wave","Pummel"],"picked":"SKIP","floor":10.0},{"not_picked":["Clothesline","Heavy Blade","Rage"],"picked":"SKIP","floor":11.0},{"not_picked":["Warcry","Second Wind","Heavy Blade"],"picked":"SKIP","floor":12.0},{"not_picked":["Hemokinesis","Pummel"],"picked":"Battle Trance","floor":13.0},{"not_picked":["Blood for Blood","Pommel Strike","Seeing Red"],"picked":"SKIP","floor":14.0},{"not_picked":["Impervious","Immolate"],"picked":"Demon Form","floor":16.0},{"not_picked":["Thunderclap+1","Pommel Strike"],"picked":"True Grit","floor":18.0},{"not_picked":["Armaments","Reckless Charge","Immolate"],"picked":"SKIP","floor":21.0},{"not_picked":["Carnage+1","Flex","Havoc"],"picked":"SKIP","floor":22.0},{"not_picked":["True Grit","Sever Soul+1"],"picked":"Shrug It Off","floor":24.0},{"not_picked":["Clash","Double Tap"],"picked":"Pommel Strike+1","floor":29.0},{"not_picked":["Wild Strike+1","Cleave+1","Heavy Blade"],"picked":"SKIP","floor":30.0},{"not_picked":["Clash+1","Sentinel+1"],"picked":"Shrug It Off","floor":31.0},{"not_picked":["Dark Embrace","Juggernaut"],"picked":"Brutality","floor":33.0},{"not_picked":["Carnage","Corruption+1"],"picked":"Twin Strike+1","floor":35.0},{"not_picked":["Dual Wield","Body Slam"],"picked":"Sword Boomerang+1","floor":36.0},{"not_picked":["Sadistic Nature","PanicButton"],"picked":"Dark Shackles","floor":38.0},{"not_picked":["Sword Boomerang","Infernal Blade+1","Rage+1"],"picked":"SKIP","floor":40.0},{"not_picked":["Anger","Iron Wave","Body Slam"],"picked":"SKIP","floor":44.0},{"not_picked":["Seeing Red","Immolate","Wild Strike+1"],"picked":"SKIP","floor":45.0},{"not_picked":["Fire Breathing","Spot Weakness"],"picked":"Uppercut","floor":47},{"not_picked":["Pommel Strike+1","Warcry+1","Heavy Blade"],"picked":"SKIP","floor":48}],"player_experience":1304380,"relics_obtained":[{"floor":7.0,"key":"The Courier"},{"floor":9.0,"key":"Strawberry"},{"floor":11.0,"key":"Pear"},{"floor":26.0,"key":"Red Skull"},{"floor":29.0,"key":"Charon\u0027s Ashes"},{"floor":31.0,"key":"Self Forming Clay"},{"floor":40.0,"key":"Lantern"},{"floor":42.0,"key":"Ice Cream"},{"floor":43.0,"key":"Art of War"},{"floor":45.0,"key":"Smiling Mask"}],"event_choices":[{"damage_healed":0.0,"max_hp_gain":0.0,"max_hp_loss":0.0,"gold_gain":100.0,"event_name":"Golden Shrine","player_choice":"Pray","floor":3.0,"gold_loss":0.0,"damage_taken":0.0},{"damage_healed":0.0,"max_hp_gain":0.0,"max_hp_loss":0.0,"gold_gain":0.0,"event_name":"Addict","player_choice":"Obtained Relic","floor":19.0,"gold_loss":85.0,"damage_taken":0.0,"relics_obtained":["Omamori"]},{"damage_healed":0.0,"max_hp_gain":0.0,"max_hp_loss":0.0,"gold_gain":0.0,"event_name":"Vampires","player_choice":"Became a vampire (Vial)","floor":20.0,"relics_lost":["Blood Vial"],"gold_loss":0.0,"damage_taken":0.0,"cards_obtained":["Bite","Bite","Bite","Bite","Bite"]},{"cards_removed":["Pummel"],"damage_healed":46.0,"max_hp_gain":0.0,"max_hp_loss":0.0,"gold_gain":0.0,"event_name":"Bonfire Elementals","player_choice":"Offered Uncommon","floor":27.0,"gold_loss":0.0,"damage_taken":0.0},{"damage_healed":0.0,"max_hp_gain":0.0,"max_hp_loss":0.0,"gold_gain":0.0,"event_name":"Winding Halls","player_choice":"Embrace Madness","floor":37.0,"gold_loss":0.0,"damage_taken":12.0,"cards_obtained":["Madness","Madness"]},{"damage_healed":0.0,"max_hp_gain":0.0,"max_hp_loss":0.0,"gold_gain":0.0,"event_name":"SensoryStone","player_choice":"Memory 2","floor":38.0,"gold_loss":0.0,"damage_taken":5.0}],"is_beta":false,"boss_relics":[{"not_picked":["Ectoplasm","Orrery"],"picked":"Black Blood"},{"not_picked":["White Beast Statue","Runic Cube"],"picked":"Fusion Hammer"}],"items_purged_floors":[],"is_endless":false,"potions_floor_spawned":[2,7,11,14,16,22,24,31,36,45,47,48],"ascension_level":0}