{"gold_per_floor":[109,35,53,53,69,69,88,98,98,110,132,144,156,202,214,226],"floor_reached":16,"playtime":754,"items_purged":[],"score":112,"play_id":"2b26ccf0-fc48-4c7d-82bc-9b5690715dfd","local_time":"20180728020334","is_ascension_mode":true,"campfire_choices":[{"data":"Corruption","floor":6,"key":"SMITH"},{"data":"Warcry","floor":10,"key":"SMITH"},{"floor":15,"key":"REST"}],"neow_cost":"NONE","seed_source_timestamp":3639570518706500,"circlet_count":0,"master_deck":["Strike_R","Strike_R","Strike_R","Defend_R","Defend_R","Defend_R","Defend_R","Bash","Warcry+1","Corruption+1","Anger","Cleave","Ghostly Armor","Warcry","Sentinel"],"relics":["Burning Blood","MawBank","Happy Flower"],"potions_floor_usage":[14],"damage_taken":[{"damage":1,"enemies":"Cultist","floor":1,"turns":3},{"damage":11,"enemies":"2 Louse","floor":3,"turns":4},{"damage":9,"enemies":"Small Slimes","floor":5,"turns":5},{"damage":3,"enemies":"Blue Slaver","floor":7,"turns":3},{"damage":10,"enemies":"Lots of Slimes","floor":8,"turns":3},{"damage":0,"enemies":"3 Louse","floor":11,"turns":2},{"damage":21,"enemies":"Lagavulin","floor":14,"turns":6},{"damage":93,"enemies":"Hexaghost","floor":16,"turns":9}],"seed_played":"-2360222349579697248","potions_obtained":[{"floor":3,"key":"SteroidPotion"},{"floor":7,"key":"Ancient Potion"}],"is_trial":false,"path_per_floor":["M","$","M","?","M","R","M","M","T","R","M","?","?","E","R"],"character_chosen":"IRONCLAD","items_purchased":["Corruption"],"campfire_rested":1,"item_purchase_floors":[2],"current_hp_per_floor":[88,88,83,76,73,73,76,72,72,72,78,78,83,68,93,0],"gold":226,"neow_bonus":"TEN_PERCENT_HP_BONUS","is_prod":false,"is_daily":false,"chose_seed":false,"campfire_upgraded":2,"win_rate":0,"timestamp":1532768614,"path_taken":["M","?","M","?","M","R","M","M","T","R","?","?","?","E","R","BOSS"],"build_version":"2018-07-26","purchased_purges":0,"victory":false,"max_hp_per_floor":[88,88,88,88,88,88,88,88,88,88,88,88,93,93,93,93],"card_choices":[{"not_picked":["Clash","Entrench"],"picked":"Warcry","floor":1},{"not_picked":["Wild Strike","Havoc"],"picked":"Anger","floor":3},{"not_picked":["Sever Soul","Warcry"],"picked":"Cleave","floor":5},{"not_picked":["Combust","Heavy Blade"],"picked":"Ghostly Armor","floor":7},{"not_picked":["Brutality","Blood for Blood","True Grit"],"picked":"SKIP","floor":8},{"not_picked":["True Grit","Body Slam","Clash"],"picked":"SKIP","floor":11},{"not_picked":["Combust","Rampage"],"picked":"Sentinel","floor":14}],"player_experience":175116,"relics_obtained":[{"floor":9,"key":"MawBank"},{"floor":14,"key":"Happy Flower"}],"event_choices":[{"event_name":"Golden Wing","player_choice":"Card Removal","floor":4,"damage_taken":0},{"event_name":"Living Wall","player_choice":"Change","floor":12,"damage_taken":0},{"event_name":"Big Fish","player_choice":"Donut","floor":13,"damage_taken":0}],"is_beta":false,"boss_relics":[],"items_purged_floors":[],"is_endless":false,"potions_floor_spawned":[3,7],"killed_by":"Hexaghost","ascension_level":2}