{"gold_per_floor":[112,112,112,132,147,174,174,208,208,233,253,253,253,273,273,378,378,389,71,71,85,135,135,170,180,180,180,180,5,5],"floor_reached":30,"playtime":1111,"items_purged":["Strike_G"],"score":426,"play_id":"b85c4042-1e53-46f4-ae81-7ab3ed64b8a5","local_time":"20190401213019","is_ascension_mode":true,"campfire_choices":[{"floor":7,"key":"REST"},{"floor":15,"key":"REST"},{"data":"Deadly Poison","floor":23,"key":"SMITH"},{"floor":28,"key":"REST"}],"neow_cost":"NONE","seed_source_timestamp":527881815715811,"circlet_count":0,"master_deck":["AscendersBane","Defend_G","Defend_G","Defend_G","Defend_G","Defend_G","Strike_G","Strike_G","Strike_G","Survivor","Neutralize+1","Dodge and Roll","Deadly Poison+1","Dagger Throw+1","Crippling Poison+1","Well Laid Plans","Caltrops","Adrenaline","Acrobatics","Cloak And Dagger","Die Die Die+1","Backflip","Necronomicurse","Leg Sweep","Dodge and Roll+1","Noxious Fumes+1","Predator"],"relics":["Ring of the Snake","Ninja Scroll","Juzu Bracelet","Blue Candle","Bottled Lightning","Calipers","WristBlade","Frozen Egg 2","Necronomicon","Toxic Egg 2","The Courier","NlothsMask","Whetstone"],"potions_floor_usage":[8,14,30],"damage_taken":[{"damage":4,"enemies":"Cultist","floor":1,"turns":6},{"damage":0,"enemies":"Jaw Worm","floor":4,"turns":4},{"damage":2,"enemies":"Small Slimes","floor":5,"turns":2},{"damage":36,"enemies":"Gremlin Nob","floor":6,"turns":5},{"damage":14,"enemies":"3 Sentries","floor":8,"turns":18},{"damage":34,"enemies":"Gremlin Nob","floor":10,"turns":5},{"damage":2,"enemies":"Red Slaver","floor":11,"turns":4},{"damage":0,"enemies":"Large Slime","floor":14,"turns":6},{"damage":19,"enemies":"Hexaghost","floor":16,"turns":12},{"damage":7,"enemies":"Shell Parasite","floor":18,"turns":5},{"damage":2,"enemies":"Chosen","floor":21,"turns":4},{"damage":26,"enemies":"Slavers","floor":24,"turns":5},{"damage":6,"enemies":"Centurion and Healer","floor":25,"turns":9},{"damage":26,"enemies":"Book of Stabbing","floor":30,"turns":6}],"seed_played":"1392125839861248157","potions_obtained":[{"floor":5,"key":"Dexterity Potion"},{"floor":10,"key":"Poison Potion"},{"floor":16,"key":"GamblersBrew"},{"floor":25,"key":"Weak Potion"}],"is_trial":false,"path_per_floor":["M","?","T","M","M","E","R","E","T","E","M","?","?","M","R","B",null,"M","$","?","M","?","R","E","M","T","?","R","$","E"],"character_chosen":"THE_SILENT","items_purchased":["Frozen Egg 2","Predator","Whetstone"],"campfire_rested":3,"item_purchase_floors":[19,29,29],"current_hp_per_floor":[66,66,66,66,64,28,51,37,37,3,1,1,1,1,24,5,59,52,52,36,34,34,34,8,2,2,2,25,25,0],"gold":5,"neow_bonus":"TEN_PERCENT_HP_BONUS","is_prod":false,"is_daily":false,"chose_seed":false,"campfire_upgraded":1,"win_rate":0,"timestamp":1554175819,"path_taken":["M","?","?","M","M","E","R","E","T","E","M","?","?","M","R","BOSS","M","$","?","M","?","R","E","M","T","?","R","?","E"],"build_version":"2019-01-23","purchased_purges":1,"victory":false,"max_hp_per_floor":[77,77,77,77,77,77,77,77,77,77,77,77,77,77,77,77,77,77,77,77,77,77,77,77,77,77,77,77,77,77],"card_choices":[{"not_picked":["Dagger Throw","Sucker Punch"],"picked":"Dodge and Roll","floor":1},{"not_picked":["Cloak And Dagger","Calculated Gamble"],"picked":"Deadly Poison","floor":4},{"not_picked":["Underhanded Strike","Quick Slash"],"picked":"Dagger Throw","floor":5},{"not_picked":["Finisher","Masterful Stab"],"picked":"Crippling Poison","floor":6},{"not_picked":["Backflip","Blade Dance"],"picked":"Well Laid Plans","floor":8},{"not_picked":["Acrobatics","Deflect"],"picked":"Caltrops","floor":10},{"not_picked":["Skewer","Well Laid Plans"],"picked":"Adrenaline","floor":11},{"not_picked":["Well Laid Plans","Bane"],"picked":"Cloak And Dagger","floor":14},{"not_picked":["Corpse Explosion","Doppelganger"],"picked":"Die Die Die","floor":16},{"not_picked":["Outmaneuver","Caltrops"],"picked":"Backflip","floor":18},{"not_picked":["Blur","PiercingWail"],"picked":"Leg Sweep","floor":21},{"not_picked":["Escape Plan","Acrobatics"],"picked":"Dodge and Roll","floor":24},{"not_picked":["Reflex+1","Dagger Spray"],"picked":"Noxious Fumes+1","floor":25}],"player_experience":491673,"relics_obtained":[{"floor":3,"key":"Ninja Scroll"},{"floor":6,"key":"Juzu Bracelet"},{"floor":8,"key":"Blue Candle"},{"floor":9,"key":"Bottled Lightning"},{"floor":10,"key":"Calipers"},{"floor":20,"key":"Necronomicon"},{"floor":24,"key":"Toxic Egg 2"},{"floor":26,"key":"The Courier"}],"event_choices":[{"damage_healed":0,"gold_gain":0,"player_choice":"Grow","damage_taken":0,"max_hp_gain":0,"max_hp_loss":0,"event_name":"Living Wall","floor":2,"gold_loss":0,"cards_upgraded":["Neutralize"]},{"damage_healed":0,"gold_gain":0,"player_choice":"Upgraded","damage_taken":0,"max_hp_gain":0,"max_hp_loss":0,"event_name":"Upgrade Shrine","floor":12,"gold_loss":0,"cards_upgraded":["Crippling Poison"]},{"damage_healed":0,"gold_gain":0,"cards_transformed":["Strike_G"],"player_choice":"Transformed","damage_taken":0,"max_hp_gain":0,"max_hp_loss":0,"event_name":"Transmorgrifier","floor":13,"gold_loss":0,"cards_obtained":["Acrobatics"]},{"damage_healed":0,"gold_gain":0,"player_choice":"Obtained Book","damage_taken":16,"max_hp_gain":0,"max_hp_loss":0,"event_name":"Cursed Tome","floor":20,"gold_loss":0},{"damage_healed":0,"gold_gain":100,"player_choice":"Bet on Murderer","damage_taken":0,"max_hp_gain":0,"max_hp_loss":0,"event_name":"The Joust","floor":22,"gold_loss":50},{"damage_healed":0,"gold_gain":0,"player_choice":"Trade","damage_taken":0,"relics_obtained":["NlothsMask"],"max_hp_gain":0,"max_hp_loss":0,"event_name":"FaceTrader","floor":27,"gold_loss":0}],"is_beta":false,"boss_relics":[{"not_picked":["HoveringKite","Velvet Choker"],"picked":"WristBlade"}],"items_purged_floors":[19],"is_endless":false,"potions_floor_spawned":[5,10,16,25],"killed_by":"Book of Stabbing","ascension_level":12}