{"gold_per_floor":[117,192,204,204,221,221,238,258,307,340,340,397,407,441,441,441],"floor_reached":16,"playtime":603,"items_purged":[],"score":232,"play_id":"d4827c5e-3181-45b0-b204-a902e32ce64b","local_time":"20190911203137","is_ascension_mode":true,"campfire_choices":[{"floor":6.0,"key":"REST"},{"floor":11.0,"key":"REST"},{"floor":15.0,"key":"REST"}],"neow_cost":"PERCENT_DAMAGE","seed_source_timestamp":603810712466700,"circlet_count":0,"master_deck":["AscendersBane","Strike_R","Strike_R","Strike_R","Defend_R","Defend_R+1","Defend_R","Defend_R+1","Bash","Shockwave","Battle Trance","Immolate","Inflame","Flame Barrier","Pommel Strike","Sword Boomerang","Whirlwind","Iron Wave"],"special_seed":0,"relics":["Burning Blood","War Paint","Blue Candle","Tiny Chest","Pen Nib"],"potions_floor_usage":[16],"damage_taken":[{"damage":18.0,"enemies":"Jaw Worm","floor":1.0,"turns":6.0},{"damage":12.0,"enemies":"Cultist","floor":3.0,"turns":4.0},{"damage":5.0,"enemies":"Small Slimes","floor":5.0,"turns":2.0},{"damage":8.0,"enemies":"Gremlin Gang","floor":7.0,"turns":2.0},{"damage":11.0,"enemies":"Looter","floor":8.0,"turns":3.0},{"damage":25.0,"enemies":"3 Sentries","floor":10.0,"turns":5.0},{"damage":8.0,"enemies":"Lagavulin","floor":12.0,"turns":5.0},{"damage":14.0,"enemies":"Blue Slaver","floor":13.0,"turns":3.0},{"damage":27.0,"enemies":"3 Sentries","floor":14.0,"turns":6.0},{"damage":37,"enemies":"Slime Boss","floor":16,"turns":6}],"seed_played":"987250314780960055","potions_obtained":[{"floor":1.0,"key":"Explosive Potion"},{"floor":3.0,"key":"EssenceOfSteel"},{"floor":10.0,"key":"Poison Potion"},{"floor":14.0,"key":"FearPotion"}],"is_trial":false,"path_per_floor":["M","?","M","?","M","R","M","M","T","E","R","E","M","E","R","B"],"character_chosen":"IRONCLAD","items_purchased":[],"campfire_rested":3,"item_purchase_floors":[],"current_hp_per_floor":[38,27,21,21,22,44,42,37,37,18,40,38,30,9,31,0],"gold":441,"neow_bonus":"REMOVE_TWO","is_prod":false,"is_daily":false,"chose_seed":false,"campfire_upgraded":0,"win_rate":0,"timestamp":1568259097,"path_taken":["M","?","M","?","?","R","M","M","T","E","R","E","M","E","R","BOSS"],"build_version":"2019-09-10","purchased_purges":0,"victory":false,"max_hp_per_floor":[75,75,75,75,75,75,75,75,75,75,75,75,75,75,75,75],"card_choices":[{"not_picked":["Clash","Havoc"],"picked":"Shockwave","floor":1.0},{"not_picked":["Clothesline","Body Slam"],"picked":"Battle Trance","floor":3.0},{"not_picked":["Pummel","Combust"],"picked":"Inflame","floor":5.0},{"not_picked":["Second Wind","Dropkick"],"picked":"Flame Barrier","floor":7.0},{"not_picked":["Perfected Strike","Flame Barrier"],"picked":"Pommel Strike","floor":8.0},{"not_picked":["Dark Embrace","Flex"],"picked":"Sword Boomerang","floor":10.0},{"not_picked":["Battle Trance","Flame Barrier","Armaments"],"picked":"SKIP","floor":12.0},{"not_picked":["Disarm","Heavy Blade"],"picked":"Whirlwind","floor":13.0},{"not_picked":["Dark Embrace","Twin Strike"],"picked":"Iron Wave","floor":14.0}],"player_experience":1416450,"relics_obtained":[{"floor":9.0,"key":"War Paint"},{"floor":10.0,"key":"Blue Candle"},{"floor":12.0,"key":"Tiny Chest"},{"floor":14.0,"key":"Pen Nib"}],"event_choices":[{"damage_healed":0.0,"max_hp_gain":0.0,"max_hp_loss":0.0,"gold_gain":75.0,"event_name":"World of Goop","player_choice":"Gather Gold","floor":2.0,"gold_loss":0.0,"damage_taken":11.0},{"damage_healed":0.0,"max_hp_gain":0.0,"max_hp_loss":0.0,"gold_gain":0.0,"event_name":"Match and Keep!","player_choice":"1 cards matched","floor":4.0,"gold_loss":0.0,"damage_taken":0.0,"cards_obtained":["Immolate"]}],"is_beta":true,"boss_relics":[],"items_purged_floors":[],"is_endless":false,"potions_floor_spawned":[1,3,8,10,14],"killed_by":"Slime Boss","ascension_level":18}