{"gold_per_floor":[13,30,30,50,67,100,119,152,226,226,151,181,181,200,200,277,277,288,306,142,158,177,177,188,88,88,88,88,88,119,131,131,206,206,217,233,288,78,98,129,129,229,304,304,315,345,0,28,40,52],"floor_reached":51,"playtime":2273,"items_purged":["Strike_G","Strike_G","Strike_G"],"score":1654,"play_id":"401c257a-852a-4cee-913f-a731cc978f0b","local_time":"20190927191944","is_ascension_mode":true,"campfire_choices":[{"data":"Predator","floor":10.0,"key":"SMITH"},{"data":"Glass Knife","floor":15.0,"key":"SMITH"},{"data":"Leg Sweep","floor":23.0,"key":"SMITH"},{"data":"Glass Knife","floor":27.0,"key":"SMITH"},{"data":"Corpse Explosion","floor":29.0,"key":"SMITH"},{"floor":32.0,"key":"REST"},{"data":"Footwork","floor":41.0,"key":"SMITH"},{"data":"Backflip","floor":44.0,"key":"SMITH"},{"data":"Cloak And Dagger","floor":49,"key":"SMITH"}],"neow_cost":"NO_GOLD","seed_source_timestamp":385053572158076,"circlet_count":0,"master_deck":["AscendersBane","Defend_G","Defend_G","Defend_G","Defend_G","Survivor","Neutralize+1","Quick Slash","Backflip","Leg Sweep+1","Predator+1","Terror","Heel Hook","Glass Knife+1","Cloak And Dagger+1","Corpse Explosion+1","Footwork+1","Glass Knife+1","Backflip+1","Night Terror","Eviscerate+1"],"special_seed":0,"relics":["Ring of the Snake","Calipers","Boot","Meat on the Bone","Odd Mushroom","Kunai","Snecko Eye","Smiling Mask","Pocketwatch","Philosopher\u0027s Stone","FossilizedHelix","Regal Pillow","PreservedInsect","Du-Vu Doll","Gremlin Horn","Blood Vial","Red Mask","MawBank"],"potions_floor_usage":[46,50,50],"damage_taken":[{"damage":3.0,"enemies":"2 Louse","floor":1.0,"turns":6.0},{"damage":1.0,"enemies":"Small Slimes","floor":2.0,"turns":3.0},{"damage":0.0,"enemies":"Jaw Worm","floor":4.0,"turns":6.0},{"damage":10.0,"enemies":"Blue Slaver","floor":5.0,"turns":5.0},{"damage":22.0,"enemies":"3 Sentries","floor":6.0,"turns":10.0},{"damage":0.0,"enemies":"2 Fungi Beasts","floor":7.0,"turns":4.0},{"damage":12.0,"enemies":"Lagavulin","floor":8.0,"turns":5.0},{"damage":6.0,"enemies":"The Mushroom Lair","floor":12.0,"turns":5.0},{"damage":3.0,"enemies":"Large Slime","floor":14.0,"turns":6.0},{"damage":15.0,"enemies":"Slime Boss","floor":16.0,"turns":9.0},{"damage":2.0,"enemies":"Spheric Guardian","floor":18.0,"turns":4.0},{"damage":0.0,"enemies":"Chosen","floor":19.0,"turns":4.0},{"damage":0.0,"enemies":"Centurion and Healer","floor":21.0,"turns":5.0},{"damage":0.0,"enemies":"Snecko","floor":22.0,"turns":4.0},{"damage":12.0,"enemies":"Cultist and Chosen","floor":24.0,"turns":5.0},{"damage":33.0,"enemies":"Book of Stabbing","floor":30.0,"turns":5.0},{"damage":6.0,"enemies":"Snake Plant","floor":31.0,"turns":4.0},{"damage":0.0,"enemies":"Automaton","floor":33.0,"turns":8.0},{"damage":2.0,"enemies":"Orb Walker","floor":35.0,"turns":3.0},{"damage":3.0,"enemies":"3 Darklings","floor":36.0,"turns":3.0},{"damage":0.0,"enemies":"2 Orb Walkers","floor":37.0,"turns":2.0},{"damage":0.0,"enemies":"Sphere and 2 Shapes","floor":39.0,"turns":3.0},{"damage":0.0,"enemies":"Reptomancer","floor":40.0,"turns":3.0},{"damage":0.0,"enemies":"Mind Bloom Boss Battle","floor":42.0,"turns":2.0},{"damage":0.0,"enemies":"Maw","floor":45.0,"turns":6.0},{"damage":0,"enemies":"Nemesis","floor":46,"turns":3},{"damage":0,"enemies":"Reptomancer","floor":48,"turns":5},{"damage":40,"enemies":"Donu and Deca","floor":50,"turns":7}],"seed_played":"2579123202571380834","potions_obtained":[{"floor":4.0,"key":"FearPotion"},{"floor":6.0,"key":"DuplicationPotion"},{"floor":12.0,"key":"Poison Potion"},{"floor":14.0,"key":"FearPotion"},{"floor":16.0,"key":"Dexterity Potion"},{"floor":18.0,"key":"SkillPotion"},{"floor":19.0,"key":"AttackPotion"},{"floor":37.0,"key":"GhostInAJar"},{"floor":39.0,"key":"SkillPotion"},{"floor":42.0,"key":"FearPotion"},{"floor":48,"key":"FearPotion"}],"is_trial":false,"path_per_floor":["M","M","?","M","M","E","M","E","T","R","?","?","T","M","R","B",null,"M","M","$","M","M","R","M","$","T","R","?","R","E","M","R","B",null,"M","M","?","$","M","E","R","?","T","R","M","E","?","E","R","B",null],"character_chosen":"THE_SILENT","items_purchased":["Footwork","Regal Pillow"],"campfire_rested":1,"item_purchase_floors":[20,38],"current_hp_per_floor":[56,55,55,55,45,23,23,11,11,11,11,17,17,26,26,23,55,53,53,53,53,53,53,41,41,41,41,41,41,20,26,45,45,61,59,56,56,56,56,56,56,56,56,56,56,56,56,58,58,32],"gold":64,"neow_bonus":"REMOVE_TWO","is_prod":false,"is_daily":false,"chose_seed":false,"campfire_upgraded":8,"win_rate":0,"timestamp":1569637184,"path_taken":["M","M","?","M","M","E","M","E","T","R","?","?","?","M","R","BOSS","M","M","$","M","M","R","M","$","T","R","?","R","E","M","R","BOSS","M","M","?","$","M","E","R","?","T","R","M","E","?","E","R","BOSS"],"build_version":"2019-09-27","purchased_purges":3,"victory":true,"max_hp_per_floor":[66,66,66,66,66,66,66,66,66,66,66,66,66,66,66,66,66,66,66,66,66,66,66,66,66,66,66,66,66,66,66,66,66,66,66,66,66,66,66,66,66,66,66,66,66,66,66,66,66,66],"card_choices":[{"not_picked":["Blur","Underhanded Strike"],"picked":"Quick Slash","floor":1.0},{"not_picked":["Bouncing Flask","Underhanded Strike"],"picked":"Backflip","floor":2.0},{"not_picked":["Escape Plan","Caltrops"],"picked":"Leg Sweep","floor":4.0},{"not_picked":["Sucker Punch","Acrobatics"],"picked":"Predator","floor":5.0},{"not_picked":["Expertise","Dagger Throw"],"picked":"Terror","floor":6.0},{"not_picked":["Riddle With Holes","Finisher"],"picked":"Heel Hook","floor":7.0},{"not_picked":["PiercingWail","Crippling Poison","Bouncing Flask"],"picked":"SKIP","floor":8.0},{"not_picked":["Bane","Quick Slash"],"picked":"Glass Knife","floor":12.0},{"not_picked":["Bane","Underhanded Strike"],"picked":"Cloak And Dagger","floor":14.0},{"not_picked":["Night Terror","Doppelganger"],"picked":"Corpse Explosion","floor":16.0},{"not_picked":["Slice","Dagger Throw","Poisoned Stab"],"picked":"SKIP","floor":18.0},{"not_picked":["Outmaneuver","Catalyst","Poisoned Stab"],"picked":"SKIP","floor":19.0},{"not_picked":["Outmaneuver","Catalyst","Poisoned Stab"],"picked":"SKIP","floor":19.0},{"not_picked":["All Out Attack","Dagger Spray"],"picked":"Glass Knife","floor":21.0},{"not_picked":["Dagger Throw","Calculated Gamble"],"picked":"Backflip","floor":22.0},{"not_picked":["Poisoned Stab+1","Flying Knee","Slice"],"picked":"SKIP","floor":24.0},{"not_picked":["Poisoned Stab+1","Flying Knee","Slice"],"picked":"SKIP","floor":24.0},{"not_picked":["Heel Hook","Outmaneuver","Adrenaline"],"picked":"SKIP","floor":30.0},{"not_picked":["Flechettes","Bane","Outmaneuver"],"picked":"SKIP","floor":31.0},{"not_picked":["Grand Finale","Doppelganger"],"picked":"Night Terror","floor":33.0},{"not_picked":["Cloak And Dagger","Terror","Flying Knee"],"picked":"SKIP","floor":35.0},{"not_picked":["Outmaneuver","PiercingWail"],"picked":"Eviscerate+1","floor":36.0},{"not_picked":["All Out Attack","Noxious Fumes","Skewer+1"],"picked":"SKIP","floor":39.0},{"not_picked":["Sucker Punch","Blade Dance","Poisoned Stab+1"],"picked":"SKIP","floor":40.0},{"not_picked":["Well Laid Plans","Acrobatics","Flying Knee"],"picked":"SKIP","floor":45.0},{"not_picked":["After Image","Catalyst","Dagger Spray"],"picked":"SKIP","floor":46},{"not_picked":["Bane","Blade Dance","Sucker Punch+1"],"picked":"SKIP","floor":48}],"player_experience":689190,"relics_obtained":[{"floor":6.0,"key":"Calipers"},{"floor":8.0,"key":"Boot"},{"floor":9.0,"key":"Meat on the Bone"},{"floor":12.0,"key":"Odd Mushroom"},{"floor":13.0,"key":"Kunai"},{"floor":26.0,"key":"Smiling Mask"},{"floor":30.0,"key":"Pocketwatch"},{"floor":37.0,"key":"FossilizedHelix"},{"floor":40.0,"key":"PreservedInsect"},{"floor":42.0,"key":"Du-Vu Doll"},{"floor":43.0,"key":"Gremlin Horn"},{"floor":46,"key":"Blood Vial"},{"floor":48,"key":"MawBank"}],"event_choices":[{"damage_healed":0.0,"max_hp_gain":0.0,"max_hp_loss":0.0,"gold_gain":0.0,"event_name":"Living Wall","player_choice":"Grow","floor":3.0,"gold_loss":0.0,"damage_taken":0.0,"cards_upgraded":["Neutralize"]},{"cards_removed":["Strike_G"],"damage_healed":0.0,"max_hp_gain":0.0,"max_hp_loss":0.0,"gold_gain":0.0,"event_name":"The Cleric","player_choice":"Card Removal","floor":11.0,"gold_loss":75.0,"damage_taken":0.0},{"damage_healed":0.0,"max_hp_gain":0.0,"max_hp_loss":0.0,"gold_gain":0.0,"event_name":"Mushrooms","player_choice":"Fought Mushrooms","floor":12.0,"gold_loss":0.0,"damage_taken":0.0},{"damage_healed":0.0,"max_hp_gain":0.0,"max_hp_loss":0.0,"gold_gain":0.0,"event_name":"Ghosts","player_choice":"Ignored","floor":28.0,"gold_loss":0.0,"damage_taken":0.0},{"damage_healed":0.0,"max_hp_gain":0.0,"max_hp_loss":0.0,"gold_gain":0.0,"event_name":"Mysterious Sphere","player_choice":"Fight","floor":37.0,"gold_loss":0.0,"damage_taken":0.0},{"damage_healed":0.0,"max_hp_gain":0.0,"max_hp_loss":0.0,"gold_gain":0.0,"event_name":"MindBloom","player_choice":"Fight","floor":42.0,"gold_loss":0.0,"damage_taken":0.0},{"damage_healed":0,"gold_gain":0,"player_choice":"Paid","damage_taken":0,"relics_obtained":["Red Mask"],"max_hp_gain":0,"max_hp_loss":0,"event_name":"Tomb of Lord Red Mask","floor":47,"gold_loss":345}],"is_beta":true,"boss_relics":[{"not_picked":["Pandora\u0027s Box","Ring of the Serpent"],"picked":"Snecko Eye"},{"not_picked":["Runic Pyramid","Calling Bell"],"picked":"Philosopher\u0027s Stone"}],"items_purged_floors":[20,25,38],"is_endless":false,"potions_floor_spawned":[4,6,12,14,16,18,19,21,37,39,42,45,48],"ascension_level":17}