{"gold_per_floor":[110,128,148,148,167,202,202,229,229,229,249,266,297,317,317,389,389,409,10,10,20,39,39,59,87,114,139,153,169,169,198,198,275,275,287,287,303,323,323,357,373,20,20,20,20,20],"floor_reached":47,"playtime":2571,"items_purged":["Parasite"],"score":1370,"play_id":"c1d75801-13c2-4e28-b52f-f0c93c2b5520","local_time":"20190928144917","is_ascension_mode":true,"campfire_choices":[{"floor":7.0,"key":"REST"},{"floor":10.0,"key":"REST"},{"floor":15,"key":"REST"},{"floor":23,"key":"REST"},{"floor":32,"key":"REST"},{"floor":44,"key":"REST"}],"neow_cost":"NONE","seed_source_timestamp":8944588449200,"circlet_count":0,"master_deck":["AscendersBane","Strike_B+1","Strike_B+1","Strike_B+1","Strike_B+1","Defend_B+1","Defend_B+1","Defend_B+1","Defend_B+1","Zap","Dualcast","Sunder","Gash","Capacitor","Reinforced Body","Chill","Cold Snap","Sweeping Beam","White Noise+1","Biased Cognition","Leap+1","Hologram+1","Consume+1","Coolheaded+1","Loop","Conserve Battery+1","Ball Lightning+1","Hologram+1","Fission+1","Madness+1","Madness+1","White Noise+1","Defragment"],"special_seed":0,"relics":["Cracked Core","Lantern","Boot","Bag of Preparation","Toxic Egg 2","Orichalcum","Fusion Hammer","Molten Egg 2","DataDisk","Mercury Hourglass","Anchor","Oddly Smooth Stone","Pocketwatch","Inserter","Gremlin Horn","ClockworkSouvenir","Darkstone Periapt"],"potions_floor_usage":[13,16,16,27,33,46,46],"damage_taken":[{"damage":2.0,"enemies":"2 Louse","floor":1.0,"turns":2.0},{"damage":2.0,"enemies":"Jaw Worm","floor":2.0,"turns":3.0},{"damage":0.0,"enemies":"Cultist","floor":3.0,"turns":2.0},{"damage":30.0,"enemies":"Gremlin Gang","floor":5.0,"turns":4.0},{"damage":44.0,"enemies":"Gremlin Nob","floor":6.0,"turns":5.0},{"damage":15.0,"enemies":"Lots of Slimes","floor":11.0,"turns":4.0},{"damage":9.0,"enemies":"Exordium Wildlife","floor":12.0,"turns":4.0},{"damage":17,"enemies":"Lagavulin","floor":13,"turns":8},{"damage":0,"enemies":"Looter","floor":14,"turns":3},{"damage":9,"enemies":"Slime Boss","floor":16,"turns":9},{"damage":0,"enemies":"Chosen","floor":18,"turns":4},{"damage":0,"enemies":"3 Byrds","floor":21,"turns":3},{"damage":15,"enemies":"Snecko","floor":22,"turns":5},{"damage":0,"enemies":"3 Cultists","floor":24,"turns":6},{"damage":10,"enemies":"Gremlin Leader","floor":25,"turns":10},{"damage":18,"enemies":"Book of Stabbing","floor":27,"turns":8},{"damage":0,"enemies":"Cultist and Chosen","floor":28,"turns":7},{"damage":0,"enemies":"Sentry and Sphere","floor":29,"turns":4},{"damage":10,"enemies":"Gremlin Leader","floor":31,"turns":4},{"damage":0,"enemies":"Champ","floor":33,"turns":10},{"damage":0,"enemies":"Orb Walker","floor":35,"turns":4},{"damage":14,"enemies":"3 Darklings","floor":37,"turns":4},{"damage":7,"enemies":"Spire Growth","floor":38,"turns":6},{"damage":0,"enemies":"Reptomancer","floor":40,"turns":6},{"damage":8,"enemies":"Writhing Mass","floor":41,"turns":5},{"damage":11,"enemies":"Donu and Deca","floor":46,"turns":9}],"seed_played":"-6237642007624175023","potions_obtained":[{"floor":3.0,"key":"FairyPotion"},{"floor":6.0,"key":"SkillPotion"},{"floor":12.0,"key":"Strength Potion"},{"floor":13,"key":"FearPotion"},{"floor":21,"key":"FocusPotion"},{"floor":24,"key":"FearPotion"},{"floor":27,"key":"LiquidBronze"},{"floor":33,"key":"Explosive Potion"},{"floor":38,"key":"Strength Potion"},{"floor":40,"key":"FocusPotion"}],"is_trial":false,"path_per_floor":["M","M","M","?","M","E","R","T","T","R","M","M","E","M","R","B",null,"M","$","$","M","M","R","M","E","T","E","M","M","?","E","R","B",null,"M","?","M","M","?","E","M","$","T","R","?","B",null],"character_chosen":"DEFECT","items_purchased":["Molten Egg 2","DataDisk","ClockworkSouvenir","Defragment"],"campfire_rested":6,"item_purchase_floors":[19,19,42,42],"current_hp_per_floor":[62,60,60,60,30,7,28,28,28,49,34,25,8,8,29,20,58,58,58,58,58,43,64,64,54,54,36,36,36,36,26,47,47,65,65,52,38,31,58,58,50,50,50,55,55,44],"gold":20,"neow_bonus":"RANDOM_COMMON_RELIC","is_prod":false,"is_daily":false,"chose_seed":false,"campfire_upgraded":0,"win_rate":0,"timestamp":1569707357,"path_taken":["M","M","M","?","M","E","R","?","T","R","?","M","E","?","R","BOSS","M","?","$","M","M","R","M","E","T","E","M","M","?","E","R","BOSS","M","?","M","M","?","E","M","$","T","R","?","BOSS"],"build_version":"2019-07-17","purchased_purges":1,"victory":true,"max_hp_per_floor":[71,71,71,71,71,71,71,71,71,71,71,71,71,71,71,71,71,71,71,71,71,71,71,71,71,71,71,71,71,71,71,71,71,71,71,71,71,71,58,58,58,55,55,55,55,55],"card_choices":[{"not_picked":["Streamline","Redo"],"picked":"Sunder","floor":1.0},{"not_picked":["Leap","Rebound"],"picked":"Gash","floor":2.0},{"not_picked":["Sweeping Beam","Leap"],"picked":"Capacitor","floor":3.0},{"not_picked":["Force Field","Steam"],"picked":"Reinforced Body","floor":5.0},{"not_picked":["Go for the Eyes","Biased Cognition"],"picked":"Chill","floor":6.0},{"not_picked":["Redo+1","Reprogram+1"],"picked":"Cold Snap","floor":11.0},{"not_picked":["Streamline","Cold Snap"],"picked":"Sweeping Beam","floor":12.0},{"not_picked":["BootSequence+1","Storm","Lockon"],"picked":"SKIP","floor":13},{"not_picked":["Undo+1","Beam Cell"],"picked":"White Noise+1","floor":14},{"not_picked":["All For One","Meteor Strike"],"picked":"Biased Cognition","floor":16},{"not_picked":["Stack+1","Ball Lightning"],"picked":"Leap+1","floor":18},{"not_picked":["Rip and Tear+1","Chill+1"],"picked":"Hologram+1","floor":21},{"not_picked":["Double Energy+1","Scrape+1"],"picked":"Consume+1","floor":22},{"not_picked":["Self Repair","Sweeping Beam+1"],"picked":"Coolheaded+1","floor":24},{"not_picked":["Beam Cell+1","Steam Power+1","Turbo+1"],"picked":"SKIP","floor":25},{"not_picked":["Tempest+1","Leap+1"],"picked":"Loop","floor":27},{"not_picked":["Turbo+1","Hologram+1"],"picked":"Conserve Battery+1","floor":28},{"not_picked":["Rebound+1","Redo+1"],"picked":"Ball Lightning+1","floor":29},{"not_picked":["Tempest+1","Lockon+1"],"picked":"Hologram+1","floor":31},{"not_picked":["All For One+1","Hyperbeam+1"],"picked":"Fission+1","floor":33},{"not_picked":["Force Field+1","Conserve Battery+1","Chill+1"],"picked":"SKIP","floor":35},{"not_picked":["Stack+1","Compile Driver+1","Conserve Battery+1"],"picked":"SKIP","floor":37},{"not_picked":["Self Repair","Redo+1"],"picked":"White Noise+1","floor":38},{"not_picked":["Conserve Battery+1","Force Field+1","Doom and Gloom+1"],"picked":"SKIP","floor":40},{"not_picked":["Loop","Double Energy+1","Redo+1"],"picked":"SKIP","floor":41}],"player_experience":651093,"relics_obtained":[{"floor":6.0,"key":"Boot"},{"floor":8.0,"key":"Bag of Preparation"},{"floor":9.0,"key":"Toxic Egg 2"},{"floor":13,"key":"Orichalcum"},{"floor":25,"key":"Mercury Hourglass"},{"floor":26,"key":"Anchor"},{"floor":27,"key":"Oddly Smooth Stone"},{"floor":31,"key":"Pocketwatch"},{"floor":40,"key":"Gremlin Horn"},{"floor":43,"key":"Darkstone Periapt"}],"event_choices":[{"damage_healed":0.0,"max_hp_gain":0.0,"max_hp_loss":0.0,"gold_gain":0.0,"event_name":"Liars Game","player_choice":"Ignored","floor":4.0,"gold_loss":0.0,"damage_taken":0.0},{"damage_healed":0,"gold_gain":0,"player_choice":"Simplicity","damage_taken":0,"max_hp_gain":0,"max_hp_loss":0,"event_name":"Back to Basics","floor":30,"gold_loss":0,"cards_upgraded":["Strike_B","Strike_B","Strike_B","Strike_B","Defend_B","Defend_B","Defend_B","Defend_B"]},{"damage_healed":0,"gold_gain":0,"player_choice":"Embrace Madness","damage_taken":13,"max_hp_gain":0,"max_hp_loss":0,"event_name":"Winding Halls","floor":36,"gold_loss":0,"cards_obtained":["Madness","Madness"]},{"damage_healed":58,"gold_gain":0,"player_choice":"Heal","damage_taken":0,"max_hp_gain":0,"max_hp_loss":13,"event_name":"The Moai Head","floor":39,"gold_loss":0},{"damage_healed":0,"gold_gain":0,"player_choice":"Took Portal","damage_taken":0,"max_hp_gain":0,"max_hp_loss":0,"event_name":"SecretPortal","floor":45,"gold_loss":0}],"is_beta":false,"boss_relics":[{"not_picked":["Calling Bell","Philosopher\u0027s Stone"],"picked":"Fusion Hammer"},{"not_picked":["Coffee Dripper","Runic Dome"],"picked":"Inserter"}],"items_purged_floors":[42],"is_endless":false,"potions_floor_spawned":[3,6,12,13,21,24,27,33,38,40],"ascension_level":15}