{"gold_per_floor":[119,71,71,246,258,258,21,21,21,40,57,74,74,94,94,197,197,197,152,152,152,28,28,28,28,28,28,28,28,28,28,28,28,28,28,28,28,28,28,28,28,28,28,28,28,28,28,28,28,28],"floor_reached":51,"playtime":2766,"items_purged":["Doubt","Strike_R"],"score":692,"play_id":"71484ba7-5989-4d5d-b9a4-7b4a148d8212","local_time":"20190708213720","is_ascension_mode":true,"campfire_choices":[{"data":"Body Slam","floor":6,"key":"SMITH"},{"data":"Apotheosis","floor":13,"key":"SMITH"},{"data":"Inflame","floor":15,"key":"SMITH"},{"floor":23,"key":"REST"},{"data":"Shockwave","floor":27,"key":"SMITH"},{"floor":32,"key":"REST"},{"floor":40,"key":"REST"},{"floor":42,"key":"RECALL"},{"floor":44,"key":"REST"},{"floor":49,"key":"REST"}],"neow_cost":"NONE","seed_source_timestamp":11815079592900,"circlet_count":0,"master_deck":["Strike_R","Strike_R","Strike_R","Defend_R","Defend_R","Defend_R","Defend_R","Bash","Anger","Shrug It Off","Body Slam+1","Apotheosis+1","Seeing Red","Inflame+1","Body Slam","Shockwave+1","Impervious","True Grit","Bludgeon","Shrug It Off","Body Slam+1","Whirlwind+1","Limit Break","Shrug It Off","Enlightenment","Writhe","Impervious","Body Slam+1","Clothesline+1"],"relics":["Burning Blood","Anchor","Blood Vial","Ectoplasm","Bag of Preparation","Nloth\u0027s Gift","Fusion Hammer","Thread and Needle","Ornamental Fan","Dream Catcher"],"potions_floor_usage":[12,16,19,24,24,33,50,50,50],"damage_taken":[{"damage":5,"enemies":"Small Slimes","floor":1,"turns":3},{"damage":6,"enemies":"Jaw Worm","floor":5,"turns":5},{"damage":0,"enemies":"Cultist","floor":10,"turns":3},{"damage":2,"enemies":"Exordium Wildlife","floor":11,"turns":4},{"damage":0,"enemies":"Looter","floor":12,"turns":1},{"damage":1,"enemies":"Large Slime","floor":14,"turns":5},{"damage":7,"enemies":"Slime Boss","floor":16,"turns":11},{"damage":0,"enemies":"Chosen","floor":18,"turns":4},{"damage":0,"enemies":"2 Thieves","floor":19,"turns":3},{"damage":2,"enemies":"Centurion and Healer","floor":21,"turns":4},{"damage":14,"enemies":"Gremlin Leader","floor":24,"turns":6},{"damage":3,"enemies":"3 Cultists","floor":25,"turns":5},{"damage":1,"enemies":"Shelled Parasite and Fungi","floor":29,"turns":3},{"damage":20,"enemies":"Sentry and Sphere","floor":31,"turns":5},{"damage":50,"enemies":"Automaton","floor":33,"turns":10},{"damage":6,"enemies":"3 Shapes","floor":35,"turns":3},{"damage":3,"enemies":"Orb Walker","floor":36,"turns":3},{"damage":5,"enemies":"Sphere and 2 Shapes","floor":38,"turns":4},{"damage":0,"enemies":"Mind Bloom Boss Battle","floor":39,"turns":5},{"damage":0,"enemies":"Maw","floor":45,"turns":7},{"damage":15,"enemies":"Transient","floor":47,"turns":5},{"damage":0,"enemies":"Spire Growth","floor":48,"turns":4},{"damage":67,"enemies":"Time Eater","floor":50,"turns":10}],"seed_played":"-1134684927344795415","potions_obtained":[{"floor":1,"key":"PowerPotion"},{"floor":5,"key":"GamblersBrew"},{"floor":11,"key":"AttackPotion"},{"floor":16,"key":"GamblersBrew"},{"floor":21,"key":"AttackPotion"},{"floor":25,"key":"Dexterity Potion"},{"floor":31,"key":"SkillPotion"},{"floor":33,"key":"BloodPotion"},{"floor":39,"key":"Weak Potion"},{"floor":47,"key":"Fire Potion"}],"is_trial":false,"path_per_floor":["M","$","?","?","M","R","$","?","T","M","M","M","R","M","R","B",null,"M","M","?","M","$","R","E","M","T","R","$","M","?","M","R","B",null,"M","M","?","M","?","R","?","R","T","R","M","?","M","M","R","B",null],"character_chosen":"IRONCLAD","items_purchased":["Shrug It Off","Apotheosis","True Grit"],"campfire_rested":5,"item_purchase_floors":[2,7,22],"current_hp_per_floor":[80,80,80,80,80,80,80,80,80,80,80,80,80,80,80,79,80,80,80,65,71,71,85,77,82,82,82,82,85,85,71,85,41,85,85,85,85,85,85,85,85,85,85,85,85,85,76,84,85,45],"gold":28,"neow_bonus":"RANDOM_COMMON_RELIC","is_prod":false,"is_daily":false,"chose_seed":false,"campfire_upgraded":4,"win_rate":0,"timestamp":1562618240,"path_taken":["M","$","?","?","M","R","$","?","T","M","M","M","R","M","R","BOSS","M","M","?","M","$","R","E","M","T","R","$","M","?","?","R","BOSS","M","M","?","M","?","R","?","R","T","R","?","?","?","M","R","BOSS"],"build_version":"2019-07-05","purchased_purges":2,"victory":true,"max_hp_per_floor":[80,80,80,80,80,80,80,80,80,80,80,80,80,80,80,80,80,80,80,85,85,85,85,85,85,85,85,85,85,85,85,85,85,85,85,85,85,85,85,85,85,85,85,85,85,85,85,85,85,85],"card_choices":[{"not_picked":["Hemokinesis","Pummel"],"picked":"Anger","floor":1},{"not_picked":["Dropkick","Twin Strike"],"picked":"Body Slam","floor":5},{"not_picked":["Searing Blow","Headbutt"],"picked":"Seeing Red","floor":10},{"not_picked":["Thunderclap","Body Slam"],"picked":"Inflame","floor":11},{"not_picked":["Iron Wave","Perfected Strike"],"picked":"Body Slam","floor":12},{"not_picked":["Sword Boomerang","Clash"],"picked":"Shockwave","floor":14},{"not_picked":["Offering","Fiend Fire"],"picked":"Impervious","floor":16},{"not_picked":["Sever Soul","Cleave","Perfected Strike"],"picked":"SKIP","floor":18},{"not_picked":["Sword Boomerang","Thunderclap","Dropkick"],"picked":"SKIP","floor":19},{"not_picked":["Headbutt","Warcry","Feel No Pain"],"picked":"SKIP","floor":21},{"not_picked":["Blood for Blood+1","Shrug It Off+1"],"picked":"Bludgeon","floor":24},{"not_picked":["Iron Wave","Twin Strike","Thunderclap"],"picked":"SKIP","floor":25},{"not_picked":["Iron Wave","Twin Strike","Thunderclap"],"picked":"SKIP","floor":25},{"not_picked":["Wild Strike","Armaments+1","Corruption"],"picked":"SKIP","floor":29},{"not_picked":["Corruption","Twin Strike"],"picked":"Shrug It Off","floor":31},{"not_picked":["Double Tap","Feed"],"picked":"Offering","floor":33},{"not_picked":["Wild Strike","Warcry+1"],"picked":"Body Slam+1","floor":35},{"not_picked":["Clothesline","Reckless Charge+1"],"picked":"Whirlwind+1","floor":36},{"not_picked":["Pommel Strike","Thunderclap"],"picked":"Limit Break","floor":38},{"not_picked":["Flex","Evolve"],"picked":"Shrug It Off","floor":39},{"not_picked":["Iron Wave","Shrug It Off+1"],"picked":"Impervious","floor":45},{"not_picked":["Infernal Blade","Wild Strike+1"],"picked":"Body Slam+1","floor":47},{"not_picked":["Cleave+1","Searing Blow","Anger+1"],"picked":"SKIP","floor":48},{"not_picked":["Twin Strike+1","Heavy Blade"],"picked":"Clothesline+1","floor":49}],"player_experience":55817,"relics_obtained":[{"floor":9,"key":"Blood Vial"},{"floor":24,"key":"Bag of Preparation"},{"floor":26,"key":"Ancient Tea Set"},{"floor":39,"key":"Thread and Needle"},{"floor":43,"key":"Ornamental Fan"}],"event_choices":[{"cards_removed":["Strike_R"],"damage_healed":0,"gold_gain":0,"player_choice":"Forget","damage_taken":0,"max_hp_gain":0,"max_hp_loss":0,"event_name":"Living Wall","floor":3,"gold_loss":0},{"damage_healed":0,"gold_gain":175,"player_choice":"AGREE","damage_taken":0,"max_hp_gain":0,"max_hp_loss":0,"event_name":"Liars Game","floor":4,"gold_loss":0,"cards_obtained":["Doubt"]},{"damage_healed":0,"gold_gain":0,"player_choice":"Searched \u00270\u0027 times","damage_taken":0,"max_hp_gain":0,"max_hp_loss":0,"event_name":"Dead Adventurer","floor":8,"gold_loss":0},{"damage_healed":0,"gold_gain":0,"player_choice":"Shed Blood","damage_taken":20,"max_hp_gain":5,"max_hp_loss":0,"event_name":"Forgotten Altar","floor":20,"gold_loss":0},{"damage_healed":0,"gold_gain":0,"player_choice":"Traded Relic","damage_taken":0,"relics_obtained":["Nloth\u0027s Gift"],"max_hp_gain":0,"max_hp_loss":0,"event_name":"N\u0027loth","floor":30,"relics_lost":["Ancient Tea Set"],"gold_loss":0},{"cards_removed":["Offering"],"damage_healed":0,"gold_gain":0,"player_choice":"Removed Skill","damage_taken":0,"max_hp_gain":0,"max_hp_loss":0,"event_name":"Falling","floor":37,"gold_loss":0},{"damage_healed":0,"gold_gain":0,"player_choice":"Fight","damage_taken":0,"max_hp_gain":0,"max_hp_loss":0,"event_name":"MindBloom","floor":39,"gold_loss":0},{"damage_healed":0,"gold_gain":0,"player_choice":"2 cards matched","damage_taken":0,"max_hp_gain":0,"max_hp_loss":0,"event_name":"Match and Keep!","floor":41,"gold_loss":0,"cards_obtained":["Enlightenment","Writhe"]},{"damage_healed":0,"gold_gain":0,"player_choice":"Gave Potion","damage_taken":0,"relics_obtained":["Dream Catcher"],"max_hp_gain":0,"max_hp_loss":0,"event_name":"WeMeetAgain","floor":46,"gold_loss":0}],"is_beta":false,"boss_relics":[{"not_picked":["Lizard Tail","Black Blood"],"picked":"Ectoplasm"},{"not_picked":["Runic Cube","Astrolabe"],"picked":"Fusion Hammer"}],"items_purged_floors":[7,22],"is_endless":false,"potions_floor_spawned":[1,5,11,16,21,25,31,33,39,47,48],"ascension_level":1}