{"gold_per_floor":[109,109,121,140,140,173,192,207,207,219,219,236,255,272,272,349,349,359,376,376,476,491,491,416,416,416,416,142,153,182,196,196,196],"floor_reached":33,"playtime":2102,"items_purged":["Strike_G"],"score":515,"play_id":"9b38cbda-12ba-4352-b30e-9b0a46ff8cf4","local_time":"20190925005341","is_ascension_mode":true,"campfire_choices":[{"data":"Neutralize","floor":15.0,"key":"SMITH"},{"data":"Caltrops","floor":23.0,"key":"SMITH"},{"data":"Dagger Spray","floor":27,"key":"SMITH"},{"data":"Poisoned Stab","floor":32,"key":"SMITH"}],"neow_cost":"NONE","seed_source_timestamp":1048378763731000,"circlet_count":0,"master_deck":["AscendersBane","Strike_G","Strike_G","Defend_G","Defend_G","Defend_G","Defend_G","Defend_G","Survivor","Neutralize+1","Poisoned Stab+1","Dagger Spray+1","Blur+1","Acrobatics+1","Backflip+1","Predator","Well Laid Plans","Caltrops+1","Adrenaline+1","Die Die Die","Dodge and Roll+1","Dodge and Roll+1","Writhe","Catalyst+1"],"special_seed":0,"relics":["Coffee Dripper","Toxic Egg 2","The Specimen","Tough Bandages","Cursed Key","StoneCalendar","Membership Card","Bag of Marbles","Red Mask"],"potions_floor_usage":[30,30],"damage_taken":[{"damage":3.0,"enemies":"2 Louse","floor":1.0,"turns":4.0},{"damage":0.0,"enemies":"Small Slimes","floor":3.0,"turns":4.0},{"damage":0.0,"enemies":"Cultist","floor":4.0,"turns":3.0},{"damage":28.0,"enemies":"Gremlin Nob","floor":6.0,"turns":5.0},{"damage":10.0,"enemies":"Large Slime","floor":7.0,"turns":7.0},{"damage":14.0,"enemies":"Looter","floor":8.0,"turns":3.0},{"damage":4.0,"enemies":"Gremlin Gang","floor":10.0,"turns":5.0},{"damage":0.0,"enemies":"2 Fungi Beasts","floor":12.0,"turns":3.0},{"damage":0.0,"enemies":"3 Louse","floor":13.0,"turns":3.0},{"damage":0.0,"enemies":"Exordium Wildlife","floor":14.0,"turns":4.0},{"damage":0.0,"enemies":"The Guardian","floor":16.0,"turns":12.0},{"damage":0.0,"enemies":"Chosen","floor":18.0,"turns":4.0},{"damage":2.0,"enemies":"3 Byrds","floor":19.0,"turns":4.0},{"damage":8.0,"enemies":"Sentry and Sphere","floor":22.0,"turns":7.0},{"damage":9,"enemies":"Cultist and Chosen","floor":29,"turns":7},{"damage":0,"enemies":"Masked Bandits","floor":30,"turns":4},{"damage":2,"enemies":"Snake Plant","floor":31,"turns":4},{"damage":46,"enemies":"Champ","floor":33,"turns":11}],"seed_played":"7113128624745042217","potions_obtained":[{"floor":3.0,"key":"Regen Potion"},{"floor":4.0,"key":"EssenceOfSteel"},{"floor":10.0,"key":"Ancient Potion"},{"floor":12.0,"key":"Block Potion"},{"floor":13.0,"key":"CunningPotion"},{"floor":19.0,"key":"Explosive Potion"},{"floor":22.0,"key":"Poison Potion"}],"is_trial":false,"path_per_floor":["M","?","M","M","?","E","M","M","T","M","?","M","M","M","R","B",null,"M","M","?","?","M","R","?","?","T","R","$","M","?","M","R","B"],"character_chosen":"THE_SILENT","items_purchased":["Membership Card","Bag of Marbles"],"campfire_rested":0,"item_purchase_floors":[28,28],"current_hp_per_floor":[56,61,61,61,54,40,30,16,16,12,12,12,12,12,12,12,56,56,54,54,54,46,46,46,39,39,39,39,30,30,28,28,0],"gold":196,"neow_bonus":"BOSS_RELIC","is_prod":false,"is_daily":false,"chose_seed":false,"campfire_upgraded":4,"win_rate":0,"timestamp":1569398021,"path_taken":["M","?","M","M","?","E","M","M","T","M","?","M","M","M","R","BOSS","M","M","?","?","?","R","?","?","T","R","$","?","?","M","R","BOSS"],"build_version":"2019-09-24","purchased_purges":1,"victory":false,"max_hp_per_floor":[66,71,71,71,71,71,71,71,71,71,71,71,71,71,71,71,71,71,71,71,71,71,71,71,71,71,71,71,71,71,71,71,71],"card_choices":[{"not_picked":["Slice","Deadly Poison"],"picked":"Poisoned Stab","floor":1.0},{"not_picked":["Reflex","Blade Dance","Outmaneuver"],"picked":"SKIP","floor":3.0},{"not_picked":["Distraction","Sucker Punch"],"picked":"Dagger Spray","floor":4.0},{"not_picked":["Deflect+1","Riddle With Holes"],"picked":"Blur+1","floor":6.0},{"not_picked":["Bane","Riddle With Holes"],"picked":"Acrobatics+1","floor":7.0},{"not_picked":["Distraction+1","Infinite Blades"],"picked":"Backflip+1","floor":8.0},{"not_picked":["Acrobatics+1","Sucker Punch"],"picked":"Predator","floor":10.0},{"not_picked":["Acrobatics+1","Masterful Stab"],"picked":"Well Laid Plans","floor":12.0},{"not_picked":["Deadly Poison+1","Dodge and Roll+1"],"picked":"Caltrops","floor":13.0},{"not_picked":["Cloak And Dagger+1","Heel Hook"],"picked":"Adrenaline+1","floor":14.0},{"not_picked":["Doppelganger+1","Grand Finale"],"picked":"Die Die Die","floor":16.0},{"not_picked":["Acrobatics+1","Deflect+1"],"picked":"Dodge and Roll+1","floor":18.0},{"not_picked":["Calculated Gamble+1","Backflip+1"],"picked":"Dodge and Roll+1","floor":19.0},{"not_picked":["Well Laid Plans+1","Backflip+1","Acrobatics+1"],"picked":"SKIP","floor":22.0},{"not_picked":["Calculated Gamble+1","Glass Knife"],"picked":"Catalyst+1","floor":29},{"not_picked":["Flying Knee","Slice","Dodge and Roll+1"],"picked":"SKIP","floor":31}],"player_experience":1474877,"relics_obtained":[{"floor":6.0,"key":"The Specimen"},{"floor":9.0,"key":"Tough Bandages"},{"floor":30,"key":"Red Mask"}],"event_choices":[{"damage_healed":0.0,"max_hp_gain":5.0,"max_hp_loss":0.0,"gold_gain":0.0,"event_name":"Big Fish","player_choice":"Donut","floor":2.0,"gold_loss":0.0,"damage_taken":0.0},{"damage_healed":0.0,"max_hp_gain":0.0,"max_hp_loss":0.0,"gold_gain":0.0,"event_name":"Scrap Ooze","player_choice":"Success","floor":5.0,"gold_loss":0.0,"damage_taken":7.0,"relics_obtained":["Toxic Egg 2"]},{"cards_removed":["Strike_G"],"damage_healed":0.0,"max_hp_gain":0.0,"max_hp_loss":0.0,"gold_gain":0.0,"event_name":"Living Wall","player_choice":"Forget","floor":11.0,"gold_loss":0.0,"damage_taken":0.0},{"damage_healed":0.0,"max_hp_gain":0.0,"max_hp_loss":0.0,"gold_gain":0.0,"event_name":"The Mausoleum","player_choice":"Opened","floor":20.0,"gold_loss":0.0,"damage_taken":0.0,"relics_obtained":["StoneCalendar"],"cards_obtained":["Writhe"]},{"damage_healed":0.0,"max_hp_gain":0.0,"max_hp_loss":0.0,"gold_gain":100.0,"event_name":"Golden Shrine","player_choice":"Pray","floor":21.0,"gold_loss":0.0,"damage_taken":0.0},{"cards_removed":["Strike_G"],"damage_healed":0.0,"max_hp_gain":0.0,"max_hp_loss":0.0,"gold_gain":0.0,"event_name":"Beggar","player_choice":"Gave Gold","floor":24.0,"gold_loss":75.0,"damage_taken":0.0},{"damage_healed":0.0,"max_hp_gain":0.0,"max_hp_loss":0.0,"gold_gain":0.0,"event_name":"Knowing Skull","player_choice":"","floor":25.0,"potions_obtained":[],"gold_loss":0.0,"damage_taken":7.0,"cards_obtained":[]},{"damage_healed":0,"gold_gain":0,"player_choice":"Fought Bandits","damage_taken":0,"max_hp_gain":0,"max_hp_loss":0,"event_name":"Masked Bandits","floor":30,"gold_loss":0}],"is_beta":true,"boss_relics":[{"not_picked":["Runic Dome","SacredBark"],"picked":"Cursed Key"}],"items_purged_floors":[28],"is_endless":false,"potions_floor_spawned":[3,4,10,12,13,19,22],"killed_by":"Champ","ascension_level":14}