{"gold_per_floor":[115,188,203,219,232,258,282,282,282,282,302,319,65,92,92,193,193,213,232,244,244,244,244,277,291,291,214,214,227,141,160,160,260,260,280,280,280,280],"floor_reached":38,"playtime":4398,"items_purged":[],"score":579,"play_id":"80a4529f-a09d-48aa-880b-b61577b49034","local_time":"20180705181956","is_ascension_mode":false,"campfire_choices":[{"floor":8,"key":"REST"},{"floor":10,"key":"REST"},{"floor":15,"key":"REST"},{"floor":23,"key":"REST"},{"floor":28,"key":"REST"},{"floor":32,"key":"REST"}],"neow_cost":"NONE","seed_source_timestamp":1707255293696000,"circlet_count":0,"master_deck":["Strike_R","Strike_R","Strike_R","Strike_R+1","Strike_R+1","Defend_R","Defend_R","Defend_R","Defend_R","Bash","Carnage","Body Slam","Iron Wave","Shrug It Off","Juggernaut","Shrug It Off","Cleave","Rampage","Headbutt","Disarm","Impervious","Demon Form+1","Sword Boomerang","Anger+1","Demon Form+1","Metallicize+1","Fire Breathing+1","Shrug It Off","Twin Strike","J.A.X.","Cleave+1","Disarm","Disarm","Pommel Strike","Flex","Battle Trance","Feed","Twin Strike"],"relics":["Fusion Hammer","Pen Nib","Dream Catcher","Whetstone","Odd Mushroom","Frozen Egg 2","Regal Pillow","Velvet Choker","Enchiridion","Bottled Tornado","Ornamental Fan","Black Star","Red Skull"],"potions_floor_usage":[24,33,38,38],"damage_taken":[{"damage":6,"enemies":"Jaw Worm","floor":1,"turns":3},{"damage":5,"enemies":"Small Slimes","floor":3,"turns":2},{"damage":0,"enemies":"Cultist","floor":4,"turns":2},{"damage":1,"enemies":"Exordium Thugs","floor":5,"turns":3},{"damage":14,"enemies":"3 Sentries","floor":6,"turns":6},{"damage":16,"floor":11,"turns":4},{"damage":0,"enemies":"Looter","floor":12,"turns":1},{"damage":23,"enemies":"Lagavulin","floor":14,"turns":5},{"damage":15,"enemies":"Hexaghost","floor":16,"turns":8},{"damage":7,"enemies":"Shell Parasite","floor":18,"turns":5},{"damage":0,"enemies":"3 Byrds","floor":19,"turns":4},{"damage":19,"enemies":"Snake Plant","floor":20,"turns":3},{"damage":22,"enemies":"Gremlin Leader","floor":24,"turns":5},{"damage":18,"enemies":"Centurion and Healer","floor":25,"turns":5},{"damage":0,"enemies":"3 Cultists","floor":29,"turns":3},{"damage":1,"enemies":"Snake Plant","floor":31,"turns":5},{"damage":46,"enemies":"Collector","floor":33,"turns":8},{"damage":6,"enemies":"Orb Walker","floor":35,"turns":2},{"damage":6,"floor":36,"turns":5},{"damage":84,"enemies":"Donu and Deca","floor":38,"turns":6}],"seed_played":"-576382222425733187","potions_obtained":[{"floor":1,"key":"Weak Potion"},{"floor":4,"key":"Poison Potion"},{"floor":6,"key":"SteroidPotion"},{"floor":18,"key":"SteroidPotion"},{"floor":19,"key":"Strength Potion"},{"floor":31,"key":"EssenceOfSteel"},{"floor":35,"key":"PowerPotion"}],"is_trial":false,"path_per_floor":["M","?","M","M","M","E","T","R","T","R","?","M","$","E","R","B",null,"M","M","M","?","?","R","E","M","T","?","R","M","$","M","R","B",null,"M","?","?"],"character_chosen":"IRONCLAD","items_purchased":["Frozen Egg 2","Disarm","Pommel Strike"],"campfire_rested":6,"item_purchase_floors":[13,30,30],"current_hp_per_floor":[74,74,69,69,68,54,54,78,78,80,64,64,64,41,80,65,80,73,73,54,38,38,77,55,37,37,37,76,76,76,75,80,34,80,74,68,68,0],"gold":280,"neow_bonus":"BOSS_RELIC","is_prod":false,"is_daily":false,"chose_seed":false,"campfire_upgraded":0,"win_rate":0.0,"timestamp":1530839996,"path_taken":["M","?","?","M","M","E","?","R","T","R","?","M","$","E","R","BOSS","M","M","M","?","?","R","E","?","T","?","R","M","?","M","R","BOSS","M","?","?","BOSS"],"build_version":"2018-06-28","purchased_purges":0,"victory":false,"max_hp_per_floor":[80,80,80,80,80,80,80,80,80,80,80,80,80,80,80,80,80,80,80,80,80,80,80,80,80,80,80,80,80,80,80,80,80,80,80,80,80,80],"card_choices":[{"not_picked":["Hemokinesis","Infernal Blade"],"picked":"Carnage","floor":1},{"not_picked":["Flex","Warcry"],"picked":"Body Slam","floor":3},{"not_picked":["Headbutt","Flex"],"picked":"Iron Wave","floor":4},{"not_picked":["Feel No Pain","Body Slam"],"picked":"Shrug It Off","floor":5},{"not_picked":["Rage","Perfected Strike"],"picked":"Juggernaut","floor":6},{"not_picked":["Clash","Flex"],"picked":"Shrug It Off","floor":8},{"not_picked":["Entrench","Searing Blow"],"picked":"Cleave","floor":10},{"not_picked":["Body Slam","Rupture"],"picked":"Rampage","floor":11},{"not_picked":["Warcry","True Grit"],"picked":"Headbutt","floor":12},{"not_picked":["True Grit","Second Wind"],"picked":"Disarm","floor":14},{"not_picked":["Entrench","Body Slam"],"picked":"Impervious","floor":15},{"not_picked":["Brutality+1","Bludgeon"],"picked":"Demon Form+1","floor":16},{"not_picked":["Combust+1","Body Slam"],"picked":"Sword Boomerang","floor":18},{"not_picked":["Pommel Strike","Sword Boomerang+1"],"picked":"Anger+1","floor":19},{"not_picked":["Clothesline+1","Clash+1"],"picked":"Demon Form+1","floor":20},{"not_picked":["True Grit","Battle Trance"],"picked":"Fire Breathing+1","floor":23},{"not_picked":["Feel No Pain+1","Flex"],"picked":"Shrug It Off","floor":24},{"not_picked":["Sword Boomerang","Bloodletting"],"picked":"Twin Strike","floor":25},{"not_picked":["Double Tap","Anger"],"picked":"Cleave+1","floor":28},{"not_picked":["Iron Wave","Clash"],"picked":"Disarm","floor":29},{"not_picked":["Second Wind","Twin Strike"],"picked":"Flex","floor":31},{"not_picked":["Perfected Strike+1","Iron Wave"],"picked":"Battle Trance","floor":32},{"not_picked":["Berserk+1","Dark Embrace+1"],"picked":"Feed","floor":33},{"not_picked":["Clothesline","Dropkick","Iron Wave"],"picked":"SKIP","floor":35},{"not_picked":["Clash+1","Flex"],"picked":"Twin Strike","floor":36}],"player_experience":18001,"relics_obtained":[{"floor":6,"key":"Pen Nib"},{"floor":7,"key":"Dream Catcher"},{"floor":9,"key":"Whetstone"},{"floor":11,"key":"Odd Mushroom"},{"floor":14,"key":"Regal Pillow"},{"floor":21,"key":"Enchiridion"},{"floor":24,"key":"Bottled Tornado"},{"floor":26,"key":"Ornamental Fan"},{"floor":36,"key":"Red Skull"}],"event_choices":[{"event_name":"Golden Wing","player_choice":"Gained Gold","floor":2,"damage_taken":0},{"event_name":"Mushrooms","player_choice":"Fought Mushrooms","floor":11,"damage_taken":0},{"event_name":"Cursed Tome","player_choice":"Obtained Book","floor":21,"damage_taken":0},{"event_name":"The Library","player_choice":"Read","floor":22,"damage_taken":0},{"event_name":"Drug Dealer","player_choice":"Got JAXXED","floor":27,"damage_taken":0},{"event_name":"MindBloom","player_choice":"Fight","floor":36,"damage_taken":0},{"event_name":"SecretPortal","player_choice":"Took Portal.","floor":37,"damage_taken":0}],"boss_relics":[{"not_picked":["Philosopher\u0027s Stone","Lizard Tail"],"picked":"Velvet Choker"},{"not_picked":["Tiny House","Empty Cage"],"picked":"Black Star"}],"items_purged_floors":[],"is_endless":false,"potions_floor_spawned":[1,4,6,14,18,19,31,35,36],"killed_by":"Donu and Deca","ascension_level":0}