{"gold_per_floor":[217,231,152,227,241,271,271,271,327,327,327,327,346,18,18,114,114,128,128,128,138,158,192,203,217,241,276,286,300,330,330,330,432,482,501,501,501,517,19,19,119,147,147,0,51,61,61,61,61,61],"floor_reached":51,"playtime":2695,"items_purged":["Bash"],"score":808,"play_id":"2fb58a2c-976a-4bd2-bd1a-41da3bf78c80","local_time":"20180730141724","is_ascension_mode":false,"campfire_choices":[{"data":"Uppercut","floor":8,"key":"SMITH"},{"data":"Spot Weakness","floor":10,"key":"SMITH"},{"data":"Inflame","floor":15,"key":"SMITH"},{"floor":32,"key":"REST"},{"floor":40,"key":"REST"},{"floor":49,"key":"REST"}],"neow_cost":"NONE","seed_source_timestamp":330509345417904,"circlet_count":0,"master_deck":["Strike_R","Strike_R","Strike_R","Strike_R+1","Strike_R","Defend_R","Defend_R","Defend_R","Defend_R","Spot Weakness+1","Heavy Blade","Uppercut+1","Reckless Charge","Sword Boomerang+1","Twin Strike","Inflame+1","Demon Form","Cleave+1","Whirlwind+1","Flame Barrier","Metallicize+1","Shrug It Off","Wild Strike+1","Twin Strike+1","Offering+1","Immolate+1","Iron Wave+1","Offering+1","Perfected Strike+1","Reaper+1","Battle Trance+1","Apotheosis+1"],"relics":["Burning Blood","Bag of Marbles","Mango","Tiny Chest","Shuriken","Molten Egg 2","Fusion Hammer","Frozen Egg 2","Turnip","Mummified Hand","Juzu Bracelet","Calipers","Toxic Egg 2","Tiny House","Smiling Mask","Singing Bowl","Ornamental Fan","Medical Kit","Ginger","Self Forming Clay","Red Mask","Sundial"],"potions_floor_usage":[50,50,50],"damage_taken":[{"damage":0,"enemies":"Small Slimes","floor":1,"turns":3},{"damage":7,"enemies":"2 Louse","floor":2,"turns":3},{"damage":6,"enemies":"Jaw Worm","floor":5,"turns":4},{"damage":24,"enemies":"Gremlin Nob","floor":6,"turns":4},{"damage":5,"enemies":"Large Slime","floor":13,"turns":4},{"damage":32,"enemies":"Hexaghost","floor":16,"turns":5},{"damage":10,"enemies":"Spheric Guardian","floor":18,"turns":3},{"damage":23,"enemies":"3 Byrds","floor":21,"turns":5},{"damage":0,"enemies":"Cultist and Chosen","floor":22,"turns":3},{"damage":7,"enemies":"Slavers","floor":23,"turns":2},{"damage":33,"enemies":"Slaver and Parasite","floor":24,"turns":4},{"damage":9,"enemies":"Snecko","floor":25,"turns":4},{"damage":4,"enemies":"Gremlin Leader","floor":27,"turns":4},{"damage":0,"enemies":"Chosen and Byrds","floor":28,"turns":3},{"damage":3,"enemies":"Centurion and Healer","floor":29,"turns":3},{"damage":27,"enemies":"Slavers","floor":30,"turns":3},{"damage":10,"enemies":"Collector","floor":33,"turns":4},{"damage":5,"enemies":"3 Shapes","floor":35,"turns":3},{"damage":10,"enemies":"Orb Walker","floor":38,"turns":2},{"damage":66,"enemies":"Nemesis","floor":42,"turns":6},{"damage":12,"floor":45,"turns":3},{"damage":5,"enemies":"Transient","floor":46,"turns":5},{"damage":50,"enemies":"Awakened One","floor":50,"turns":6}],"seed_played":"4828749798680910236","potions_obtained":[{"floor":6,"key":"EssenceOfSteel"},{"floor":13,"key":"Dexterity Potion"},{"floor":21,"key":"GamblersBrew"},{"floor":24,"key":"PowerPotion"}],"is_trial":false,"path_per_floor":["M","M","$","?","M","E","?","R","T","R","?","T","M","$","R","B",null,"M","T","?","M","M","E","M","M","T","E","M","M","E","?","R","B",null,"M","T","T","M","$","R","?","E","T","?","?","M","?","?","R","B"],"character_chosen":"IRONCLAD","items_purchased":["Uppercut","Molten Egg 2","Inflame","Ornamental Fan","Medical Kit"],"campfire_rested":3,"item_purchase_floors":[3,14,14,39,39],"current_hp_per_floor":[80,79,79,68,68,50,52,52,52,52,52,52,53,53,53,27,94,90,90,90,73,79,78,51,48,48,50,56,59,38,38,66,62,99,99,99,99,95,95,99,99,39,39,39,35,49,49,88,88,44],"gold":61,"neow_bonus":"HUNDRED_GOLD","is_prod":false,"is_daily":false,"chose_seed":false,"campfire_upgraded":3,"win_rate":0,"timestamp":1532974644,"path_taken":["M","M","$","?","M","E","?","R","T","R","?","?","M","$","R","BOSS","M","?","?","?","M","E","M","?","T","E","M","M","E","?","R","BOSS","M","?","?","M","$","R","?","E","T","?","?","M","?","?","R","BOSS"],"build_version":"2018-07-26","purchased_purges":1,"victory":true,"max_hp_per_floor":[80,80,80,80,80,80,94,94,94,94,94,94,94,94,94,94,94,94,94,94,94,94,94,94,94,94,94,94,94,94,94,94,94,99,99,99,99,99,99,99,99,99,99,99,101,101,101,88,88,88],"card_choices":[{"not_picked":["Sword Boomerang","Battle Trance"],"picked":"Spot Weakness","floor":1},{"not_picked":["Perfected Strike","Thunderclap"],"picked":"Heavy Blade","floor":2},{"not_picked":["Flex","Armaments"],"picked":"Reckless Charge","floor":5},{"not_picked":["Perfected Strike","Blood for Blood"],"picked":"Sword Boomerang","floor":6},{"not_picked":["Shockwave","Disarm"],"picked":"Twin Strike","floor":13},{"not_picked":["Brutality","Dark Embrace"],"picked":"Demon Form","floor":16},{"not_picked":["Metallicize","Dual Wield"],"picked":"Cleave+1","floor":18},{"not_picked":["Flame Barrier","Iron Wave+1"],"picked":"Whirlwind+1","floor":21},{"not_picked":["Clothesline+1","Inflame+1"],"picked":"Flame Barrier","floor":22},{"not_picked":["Body Slam+1","Headbutt+1"],"picked":"Metallicize+1","floor":23},{"not_picked":["Clash+1","Headbutt+1","Bloodletting+1"],"picked":"SKIP","floor":24},{"not_picked":["Cleave+1","Thunderclap+1","Anger+1"],"picked":"SKIP","floor":25},{"not_picked":["Thunderclap+1","Bloodletting"],"picked":"Shrug It Off","floor":27},{"not_picked":["Berserk+1","Fire Breathing+1"],"picked":"Wild Strike+1","floor":28},{"not_picked":["Warcry","Carnage+1"],"picked":"Twin Strike+1","floor":29},{"not_picked":["Clash+1","Twin Strike+1"],"picked":"Offering","floor":30},{"not_picked":["Fiend Fire+1","Demon Form+1"],"picked":"Immolate+1","floor":33},{"not_picked":["Pommel Strike+1","Dual Wield+1"],"picked":"Iron Wave+1","floor":34},{"not_picked":["Flex+1","Body Slam+1"],"picked":"Offering+1","floor":35},{"not_picked":["Combust+1","Entrench+1"],"picked":"Perfected Strike+1","floor":38},{"not_picked":["Pummel+1","Sever Soul+1"],"picked":"Reaper+1","floor":42},{"not_picked":["Cleave+1","Whirlwind+1","Reckless Charge+1"],"picked":"Singing Bowl","floor":45},{"not_picked":["Body Slam+1","Headbutt+1"],"picked":"Battle Trance+1","floor":46},{"not_picked":["Secret Technique+1","Impatience+1"],"picked":"Apotheosis+1","floor":47}],"player_experience":795465,"relics_obtained":[{"floor":6,"key":"Bag of Marbles"},{"floor":9,"key":"Tiny Chest"},{"floor":12,"key":"Shuriken"},{"floor":19,"key":"Frozen Egg 2"},{"floor":23,"key":"Mummified Hand"},{"floor":26,"key":"Juzu Bracelet"},{"floor":27,"key":"Calipers"},{"floor":30,"key":"Toxic Egg 2"},{"floor":36,"key":"Smiling Mask"},{"floor":37,"key":"Singing Bowl"},{"floor":42,"key":"Ginger"},{"floor":43,"key":"Self Forming Clay"},{"floor":45,"key":"Sundial"}],"event_choices":[{"event_name":"World of Goop","player_choice":"Gather Gold","floor":4,"damage_taken":0},{"event_name":"Scrap Ooze","player_choice":"success","floor":7,"damage_taken":12},{"event_name":"Upgrade Shrine","player_choice":"Upgraded","floor":11,"damage_taken":0},{"event_name":"WeMeetAgain","player_choice":"Potion","floor":20,"damage_taken":0},{"event_name":"Ghosts","player_choice":"Ignored","floor":31,"damage_taken":0},{"event_name":"Golden Shrine","player_choice":"Pray","floor":41,"damage_taken":0},{"event_name":"Tomb of Lord Red Mask","player_choice":"Paid","floor":44,"damage_taken":0},{"event_name":"Mysterious Sphere","player_choice":"Fight","floor":45,"damage_taken":0},{"event_name":"SensoryStone","player_choice":"Memory 1","floor":47,"damage_taken":0},{"event_name":"The Moai Head","player_choice":"Heal","floor":48,"damage_taken":0}],"is_beta":true,"boss_relics":[{"not_picked":["Lizard Tail","Orrery"],"picked":"Fusion Hammer"},{"not_picked":["Calling Bell","Runic Dome"],"picked":"Tiny House"}],"items_purged_floors":[39],"is_endless":false,"potions_floor_spawned":[6,13,21,24,25,29,38,46],"ascension_level":0}