{"gold_per_floor":[118,66,66,82,98,131,156,156,156,187,187,201,235,92,92,193,193,204,204,221,27,27,27,45,45,45,64,82,111,111,143,143,243,243,262,262,262,13,13,47,47,77,77,97,1,1],"floor_reached":46,"playtime":1684,"items_purged":["Strike_B","Strike_B"],"score":911,"play_id":"5a87778c-7e59-4856-ac74-46f1ae3f9a07","local_time":"20190909095806","is_ascension_mode":true,"campfire_choices":[{"data":"Zap","floor":8,"key":"SMITH"},{"floor":11,"key":"REST"},{"data":"Beam Cell","floor":15,"key":"SMITH"},{"data":"Conserve Battery","floor":23,"key":"SMITH"},{"floor":25,"key":"REST"},{"floor":30,"key":"REST"},{"floor":32,"key":"REST"},{"data":"Leap","floor":41,"key":"SMITH"}],"neow_cost":"NONE","seed_source_timestamp":645528195625667,"circlet_count":0,"master_deck":["AscendersBane","Strike_B","Strike_B","Defend_B","Defend_B","Defend_B","Defend_B","Zap+1","Dualcast","Leap+1","Ball Lightning+1","Cold Snap","Sweeping Beam+1","Biased Cognition+1","Go for the Eyes","Streamline","Beam Cell+1","Sweeping Beam","Static Discharge+1","Thunder Strike","Conserve Battery+1","Decay","Lockon+1","Steam","BootSequence","Steam+1"],"relics":["Cracked Core","Frozen Egg 2","Odd Mushroom","Symbiotic Virus","Orichalcum","Regal Pillow","Busted Crown","Sundial","Runic Capacitor","Letter Opener","Ancient Tea Set","Mercury Hourglass","Eternal Feather","Whetstone","Darkstone Periapt","Shuriken","Pear"],"potions_floor_usage":[0,5,6,13,16,27,29,29,42,42,45],"damage_taken":[{"damage":10,"enemies":"Small Slimes","floor":1,"turns":4},{"damage":0,"enemies":"2 Louse","floor":4,"turns":3},{"damage":7,"enemies":"Jaw Worm","floor":5,"turns":3},{"damage":18,"enemies":"Gremlin Nob","floor":6,"turns":5},{"damage":10,"enemies":"The Mushroom Lair","floor":7,"turns":3},{"damage":11,"enemies":"Lagavulin","floor":10,"turns":4},{"damage":5,"enemies":"Red Slaver","floor":12,"turns":3},{"damage":0,"enemies":"Gremlin Nob","floor":13,"turns":4},{"damage":0,"enemies":"Slime Boss","floor":16,"turns":4},{"damage":26,"enemies":"2 Thieves","floor":18,"turns":3},{"damage":0,"enemies":"Chosen","floor":20,"turns":4},{"damage":20,"enemies":"Centurion and Healer","floor":24,"turns":6},{"damage":19,"enemies":"Snake Plant","floor":27,"turns":2},{"damage":7,"enemies":"Cultist and Chosen","floor":28,"turns":4},{"damage":19,"enemies":"Gremlin Leader","floor":29,"turns":5},{"damage":21,"enemies":"Book of Stabbing","floor":31,"turns":3},{"damage":34,"enemies":"Champ","floor":33,"turns":9},{"damage":28,"enemies":"Orb Walker","floor":35,"turns":4},{"damage":33,"enemies":"Nemesis","floor":40,"turns":5},{"damage":27,"enemies":"Giant Head","floor":42,"turns":7},{"damage":22,"enemies":"3 Darklings","floor":44,"turns":6},{"damage":19,"enemies":"Reptomancer","floor":46,"turns":3}],"seed_played":"4744558951290243660","potions_obtained":[{"floor":0,"key":"PowerPotion"},{"floor":0,"key":"Fruit Juice"},{"floor":0,"key":"Poison Potion"},{"floor":1,"key":"Weak Potion"},{"floor":6,"key":"EssenceOfSteel"},{"floor":12,"key":"Block Potion"},{"floor":20,"key":"Swift Potion"},{"floor":27,"key":"Swift Potion"},{"floor":35,"key":"Strength Potion"},{"floor":40,"key":"EssenceOfSteel"}],"is_trial":false,"path_per_floor":["M","$","?","M","M","E","?","R","T","E","R","M","E","$","R","B",null,"M","T","M","$","?","R","M","R","T","M","M","E","R","E","R","B",null,"M","?","?","$","?","E","R","E","T","M","$","E"],"character_chosen":"DEFECT","items_purchased":["Ball Lightning","Static Discharge+1","Runic Capacitor","Whetstone","Fruit Juice"],"campfire_rested":4,"item_purchase_floors":[2,14,21,38,45],"current_hp_per_floor":[63,63,63,63,56,38,28,28,28,17,41,36,36,36,36,36,69,43,43,43,43,43,43,23,62,62,43,36,17,56,35,74,40,70,42,37,37,37,70,37,52,25,35,13,18,0],"gold":1,"neow_bonus":"THREE_SMALL_POTIONS","is_prod":false,"is_daily":false,"chose_seed":false,"campfire_upgraded":4,"win_rate":0,"timestamp":1567990686,"path_taken":["M","$","?","M","M","E","?","R","T","E","R","M","E","?","R","BOSS","M","?","?","$","?","R","M","R","T","M","M","E","R","E","R","BOSS","M","?","?","$","?","E","R","E","T","M","$","E"],"build_version":"2019-07-17","purchased_purges":2,"victory":false,"max_hp_per_floor":[80,80,80,80,80,80,80,80,80,80,80,80,80,80,80,80,80,80,80,80,80,80,80,80,80,80,80,80,80,80,80,80,80,80,80,80,80,80,70,70,70,70,80,80,85,85],"card_choices":[{"not_picked":["Go for the Eyes","Double Energy"],"picked":"Leap","floor":1},{"not_picked":["Leap","Self Repair"],"picked":"Cold Snap","floor":4},{"not_picked":["Coolheaded","Compile Driver"],"picked":"Sweeping Beam","floor":5},{"not_picked":["Compile Driver","Beam Cell"],"picked":"Biased Cognition","floor":6},{"not_picked":["Rip and Tear","BootSequence"],"picked":"Go for the Eyes","floor":7},{"not_picked":["Force Field","Hologram"],"picked":"Streamline","floor":10},{"not_picked":["Redo","Hologram"],"picked":"Beam Cell","floor":12},{"not_picked":["Turbo","Go for the Eyes"],"picked":"Sweeping Beam","floor":13},{"not_picked":["Meteor Strike","Fission"],"picked":"Thunder Strike","floor":16},{"not_picked":[],"picked":"Conserve Battery","floor":18},{"not_picked":["Turbo"],"picked":"SKIP","floor":20},{"not_picked":["Double Energy"],"picked":"SKIP","floor":24},{"not_picked":[],"picked":"Lockon+1","floor":27},{"not_picked":["Doom and Gloom"],"picked":"SKIP","floor":28},{"not_picked":["Conserve Battery"],"picked":"SKIP","floor":29},{"not_picked":[],"picked":"Steam","floor":31},{"not_picked":[],"picked":"BootSequence","floor":35},{"not_picked":[],"picked":"Steam+1","floor":40},{"not_picked":["Genetic Algorithm"],"picked":"SKIP","floor":42},{"not_picked":["Gash+1"],"picked":"SKIP","floor":44}],"player_experience":361896,"relics_obtained":[{"floor":6,"key":"Frozen Egg 2"},{"floor":7,"key":"Odd Mushroom"},{"floor":9,"key":"Symbiotic Virus"},{"floor":10,"key":"Orichalcum"},{"floor":13,"key":"Regal Pillow"},{"floor":19,"key":"Sundial"},{"floor":26,"key":"Letter Opener"},{"floor":29,"key":"Ancient Tea Set"},{"floor":31,"key":"Mercury Hourglass"},{"floor":40,"key":"Darkstone Periapt"},{"floor":42,"key":"Shuriken"},{"floor":43,"key":"Pear"}],"event_choices":[{"damage_healed":0,"gold_gain":0,"player_choice":"Ignored","damage_taken":0,"max_hp_gain":0,"max_hp_loss":0,"event_name":"Golden Idol","floor":3,"gold_loss":0},{"damage_healed":0,"gold_gain":0,"player_choice":"Fought Mushrooms","damage_taken":0,"max_hp_gain":0,"max_hp_loss":0,"event_name":"Mushrooms","floor":7,"gold_loss":0},{"damage_healed":0,"gold_gain":0,"player_choice":"Smashed Altar","damage_taken":0,"max_hp_gain":0,"max_hp_loss":0,"event_name":"Forgotten Altar","floor":22,"gold_loss":0,"cards_obtained":["Decay"]},{"damage_healed":0,"gold_gain":0,"player_choice":"Memory 2","damage_taken":5,"max_hp_gain":0,"max_hp_loss":0,"event_name":"SensoryStone","floor":36,"gold_loss":0},{"damage_healed":0,"gold_gain":0,"player_choice":"Ignored","damage_taken":0,"max_hp_gain":0,"max_hp_loss":0,"event_name":"Mysterious Sphere","floor":37,"gold_loss":0},{"damage_healed":70,"gold_gain":0,"player_choice":"Heal","damage_taken":0,"max_hp_gain":0,"max_hp_loss":10,"event_name":"The Moai Head","floor":39,"gold_loss":0}],"is_beta":false,"boss_relics":[{"not_picked":["Runic Dome","Ectoplasm"],"picked":"Busted Crown"},{"not_picked":["Philosopher\u0027s Stone","Runic Pyramid"],"picked":"Eternal Feather"}],"items_purged_floors":[14,38],"is_endless":false,"potions_floor_spawned":[1,6,12,20,27,35,40],"killed_by":"Reptomancer","ascension_level":10}