{"gold_per_floor":[115,132,18,34,109,141,141,172,196,209,224,237,237,264,264,365,365,384,58,58],"floor_reached":20,"playtime":1174,"items_purged":["Strike_P","Strike_P"],"score":243,"play_id":"e0765247-7360-4509-802f-e9c36b517de6","local_time":"20190912224521","is_ascension_mode":true,"campfire_choices":[{"floor":7.0,"key":"REST"},{"floor":13.0,"key":"REST"},{"floor":15,"key":"REST"}],"neow_cost":"NONE","seed_source_timestamp":8315477088329,"circlet_count":0,"master_deck":["Defend_P","Defend_P","Defend_P","Eruption","Vigilance","ThirdEye","EmptyFist","Adaptation","FearNoEvil","StepAndStrike","Vault","EmptyMind","Evaluate","InnerPeace","Nirvana","Wireheading+1","Swivel+1","Collect+1","FlurryOfBlows"],"special_seed":0,"relics":["PureWater","NeowsBlessing","Melange","Potion Belt","Akabeko","Bottled Lightning","Astrolabe","Vajra"],"potions_floor_usage":[16],"damage_taken":[{"damage":0.0,"enemies":"Cultist","floor":1.0,"turns":1.0},{"damage":0.0,"enemies":"Jaw Worm","floor":2.0,"turns":1.0},{"damage":0.0,"enemies":"2 Louse","floor":4.0,"turns":1.0},{"damage":32.0,"enemies":"Lagavulin","floor":6.0,"turns":7.0},{"damage":12.0,"enemies":"3 Sentries","floor":8.0,"turns":8.0},{"damage":15.0,"enemies":"Lots of Slimes","floor":10.0,"turns":4.0},{"damage":1.0,"enemies":"Red Slaver","floor":11.0,"turns":3.0},{"damage":8.0,"enemies":"Exordium Thugs","floor":12.0,"turns":2.0},{"damage":1,"enemies":"Lagavulin","floor":14,"turns":7},{"damage":60,"enemies":"The Guardian","floor":16,"turns":13},{"damage":10,"enemies":"2 Thieves","floor":18,"turns":4},{"damage":39,"enemies":"3 Byrds","floor":20,"turns":5}],"seed_played":"-3857314989465661031","potions_obtained":[{"floor":2.0,"key":"FairyPotion"},{"floor":6.0,"key":"DuplicationPotion"},{"floor":10.0,"key":"Swift Potion"},{"floor":11.0,"key":"SteroidPotion"},{"floor":14,"key":"Weak Potion"}],"is_trial":false,"path_per_floor":["M","M","$","M","?","E","R","E","T","M","M","M","R","E","R","B",null,"M","$","M"],"character_chosen":"WATCHER","items_purchased":["Adaptation","FlurryOfBlows","Vajra"],"campfire_rested":3,"item_purchase_floors":[3,19,19],"current_hp_per_floor":[65,65,65,65,54,22,41,29,29,14,13,5,24,23,42,1,49,39,39,0],"gold":58,"neow_bonus":"THREE_ENEMY_KILL","is_prod":false,"is_daily":false,"chose_seed":false,"campfire_upgraded":0,"win_rate":0,"timestamp":1568295921,"path_taken":["M","M","?","M","?","E","R","E","T","M","M","M","R","E","R","BOSS","M","$","M"],"build_version":"2019-09-11v2","purchased_purges":2,"victory":false,"max_hp_per_floor":[65,65,65,65,65,65,65,65,65,65,65,65,65,65,65,65,65,65,65,65],"card_choices":[{"not_picked":["EmptyMind","ClearTheMind"],"picked":"ThirdEye","floor":1.0},{"not_picked":["FollowUp","ClearTheMind"],"picked":"EmptyFist","floor":2.0},{"not_picked":["Prostrate","Collect"],"picked":"FearNoEvil","floor":4.0},{"not_picked":["Consecrate","ThirdEye"],"picked":"StepAndStrike","floor":6.0},{"not_picked":["EmptyBody","WindmillStrike"],"picked":"Vault","floor":8.0},{"not_picked":["Crescendo","FollowUp"],"picked":"EmptyMind","floor":10.0},{"not_picked":["Scrawl","ClearTheMind"],"picked":"Evaluate","floor":11.0},{"not_picked":["Halt","Clarity"],"picked":"InnerPeace","floor":12.0},{"not_picked":["ThirdEye","JustLucky","CleanseEvil"],"picked":"SKIP","floor":14},{"not_picked":["Blasphemy","Brilliance"],"picked":"Nirvana","floor":16},{"not_picked":["Sanctity","CarveReality+1","ClearTheMind"],"picked":"SKIP","floor":18}],"player_experience":611946,"relics_obtained":[{"floor":6.0,"key":"Melange"},{"floor":8.0,"key":"Potion Belt"},{"floor":9.0,"key":"Akabeko"},{"floor":14,"key":"Bottled Lightning"}],"event_choices":[{"damage_healed":0.0,"max_hp_gain":0.0,"max_hp_loss":0.0,"gold_gain":75.0,"event_name":"World of Goop","player_choice":"Gather Gold","floor":5.0,"gold_loss":0.0,"damage_taken":11.0}],"is_beta":true,"boss_relics":[{"not_picked":["Snecko Eye","Calling Bell"],"picked":"Astrolabe"}],"items_purged_floors":[3,19],"is_endless":false,"potions_floor_spawned":[2,6,10,11,14],"killed_by":"3 Byrds","ascension_level":5}