{"gold_per_floor":[117,128,138,156,174,202,222,222,222,222,255,265,276,276,276,276],"floor_reached":16,"playtime":1046,"items_purged":[],"score":257,"play_id":"ae8c72c8-a3ff-468e-8bb3-b75f8983ccd9","local_time":"20190928012124","is_ascension_mode":true,"campfire_choices":[{"floor":8.0,"key":"REST"},{"data":"Electrodynamics","floor":10.0,"key":"SMITH"},{"floor":15.0,"key":"REST"}],"neow_cost":"NONE","seed_source_timestamp":1653481020193210,"circlet_count":0,"master_deck":["AscendersBane","Strike_B","Strike_B","Strike_B","Strike_B","Defend_B","Defend_B","Defend_B","Defend_B","Zap","Dualcast","Gash","Rebound","Electrodynamics+1","Auto Shields","Gash","Go for the Eyes","Coolheaded","Hologram"],"special_seed":0,"relics":["Cracked Core","Mango","Letter Opener","Vajra","Centennial Puzzle"],"potions_floor_usage":[],"damage_taken":[{"damage":1.0,"enemies":"Cultist","floor":1.0,"turns":3.0},{"damage":2.0,"enemies":"Jaw Worm","floor":2.0,"turns":3.0},{"damage":3.0,"enemies":"2 Louse","floor":3.0,"turns":2.0},{"damage":10.0,"enemies":"Gremlin Gang","floor":4.0,"turns":6.0},{"damage":35.0,"enemies":"Exordium Wildlife","floor":5.0,"turns":4.0},{"damage":10.0,"enemies":"3 Sentries","floor":6.0,"turns":3.0},{"damage":8.0,"enemies":"Blue Slaver","floor":7.0,"turns":3.0},{"damage":30.0,"enemies":"Lagavulin","floor":11.0,"turns":6.0},{"damage":6.0,"enemies":"Lots of Slimes","floor":12.0,"turns":2.0},{"damage":0.0,"enemies":"Large Slime","floor":13.0,"turns":4.0},{"damage":37,"enemies":"The Guardian","floor":16,"turns":5}],"seed_played":"7783080300839487889","potions_obtained":[{"floor":5.0,"key":"LiquidBronze"},{"floor":6.0,"key":"Ancient Potion"},{"floor":11.0,"key":"Swift Potion"},{"floor":13.0,"key":"Poison Potion"}],"is_trial":false,"path_per_floor":["M","M","M","M","M","E","M","R","T","R","E","M","M","?","R","B"],"character_chosen":"DEFECT","items_purchased":[],"campfire_rested":2,"item_purchase_floors":[],"current_hp_per_floor":[70,68,65,55,20,24,16,43,43,43,13,7,7,7,34,0],"gold":276,"neow_bonus":"TEN_PERCENT_HP_BONUS","is_prod":false,"is_daily":false,"chose_seed":false,"campfire_upgraded":1,"win_rate":0,"timestamp":1569648084,"path_taken":["M","M","M","M","M","E","M","R","T","R","E","M","M","?","R","BOSS"],"build_version":"2019-07-17","purchased_purges":0,"victory":false,"max_hp_per_floor":[78,78,78,78,78,92,92,92,92,92,92,92,92,92,92,92],"card_choices":[{"not_picked":["Beam Cell","Scrape"],"picked":"Gash","floor":1.0},{"not_picked":["Go for the Eyes","Defragment"],"picked":"Rebound","floor":2.0},{"not_picked":["Rebound","Stack","Rip and Tear"],"picked":"SKIP","floor":3.0},{"not_picked":["Sweeping Beam","Rebound"],"picked":"Electrodynamics","floor":4.0},{"not_picked":["Hello World","Consume","Barrage"],"picked":"SKIP","floor":5.0},{"not_picked":["Leap","Aggregate"],"picked":"Auto Shields","floor":6.0},{"not_picked":["Go for the Eyes","Blizzard"],"picked":"Gash","floor":7.0},{"not_picked":["Ball Lightning","Compile Driver"],"picked":"Go for the Eyes","floor":11.0},{"not_picked":["Lockon","Hyperbeam"],"picked":"Coolheaded","floor":12.0},{"not_picked":["Cold Snap","Coolheaded"],"picked":"Hologram","floor":13.0}],"player_experience":503750,"relics_obtained":[{"floor":6.0,"key":"Mango"},{"floor":9.0,"key":"Letter Opener"},{"floor":11.0,"key":"Vajra"}],"event_choices":[{"damage_healed":0.0,"max_hp_gain":0.0,"max_hp_loss":0.0,"gold_gain":0.0,"event_name":"WeMeetAgain","player_choice":"Gave Potion","floor":14.0,"gold_loss":0.0,"damage_taken":0.0,"relics_obtained":["Centennial Puzzle"]}],"is_beta":false,"boss_relics":[],"items_purged_floors":[],"is_endless":false,"potions_floor_spawned":[5,6,11,13],"killed_by":"The Guardian","ascension_level":20}