{"gold_per_floor":[111,111,124,139,5,33,33,63,63,96,113,126,126,126,126,228,228,228,228,228,240,18,44,58,75,154,165,165,191,191,208,208,307,307,322,11,22,36,49,49,49,60,83,83,183,198,214,214,214,214],"floor_reached":50,"playtime":1840,"items_purged":["Parasite"],"score":734,"play_id":"ebc8b1b6-986a-4e15-ba6a-b4eab44580d8","local_time":"20190907133048","is_ascension_mode":true,"campfire_choices":[{"data":"Dualcast","floor":7,"key":"SMITH"},{"data":"Redo","floor":13,"key":"SMITH"},{"data":"Hologram","floor":15,"key":"SMITH"},{"floor":28,"key":"REST"},{"data":"Electrodynamics","floor":30,"key":"SMITH"},{"floor":32,"key":"REST"},{"data":"FTL","floor":40,"key":"SMITH"},{"floor":44,"key":"REST"},{"data":"Seek","floor":49,"key":"SMITH"}],"neow_cost":"NONE","seed_source_timestamp":485321014617871,"circlet_count":0,"master_deck":["Strike_B+1","Strike_B+1","Defend_B+1","Defend_B+1","Defend_B+1","Defend_B+1","Zap+1","Dualcast+1","FTL+1","Sweeping Beam","Lockon+1","Doom and Gloom","Conserve Battery","Hologram+1","Redo+1","Electrodynamics+1","Undo","Undo+1","Conserve Battery+1","FTL+1","Rebound+1","Seek+1","Coolheaded+1","FTL+1","Glacier+1","Doubt","Streamline+1","Barrage+1","Fusion+1","Writhe"],"relics":["Cracked Core","Bottled Flame","Dream Catcher","Pantograph","Regal Pillow","Empty Cage","Ancient Tea Set","Ornamental Fan","Molten Egg 2","Cursed Key","Letter Opener","Boot","Peace Pipe"],"potions_floor_usage":[8,10,12,18,23,33,46,47,50],"damage_taken":[{"damage":8,"enemies":"Small Slimes","floor":1,"turns":4},{"damage":1,"enemies":"Cultist","floor":3,"turns":3},{"damage":4,"enemies":"2 Louse","floor":4,"turns":2},{"damage":18,"enemies":"3 Sentries","floor":6,"turns":4},{"damage":18,"enemies":"Gremlin Nob","floor":8,"turns":3},{"damage":10,"enemies":"Lagavulin","floor":10,"turns":5},{"damage":1,"enemies":"Looter","floor":11,"turns":2},{"damage":3,"enemies":"Blue Slaver","floor":12,"turns":4},{"damage":31,"enemies":"Hexaghost","floor":16,"turns":8},{"damage":0,"enemies":"2 Thieves","floor":18,"turns":1},{"damage":11,"enemies":"Spheric Guardian","floor":21,"turns":4},{"damage":46,"enemies":"Slavers","floor":23,"turns":3},{"damage":1,"enemies":"Centurion and Healer","floor":24,"turns":5},{"damage":0,"enemies":"3 Cultists","floor":25,"turns":4},{"damage":4,"enemies":"Sentry and Sphere","floor":27,"turns":4},{"damage":10,"enemies":"Gremlin Leader","floor":29,"turns":5},{"damage":0,"enemies":"Snecko","floor":31,"turns":5},{"damage":58,"enemies":"Collector","floor":33,"turns":14},{"damage":0,"enemies":"Orb Walker","floor":35,"turns":3},{"damage":0,"enemies":"3 Shapes","floor":37,"turns":2},{"damage":17,"enemies":"Maw","floor":38,"turns":6},{"damage":17,"enemies":"Writhing Mass","floor":39,"turns":5},{"damage":0,"enemies":"Sphere and 2 Shapes","floor":42,"turns":2},{"damage":6,"enemies":"Mind Bloom Boss Battle","floor":45,"turns":6},{"damage":14,"enemies":"Transient","floor":46,"turns":5},{"damage":14,"enemies":"Maw","floor":47,"turns":9},{"damage":125,"enemies":"Donu and Deca","floor":50,"turns":8}],"seed_played":"-1981883088185309398","potions_obtained":[{"floor":1,"key":"SpeedPotion"},{"floor":4,"key":"Strength Potion"},{"floor":6,"key":"Regen Potion"},{"floor":10,"key":"SmokeBomb"},{"floor":16,"key":"Poison Potion"},{"floor":23,"key":"FairyPotion"},{"floor":24,"key":"Weak Potion"},{"floor":37,"key":"Poison Potion"},{"floor":45,"key":"SteroidPotion"},{"floor":46,"key":"Block Potion"}],"is_trial":false,"path_per_floor":["M","?","M","M","$","E","R","E","T","E","M","M","R","?","R","B",null,"M","?","?","M","$","E","M","M","T","M","R","E","R","M","R","B",null,"M","$","M","M","M","R","$","M","T","R","?","M","M","?","R","B"],"character_chosen":"DEFECT","items_purchased":["Doom and Gloom","Conserve Battery","Ancient Tea Set","Letter Opener","Strength Potion"],"campfire_rested":3,"item_purchase_floors":[5,5,22,36,36],"current_hp_per_floor":[67,67,66,62,62,44,44,26,26,16,15,24,24,44,44,38,71,71,71,71,60,60,14,13,13,13,9,47,37,37,37,75,21,65,65,65,65,48,31,31,31,31,31,69,73,59,45,65,65,0],"gold":214,"neow_bonus":"TEN_PERCENT_HP_BONUS","is_prod":false,"is_daily":false,"chose_seed":false,"campfire_upgraded":6,"win_rate":0,"timestamp":1567830648,"path_taken":["M","?","M","M","$","E","R","E","T","E","M","M","R","?","R","BOSS","M","?","?","M","$","E","?","M","T","M","R","E","R","M","R","BOSS","M","$","M","M","?","R","$","M","T","R","?","M","M","?","R","BOSS"],"build_version":"2019-07-17","purchased_purges":1,"victory":false,"max_hp_per_floor":[82,82,82,82,82,82,82,82,82,82,82,82,82,82,82,82,82,82,82,82,82,79,79,79,79,79,79,79,79,79,79,79,79,79,79,79,79,79,79,79,79,79,79,79,79,79,79,79,79,79],"card_choices":[{"not_picked":["Blizzard","Consume"],"picked":"FTL","floor":1},{"not_picked":["Barrage","Compile Driver"],"picked":"Sweeping Beam","floor":3},{"not_picked":["Hologram","Stack"],"picked":"Lockon","floor":4},{"not_picked":["Rebound","Redo","Sweeping Beam"],"picked":"SKIP","floor":6},{"not_picked":["Conserve Battery","Force Field","Tempest"],"picked":"SKIP","floor":8},{"not_picked":["Melter","Turbo"],"picked":"Hologram","floor":10},{"not_picked":["Hologram","Rebound","Hyperbeam"],"picked":"SKIP","floor":11},{"not_picked":["Ball Lightning","Gash"],"picked":"Redo","floor":12},{"not_picked":["Hyperbeam","All For One"],"picked":"Electrodynamics","floor":16},{"not_picked":["Genetic Algorithm","Sweeping Beam+1"],"picked":"Undo","floor":21},{"not_picked":["Scrape","Stack+1"],"picked":"Undo+1","floor":23},{"not_picked":["Coolheaded+1","Redo"],"picked":"Conserve Battery+1","floor":24},{"not_picked":["Sweeping Beam","Scrape","Static Discharge"],"picked":"SKIP","floor":25},{"not_picked":["Consume","Hologram","Compile Driver+1"],"picked":"SKIP","floor":27},{"not_picked":["Coolheaded","Hologram+1"],"picked":"FTL+1","floor":29},{"not_picked":["Chaos","Cold Snap+1"],"picked":"Rebound+1","floor":31},{"not_picked":["Hyperbeam+1","Meteor Strike+1"],"picked":"Seek","floor":33},{"not_picked":["Redo+1","Rebound+1"],"picked":"Coolheaded+1","floor":35},{"not_picked":["Reprogram","Double Energy+1","Leap"],"picked":"SKIP","floor":37},{"not_picked":["Force Field","Auto Shields+1"],"picked":"FTL+1","floor":38},{"not_picked":["Chaos+1","Compile Driver+1"],"picked":"Glacier+1","floor":39},{"not_picked":["Rebound+1","Turbo+1","Coolheaded"],"picked":"SKIP","floor":42},{"not_picked":["Beam Cell+1","Double Energy+1"],"picked":"Streamline+1","floor":44},{"not_picked":["Leap+1","Sweeping Beam+1"],"picked":"Barrage+1","floor":45},{"not_picked":["Beam Cell+1","Coolheaded+1"],"picked":"Fusion+1","floor":46},{"not_picked":["Darkness","Redo","Compile Driver+1"],"picked":"SKIP","floor":47}],"player_experience":356204,"relics_obtained":[{"floor":6,"key":"Bottled Flame"},{"floor":8,"key":"Dream Catcher"},{"floor":9,"key":"Pantograph"},{"floor":10,"key":"Regal Pillow"},{"floor":23,"key":"Ornamental Fan"},{"floor":26,"key":"Molten Egg 2"},{"floor":43,"key":"Boot"},{"floor":45,"key":"Peace Pipe"}],"event_choices":[{"damage_healed":0,"gold_gain":0,"player_choice":"Grow","damage_taken":0,"max_hp_gain":0,"max_hp_loss":0,"event_name":"Living Wall","floor":2,"gold_loss":0,"cards_upgraded":["Zap"]},{"damage_healed":20,"gold_gain":0,"player_choice":"Healed and dodged fight","damage_taken":0,"max_hp_gain":0,"max_hp_loss":0,"event_name":"Mushrooms","floor":14,"gold_loss":0,"cards_obtained":["Parasite"]},{"damage_healed":0,"gold_gain":0,"player_choice":"Simplicity","damage_taken":0,"max_hp_gain":0,"max_hp_loss":0,"event_name":"Back to Basics","floor":19,"gold_loss":0,"cards_upgraded":["Strike_B","Strike_B","Defend_B","Defend_B","Defend_B","Defend_B"]},{"damage_healed":0,"gold_gain":0,"player_choice":"Forge","damage_taken":0,"max_hp_gain":0,"max_hp_loss":0,"event_name":"Accursed Blacksmith","floor":20,"gold_loss":0,"cards_upgraded":["Lockon"]},{"damage_healed":0,"gold_gain":0,"player_choice":"Fight","damage_taken":0,"max_hp_gain":0,"max_hp_loss":0,"event_name":"MindBloom","floor":45,"gold_loss":0},{"damage_healed":20,"gold_gain":0,"player_choice":"Writhe","damage_taken":0,"max_hp_gain":0,"max_hp_loss":0,"event_name":"Winding Halls","floor":48,"gold_loss":0,"cards_obtained":["Writhe"]}],"is_beta":false,"boss_relics":[{"not_picked":["Lizard Tail","Eternal Feather"],"picked":"Empty Cage"},{"not_picked":["White Beast Statue","Runic Pyramid"],"picked":"Cursed Key"}],"items_purged_floors":[22],"is_endless":false,"potions_floor_spawned":[1,4,6,10,16,23,24,37,39,45,46],"killed_by":"Donu and Deca","ascension_level":9}