{"gold_per_floor":[111,111,129,149,149,149,177,24,77,77],"floor_reached":10,"playtime":330,"items_purged":["Strike_G"],"score":125,"play_id":"9cc352c1-1124-4311-a942-6a5cabc7c4eb","local_time":"20181030082948","is_ascension_mode":true,"campfire_choices":[{"data":"Glass Knife","floor":6,"key":"SMITH"}],"neow_cost":"NONE","seed_source_timestamp":1103869040657,"circlet_count":0,"master_deck":["Defend_G","Defend_G","Defend_G","Defend_G","Defend_G","Strike_G","Strike_G","Strike_G","Strike_G","Survivor","Neutralize","AscendersBane","Malaise","Deadly Poison","Infinite Blades","Glass Knife+1","Blur","Footwork"],"relics":["Ring of the Snake","Dream Catcher","Pen Nib"],"potions_floor_usage":[7],"damage_taken":[{"damage":10,"enemies":"Small Slimes","floor":1,"turns":6},{"damage":2,"enemies":"2 Louse","floor":3,"turns":4},{"damage":1,"enemies":"Cultist","floor":4,"turns":4},{"damage":49,"enemies":"Gremlin Nob","floor":7,"turns":5},{"damage":16,"enemies":"Lots of Slimes","floor":10,"turns":2}],"seed_played":"413897298129065903","potions_obtained":[{"floor":4,"key":"GamblersBrew"}],"is_trial":false,"path_per_floor":["M","?","M","M","?","R","E","$","T"],"character_chosen":"THE_SILENT","items_purchased":["Footwork"],"campfire_rested":0,"item_purchase_floors":[8],"current_hp_per_floor":[49,66,64,63,63,63,14,14,14,0],"gold":77,"neow_bonus":"ONE_RANDOM_RARE_CARD","is_prod":false,"is_daily":false,"chose_seed":false,"campfire_upgraded":1,"win_rate":0,"timestamp":1540913388,"path_taken":["M","?","?","M","?","R","E","$","T","?"],"build_version":"2018-10-29v2","purchased_purges":1,"victory":false,"max_hp_per_floor":[66,66,66,66,66,66,66,66,66,66],"card_choices":[{"not_picked":["Prepared","Crippling Poison"],"picked":"Deadly Poison","floor":1},{"not_picked":["Outmaneuver","Acrobatics"],"picked":"Infinite Blades","floor":3},{"not_picked":["Dodge and Roll","Bane"],"picked":"Glass Knife","floor":4},{"not_picked":["Underhanded Strike","Backflip"],"picked":"Blur","floor":7}],"player_experience":565309,"relics_obtained":[{"floor":7,"key":"Dream Catcher"},{"floor":9,"key":"Pen Nib"}],"event_choices":[{"damage_healed":22,"gold_gain":0,"player_choice":"Banana","damage_taken":0,"max_hp_gain":0,"max_hp_loss":0,"event_name":"Big Fish","floor":2,"gold_loss":0},{"damage_healed":0,"gold_gain":0,"player_choice":"Ignored","damage_taken":0,"max_hp_gain":0,"max_hp_loss":0,"event_name":"Golden Idol","floor":5,"gold_loss":0}],"is_beta":true,"boss_relics":[],"items_purged_floors":[8],"is_endless":false,"potions_floor_spawned":[4],"killed_by":"Lots of Slimes","ascension_level":18}