{"gold_per_floor":[115,135,149,160,260,260,291,113,113,113,12,44,57,70,70,172,172,183,218,218,20,35,68,68,100,155,205,216,230,265,279,279,381,381,391,391,351,365,383,383,383,383,458,558,571,587,587,615,615,615],"floor_reached":51,"playtime":1902,"items_purged":["Strike_B"],"score":1009,"play_id":"24f8196a-8da6-4a1c-a388-9e6f320cfa8e","local_time":"20190904180629","is_ascension_mode":true,"campfire_choices":[{"data":"Fusion","floor":6.0,"key":"SMITH"},{"floor":10.0,"key":"REST"},{"data":"Defragment","floor":15.0,"key":"SMITH"},{"floor":24,"key":"REST"},{"floor":32,"key":"REST"},{"data":"Defragment","floor":40,"key":"SMITH"},{"data":"Echo Form","floor":42,"key":"SMITH"},{"floor":47,"key":"REST"},{"data":"Blizzard","floor":49,"key":"SMITH"}],"neow_cost":"NONE","seed_source_timestamp":242535768371084,"circlet_count":0,"master_deck":["Defend_B","Defend_B","Defend_B","Defend_B","Zap","Dualcast","Fusion+1","Blizzard+1","Compile Driver","Melter","Gash","Defragment+1","Doom and Gloom","Sweeping Beam","Chill","Defragment+1","Cold Snap","Hologram","Echo Form+1","Cold Snap","Stack+1","Chaos+1","Lockon+1","Auto Shields+1","Fission+1","Streamline+1","Beam Cell+1","Glacier+1","Coolheaded+1"],"special_seed":0,"relics":["Cracked Core","NeowsBlessing","Pen Nib","Cables","Du-Vu Doll","Velvet Choker","Red Mask","Regal Pillow","Anchor","Ancient Tea Set","Lantern","Emotion Chip","Astrolabe","Singing Bowl","Gambling Chip","Mummified Hand"],"potions_floor_usage":[19,19,23,23,23,33,39,45,50,50],"damage_taken":[{"damage":0.0,"enemies":"2 Louse","floor":1.0,"turns":1.0},{"damage":0.0,"enemies":"Cultist","floor":2.0,"turns":1.0},{"damage":0.0,"enemies":"Jaw Worm","floor":3.0,"turns":1.0},{"damage":11.0,"enemies":"3 Louse","floor":4.0,"turns":3.0},{"damage":20.0,"enemies":"3 Sentries","floor":7.0,"turns":7.0},{"damage":20.0,"enemies":"Gremlin Nob","floor":12.0,"turns":4.0},{"damage":0.0,"enemies":"Gremlin Gang","floor":13.0,"turns":1.0},{"damage":0.0,"enemies":"2 Fungi Beasts","floor":14.0,"turns":2.0},{"damage":21.0,"enemies":"Hexaghost","floor":16.0,"turns":6.0},{"damage":23,"enemies":"Shell Parasite","floor":18,"turns":4},{"damage":6,"enemies":"Masked Bandits","floor":19,"turns":5},{"damage":11,"enemies":"3 Byrds","floor":22,"turns":5},{"damage":0,"enemies":"Slavers","floor":23,"turns":4},{"damage":7,"enemies":"Book of Stabbing","floor":25,"turns":6},{"damage":8,"enemies":"Snake Plant","floor":28,"turns":4},{"damage":6,"enemies":"Centurion and Healer","floor":29,"turns":7},{"damage":19,"enemies":"Gremlin Leader","floor":30,"turns":6},{"damage":0,"enemies":"Shelled Parasite and Fungi","floor":31,"turns":6},{"damage":16,"enemies":"Champ","floor":33,"turns":11},{"damage":3,"enemies":"3 Shapes","floor":35,"turns":3},{"damage":2,"enemies":"Orb Walker","floor":38,"turns":3},{"damage":20,"enemies":"Transient","floor":39,"turns":5},{"damage":1,"enemies":"Mind Bloom Boss Battle","floor":44,"turns":6},{"damage":7,"enemies":"3 Darklings","floor":45,"turns":4},{"damage":0,"enemies":"Spire Growth","floor":46,"turns":4},{"damage":16,"enemies":"Reptomancer","floor":48,"turns":7},{"damage":23,"enemies":"Time Eater","floor":50,"turns":14}],"seed_played":"7130040171828990947","potions_obtained":[{"floor":2.0,"key":"Block Potion"},{"floor":3.0,"key":"FocusPotion"},{"floor":4.0,"key":"FocusPotion"},{"floor":13.0,"key":"FearPotion"},{"floor":16.0,"key":"FearPotion"},{"floor":18,"key":"Block Potion"},{"floor":22,"key":"Swift Potion"},{"floor":28,"key":"Strength Potion"},{"floor":31,"key":"Block Potion"},{"floor":37,"key":"Ancient Potion"},{"floor":37,"key":"FairyPotion"},{"floor":38,"key":"Dexterity Potion"},{"floor":39,"key":"Block Potion"},{"floor":45,"key":"SkillPotion"}],"is_trial":false,"path_per_floor":["M","M","M","M","?","R","E","$","T","R","$","E","M","M","R","B",null,"M","?","?","$","M","E","R","E","T","?","M","M","E","M","R","B",null,"M","?","?","M","M","R","?","R","T","?","M","M","R","E","R","B",null],"character_chosen":"DEFECT","items_purchased":["Defragment","Doom and Gloom","Sweeping Beam","Chill","Regal Pillow","SteroidPotion"],"campfire_rested":4,"item_purchase_floors":[8,8,11,11,21,21],"current_hp_per_floor":[75,75,75,64,64,64,44,44,44,66,66,46,46,46,46,25,63,40,34,34,34,23,23,60,53,53,53,45,39,20,20,57,41,67,64,64,64,62,42,42,42,42,42,43,36,38,75,61,61,38],"gold":615,"neow_bonus":"THREE_ENEMY_KILL","is_prod":false,"is_daily":false,"chose_seed":false,"campfire_upgraded":5,"win_rate":0,"timestamp":1567587989,"path_taken":["M","M","M","M","?","R","E","$","T","R","$","E","M","M","R","BOSS","M","?","?","$","M","E","R","E","T","?","M","M","E","?","R","BOSS","M","?","?","?","M","R","?","R","T","?","M","M","R","E","R","BOSS"],"build_version":"2019-07-17","purchased_purges":1,"victory":true,"max_hp_per_floor":[75,75,75,75,75,75,75,75,75,75,75,75,75,75,75,75,75,75,75,75,75,75,75,75,75,75,75,75,75,75,75,75,75,75,75,71,71,71,71,71,71,71,71,73,73,75,75,77,77,77],"card_choices":[{"not_picked":["Sweeping Beam","Hologram"],"picked":"Fusion","floor":1.0},{"not_picked":["Leap","Recycle"],"picked":"Blizzard","floor":2.0},{"not_picked":["Gash","Barrage"],"picked":"Compile Driver","floor":3.0},{"not_picked":["Gash","Reinforced Body"],"picked":"Melter","floor":4.0},{"not_picked":["Reprogram","Compile Driver"],"picked":"Gash","floor":7.0},{"not_picked":["Force Field","Doom and Gloom"],"picked":"Defragment","floor":12.0},{"not_picked":["Leap","Sweeping Beam"],"picked":"Cold Snap","floor":13.0},{"not_picked":["Fusion","Leap"],"picked":"Hologram","floor":14.0},{"not_picked":["Core Surge","Rainbow"],"picked":"Echo Form","floor":16.0},{"not_picked":["Consume","Steam Power"],"picked":"Cold Snap","floor":18},{"not_picked":["Rebound+1","Leap"],"picked":"Stack+1","floor":19},{"not_picked":["Fusion","Beam Cell"],"picked":"Chaos+1","floor":22},{"not_picked":["Conserve Battery","Recycle+1","Gash"],"picked":"SKIP","floor":23},{"not_picked":["White Noise","Barrage"],"picked":"Lockon+1","floor":25},{"not_picked":["Beam Cell","Reprogram"],"picked":"Auto Shields+1","floor":28},{"not_picked":["Rebound","Barrage","Redo"],"picked":"SKIP","floor":29},{"not_picked":["Gash","Heatsinks+1","Genetic Algorithm"],"picked":"SKIP","floor":30},{"not_picked":["Hologram","Conserve Battery","Amplify"],"picked":"SKIP","floor":31},{"not_picked":["Barrage+1","Compile Driver","Rip and Tear+1"],"picked":"SKIP","floor":35},{"not_picked":["Compile Driver","Melter","Barrage"],"picked":"SKIP","floor":38},{"not_picked":["White Noise","Hello World"],"picked":"Glacier+1","floor":39},{"not_picked":["Gash+1","Conserve Battery","Compile Driver+1"],"picked":"Singing Bowl","floor":44},{"not_picked":["Biased Cognition","Leap+1"],"picked":"Coolheaded+1","floor":45},{"not_picked":["Stack","Capacitor","Gash"],"picked":"Singing Bowl","floor":46},{"not_picked":["Rebound+1","Doom and Gloom","Auto Shields"],"picked":"Singing Bowl","floor":48}],"player_experience":344522,"relics_obtained":[{"floor":7.0,"key":"Pen Nib"},{"floor":9.0,"key":"Cables"},{"floor":12.0,"key":"Du-Vu Doll"},{"floor":19,"key":"Red Mask"},{"floor":23,"key":"Anchor"},{"floor":25,"key":"Ancient Tea Set"},{"floor":26,"key":"Lantern"},{"floor":30,"key":"Emotion Chip"},{"floor":43,"key":"Singing Bowl"},{"floor":44,"key":"Gambling Chip"},{"floor":48,"key":"Mummified Hand"}],"event_choices":[{"damage_healed":0.0,"max_hp_gain":0.0,"max_hp_loss":0.0,"gold_gain":100.0,"event_name":"Golden Shrine","player_choice":"Pray","floor":5.0,"gold_loss":0.0,"damage_taken":0.0},{"damage_healed":0,"gold_gain":0,"player_choice":"Fought Bandits","damage_taken":0,"max_hp_gain":0,"max_hp_loss":0,"event_name":"Masked Bandits","floor":19,"gold_loss":0},{"damage_healed":0,"gold_gain":0,"player_choice":"Ignored","damage_taken":0,"max_hp_gain":0,"max_hp_loss":0,"event_name":"Ghosts","floor":20,"gold_loss":0},{"damage_healed":0,"gold_gain":100,"player_choice":"Bet on Murderer","damage_taken":0,"max_hp_gain":0,"max_hp_loss":0,"event_name":"The Joust","floor":27,"gold_loss":50},{"damage_healed":0,"gold_gain":0,"player_choice":"Max HP","damage_taken":0,"max_hp_gain":0,"max_hp_loss":4,"event_name":"Winding Halls","floor":36,"gold_loss":0},{"damage_healed":0,"gold_gain":0,"player_choice":"Bought 3 Potions","damage_taken":0,"max_hp_gain":0,"max_hp_loss":0,"event_name":"The Woman in Blue","floor":37,"gold_loss":0},{"damage_healed":0,"gold_gain":0,"player_choice":"Memory 1","damage_taken":0,"max_hp_gain":0,"max_hp_loss":0,"event_name":"SensoryStone","floor":41,"gold_loss":0},{"damage_healed":0,"gold_gain":0,"player_choice":"Fight","damage_taken":0,"max_hp_gain":0,"max_hp_loss":0,"event_name":"MindBloom","floor":44,"gold_loss":0}],"is_beta":false,"boss_relics":[{"not_picked":["Fusion Hammer","Snecko Eye"],"picked":"Velvet Choker"},{"not_picked":["Orrery","Coffee Dripper"],"picked":"Astrolabe"}],"items_purged_floors":[8],"is_endless":false,"potions_floor_spawned":[2,3,4,13,16,18,22,28,31,38,39,45],"ascension_level":5}