{"gold_per_floor":[119,129,1,17,17,17,44,44,44,63,10,10,10,25,25,25],"floor_reached":16,"playtime":524,"items_purged":["Strike_B"],"score":190,"play_id":"de0adf39-3f62-4226-b1fc-b3d9ef5ad869","local_time":"20181009211731","is_ascension_mode":true,"campfire_choices":[{"data":"Defragment","floor":6,"key":"SMITH"},{"data":"Self Repair","floor":8,"key":"SMITH"},{"data":"Coolheaded","floor":12,"key":"SMITH"},{"data":"Zap","floor":15,"key":"SMITH"}],"neow_cost":"","seed_source_timestamp":87623802169414,"circlet_count":0,"master_deck":["Strike_B","Strike_B","Strike_B","Defend_B","Defend_B","Defend_B","Defend_B","Zap+1","Dualcast","AscendersBane","Defragment+1","FTL","Cold Snap","Self Repair+1","Steam Power","Coolheaded+1","FTL"],"relics":["Cracked Core","Darkstone Periapt","Omamori"],"potions_floor_usage":[7,7],"damage_taken":[{"damage":2,"enemies":"Cultist","floor":1,"turns":4},{"damage":7,"enemies":"Small Slimes","floor":2,"turns":4},{"damage":0,"enemies":"2 Louse","floor":4,"turns":2},{"damage":12,"enemies":"Lagavulin","floor":7,"turns":7},{"damage":7,"enemies":"Red Slaver","floor":10,"turns":3},{"damage":20,"enemies":"Exordium Wildlife","floor":14,"turns":7},{"damage":44,"enemies":"Slime Boss","floor":16,"turns":7}],"seed_played":"-4607705888027135759","potions_obtained":[{"floor":1,"key":"Block Potion"},{"floor":4,"key":"Energy Potion"}],"is_trial":false,"path_per_floor":["M","M","$","M","$","R","E","R","T","M","$","R","$","M","R"],"character_chosen":"DEFECT","items_purchased":["Cold Snap","Coolheaded"],"campfire_rested":0,"item_purchase_floors":[3,11],"current_hp_per_floor":[62,55,55,55,55,55,50,50,50,53,53,53,53,43,43,0],"gold":25,"neow_bonus":"","is_prod":false,"is_daily":false,"chose_seed":false,"campfire_upgraded":4,"win_rate":0,"timestamp":1539145051,"path_taken":["M","M","$","?","?","R","E","R","T","M","$","R","$","M","R","BOSS"],"build_version":"2018-10-08","purchased_purges":1,"victory":false,"max_hp_per_floor":[71,71,71,71,71,71,71,71,71,71,71,71,71,71,71,71],"card_choices":[{"not_picked":["Hologram","Turbo"],"picked":"Defragment","floor":1},{"not_picked":["Hello World","Compile Driver"],"picked":"FTL","floor":2},{"not_picked":["BootSequence","Ball Lightning"],"picked":"Self Repair","floor":4},{"not_picked":["Leap","Beam Cell","Consume"],"picked":"SKIP","floor":7},{"not_picked":["Undo","Leap"],"picked":"Steam Power","floor":10},{"not_picked":["Steam","Melter"],"picked":"FTL","floor":14}],"player_experience":521027,"relics_obtained":[{"floor":7,"key":"Darkstone Periapt"},{"floor":9,"key":"Omamori"}],"event_choices":[],"is_beta":true,"boss_relics":[],"items_purged_floors":[3],"is_endless":false,"potions_floor_spawned":[1,4],"killed_by":"Slime Boss","ascension_level":18}