{"gold_per_floor":[110,110,120,138,10,42,61,61,61,78,78,78,97,154,154,231,231,231,231,231,131,131,131,131,131],"floor_reached":25,"playtime":1070,"items_purged":["Regret","Strike_G"],"score":426,"play_id":"82199eb4-4596-46e7-9569-46b0070c975d","local_time":"20190502232340","is_ascension_mode":true,"campfire_choices":[{"data":"Panacea","floor":8,"key":"SMITH"},{"floor":12,"key":"REST"},{"data":"Poisoned Stab","floor":15,"key":"SMITH"}],"neow_cost":"TEN_PERCENT_HP_LOSS","seed_source_timestamp":182908760104491,"circlet_count":0,"master_deck":["AscendersBane","Defend_G","Defend_G","Defend_G","Defend_G","Defend_G","Strike_G","Strike_G","Strike_G","Strike_G+1","Survivor","Neutralize","Panacea+1","Forethought","Footwork","Poisoned Stab+1","Tactician","Dodge and Roll+1","Cloak And Dagger+1","Dagger Throw","Cloak And Dagger+1","Catalyst+1","Blur+1","Envenom","Deadly Poison+1","Deadly Poison+1","Infinite Blades","Backflip+1"],"relics":["Ring of the Snake","Letter Opener","Toxic Egg 2","Kunai","Tiny Chest","Ectoplasm","Juzu Bracelet"],"potions_floor_usage":[6,6,16,23,23,23,25],"damage_taken":[{"damage":1,"enemies":"Small Slimes","floor":1,"turns":6},{"damage":14,"enemies":"Jaw Worm","floor":3,"turns":7},{"damage":14,"enemies":"Cultist","floor":4,"turns":5},{"damage":9,"enemies":"Lagavulin","floor":6,"turns":8},{"damage":0,"enemies":"3 Louse","floor":7,"turns":4},{"damage":0,"enemies":"Looter","floor":10,"turns":5},{"damage":0,"enemies":"Gremlin Gang","floor":13,"turns":4},{"damage":0,"enemies":"3 Sentries","floor":14,"turns":8},{"damage":17,"enemies":"Slime Boss","floor":16,"turns":22},{"damage":8,"enemies":"Shell Parasite","floor":18,"turns":6},{"damage":24,"enemies":"Spheric Guardian","floor":22,"turns":8},{"damage":20,"enemies":"Gremlin Leader","floor":23,"turns":9},{"damage":0,"enemies":"Centurion and Healer","floor":24,"turns":6},{"damage":17,"enemies":"Book of Stabbing","floor":25,"turns":3}],"seed_played":"8072409852032831890","potions_obtained":[{"floor":1,"key":"Poison Potion"},{"floor":3,"key":"Poison Potion"},{"floor":6,"key":"PowerPotion"},{"floor":10,"key":"SpeedPotion"},{"floor":18,"key":"Explosive Potion"},{"floor":20,"key":"SpeedPotion"},{"floor":20,"key":"EntropicBrew"},{"floor":24,"key":"Fruit Juice"}],"is_trial":false,"path_per_floor":["M","?","M","M","$","E","M","R","T","M","?","R","M","E","R","B",null,"M","?","?","$","M","E","M","E"],"character_chosen":"THE_SILENT","items_purchased":["Dodge and Roll"],"campfire_rested":1,"item_purchase_floors":[5],"current_hp_per_floor":[62,62,48,34,34,25,25,25,25,25,12,30,30,30,30,13,51,43,43,43,43,19,5,5,0],"gold":131,"neow_bonus":"RANDOM_COLORLESS_2","is_prod":false,"is_daily":false,"chose_seed":false,"campfire_upgraded":2,"win_rate":0,"timestamp":1556861020,"path_taken":["M","?","M","M","$","E","M","R","T","M","?","R","M","E","R","BOSS","M","?","?","$","?","E","M","E"],"build_version":"2019-01-23","purchased_purges":2,"victory":false,"max_hp_per_floor":[63,63,63,63,63,63,63,63,63,63,63,63,63,63,63,63,63,63,63,63,63,63,63,63,68],"card_choices":[{"not_picked":["Poisoned Stab","Catalyst"],"picked":"Footwork","floor":1},{"not_picked":["Deflect","Prepared"],"picked":"Poisoned Stab","floor":3},{"not_picked":["Flying Knee","Unload"],"picked":"Tactician","floor":4},{"not_picked":["Heel Hook","Blade Dance"],"picked":"Cloak And Dagger","floor":6},{"not_picked":["Bane","Die Die Die"],"picked":"Dagger Throw","floor":7},{"not_picked":["Choke","Prepared+1"],"picked":"Cloak And Dagger+1","floor":10},{"not_picked":["Predator","Expertise+1"],"picked":"Catalyst+1","floor":13},{"not_picked":["Quick Slash","Expertise+1"],"picked":"Blur+1","floor":14},{"not_picked":["Die Die Die","Burst+1"],"picked":"Envenom","floor":16},{"not_picked":["Caltrops","Slice+1"],"picked":"Deadly Poison+1","floor":18},{"not_picked":["All Out Attack","Outmaneuver+1"],"picked":"Deadly Poison+1","floor":22},{"not_picked":["Accuracy","All Out Attack"],"picked":"Infinite Blades","floor":23},{"not_picked":["Outmaneuver+1","Flechettes+1"],"picked":"Backflip+1","floor":24}],"player_experience":551418,"relics_obtained":[{"floor":6,"key":"Toxic Egg 2"},{"floor":9,"key":"Kunai"},{"floor":14,"key":"Tiny Chest"},{"floor":23,"key":"Juzu Bracelet"}],"event_choices":[{"damage_healed":0,"gold_gain":0,"player_choice":"Box","damage_taken":0,"relics_obtained":["Letter Opener"],"max_hp_gain":0,"max_hp_loss":0,"event_name":"Big Fish","floor":2,"gold_loss":0,"cards_obtained":["Regret"]},{"damage_healed":0,"gold_gain":0,"player_choice":"Entered Light","damage_taken":13,"max_hp_gain":0,"max_hp_loss":0,"event_name":"Shining Light","floor":11,"gold_loss":0,"cards_upgraded":["Strike_G","Dodge and Roll"]},{"damage_healed":0,"gold_gain":0,"player_choice":"Ignored","damage_taken":0,"max_hp_gain":0,"max_hp_loss":0,"event_name":"Ghosts","floor":19,"gold_loss":0},{"damage_healed":0,"gold_gain":0,"player_choice":"Got Potions","damage_taken":0,"max_hp_gain":0,"max_hp_loss":0,"event_name":"Lab","floor":20,"gold_loss":0}],"is_beta":false,"boss_relics":[{"not_picked":["Busted Crown","Cursed Key"],"picked":"Ectoplasm"}],"items_purged_floors":[5,21],"is_endless":false,"potions_floor_spawned":[1,3,6,10,18,24],"killed_by":"Book of Stabbing","ascension_level":13}