{"gold_per_floor":[119,139,150,22,22,22,54,6,29,29,63,63,75,100,100,100],"floor_reached":16,"playtime":543,"items_purged":[],"score":236,"play_id":"194697e7-7afe-4bfc-b911-f9c84afc2651","local_time":"20190504150514","is_ascension_mode":true,"campfire_choices":[{"data":"Footwork","floor":6,"key":"SMITH"},{"data":"Neutralize","floor":10,"key":"SMITH"},{"data":"Footwork","floor":12,"key":"SMITH"},{"data":"Cloak And Dagger","floor":15,"key":"SMITH"}],"neow_cost":"NONE","seed_source_timestamp":326337089832890,"circlet_count":0,"master_deck":["AscendersBane","Defend_G","Defend_G","Defend_G","Defend_G","Defend_G","Strike_G","Strike_G","Strike_G","Strike_G","Survivor","Neutralize+1","Cloak And Dagger+1","Dagger Throw","Blade Dance","Footwork+1","Footwork+1","Dodge and Roll","Blade Dance","PiercingWail","Poisoned Stab"],"relics":["Ring of the Snake","Art of War","Happy Flower","Bottled Lightning"],"potions_floor_usage":[7,7,16],"damage_taken":[{"damage":0,"enemies":"Cultist","floor":1,"turns":4},{"damage":1,"enemies":"Small Slimes","floor":2,"turns":5},{"damage":0,"enemies":"Jaw Worm","floor":3,"turns":4},{"damage":4,"enemies":"3 Sentries","floor":7,"turns":7},{"damage":30,"enemies":"Lagavulin","floor":11,"turns":19},{"damage":16,"enemies":"Gremlin Gang","floor":13,"turns":5},{"damage":0,"enemies":"3 Sentries","floor":14,"turns":13},{"damage":19,"enemies":"Slime Boss","floor":16,"turns":6}],"seed_played":"-688095953889057586","potions_obtained":[{"floor":2,"key":"Ancient Potion"},{"floor":14,"key":"SteroidPotion"}],"is_trial":false,"path_per_floor":["M","M","M","$","?","R","E","$","T","R","E","R","M","E","R","B"],"character_chosen":"THE_SILENT","items_purchased":["Footwork","SteroidPotion","Dodge and Roll"],"campfire_rested":0,"item_purchase_floors":[4,4,8],"current_hp_per_floor":[70,69,69,69,69,69,65,65,65,65,35,35,19,19,19,0],"gold":100,"neow_bonus":"TEN_PERCENT_HP_BONUS","is_prod":false,"is_daily":false,"chose_seed":false,"campfire_upgraded":4,"win_rate":0,"timestamp":1557003914,"path_taken":["M","?","M","$","?","R","E","$","T","R","E","R","M","E","R","BOSS"],"build_version":"2019-01-23","purchased_purges":0,"victory":false,"max_hp_per_floor":[77,77,77,77,77,77,77,77,77,77,77,77,77,77,77,77],"card_choices":[{"not_picked":["Sucker Punch","Backflip"],"picked":"Cloak And Dagger","floor":1},{"not_picked":["Quick Slash","Bane"],"picked":"Dagger Throw","floor":2},{"not_picked":["Dagger Spray","Outmaneuver"],"picked":"Blade Dance","floor":3},{"not_picked":["Dagger Throw","Underhanded Strike"],"picked":"Footwork","floor":7},{"not_picked":["Dagger Spray","Underhanded Strike"],"picked":"Blade Dance","floor":11},{"not_picked":["Bullet Time","Finisher"],"picked":"PiercingWail","floor":13},{"not_picked":["Outmaneuver","Phantasmal Killer"],"picked":"Poisoned Stab","floor":14}],"player_experience":555242,"relics_obtained":[{"floor":7,"key":"Art of War"},{"floor":11,"key":"Happy Flower"},{"floor":14,"key":"Bottled Lightning"}],"event_choices":[{"cards_removed":["Strike_G"],"damage_healed":0,"gold_gain":0,"player_choice":"Offered Basic","damage_taken":0,"max_hp_gain":0,"max_hp_loss":0,"event_name":"Bonfire Elementals","floor":5,"gold_loss":0}],"is_beta":false,"boss_relics":[],"items_purged_floors":[],"is_endless":false,"potions_floor_spawned":[2,14],"killed_by":"Slime Boss","ascension_level":13}