{"gold_per_floor":[117,117,130,130,55,55,55,69,94,15,26,46,46,60,60,131,131,144,34,44,54,54,54,104,104,104,104,120,137,84,95,95,170,170,180,196,196,209,209,209,209,229,256,273,26,42,42],"floor_reached":47,"playtime":2512,"items_purged":["Strike_G","Shame"],"score":800,"play_id":"3d59349a-b58e-4d96-9867-50ac41911e5f","local_time":"20181119135648","is_ascension_mode":true,"campfire_choices":[{"data":"Outmaneuver","floor":7.0,"key":"SMITH"},{"data":"Skewer","floor":13.0,"key":"SMITH"},{"data":"Neutralize","floor":15.0,"key":"SMITH"},{"floor":23.0,"key":"REST"},{"floor":25.0,"key":"REST"},{"floor":32.0,"key":"REST"},{"floor":41.0,"key":"REST"}],"neow_cost":"NONE","seed_source_timestamp":39846402828981,"circlet_count":0,"master_deck":["AscendersBane","Defend_G","Defend_G","Defend_G","Defend_G","Defend_G","Strike_G+1","Strike_G+1","Survivor","Neutralize+1","Skewer+1","Outmaneuver+1","Well Laid Plans","Eviscerate","Underhanded Strike","Terror+1","Backstab","Quick Slash","Tools of the Trade","Backflip+1","Tools of the Trade","Acrobatics+1","Flying Knee+1","Acrobatics+1","Phantasmal Killer","Tactician","Dash","Tactician+1","Violence","Riddle With Holes+1","Escape Plan","Underhanded Strike"],"special_seed":0,"relics":["Ring of the Snake","Lantern","Runic Dome","Paper Crane","Regal Pillow","Fusion Hammer","Orichalcum"],"potions_floor_usage":[44,46,46],"damage_taken":[{"damage":3.0,"enemies":"Jaw Worm","floor":1.0,"turns":5.0},{"damage":1.0,"enemies":"Small Slimes","floor":3.0,"turns":5.0},{"damage":4.0,"enemies":"Cultist","floor":8.0,"turns":3.0},{"damage":0.0,"enemies":"Red Slaver","floor":11.0,"turns":5.0},{"damage":4.0,"enemies":"Looter","floor":12.0,"turns":4.0},{"damage":0.0,"enemies":"Blue Slaver","floor":14.0,"turns":2.0},{"damage":24.0,"enemies":"The Guardian","floor":16.0,"turns":9.0},{"damage":0.0,"enemies":"Chosen","floor":18.0,"turns":2.0},{"damage":16.0,"enemies":"Shell Parasite","floor":20.0,"turns":2.0},{"damage":18.0,"enemies":"Snake Plant","floor":21.0,"turns":3.0},{"damage":22.0,"enemies":"Sentry and Sphere","floor":28.0,"turns":4.0},{"damage":2.0,"enemies":"Centurion and Healer","floor":29.0,"turns":4.0},{"damage":0.0,"enemies":"Snecko","floor":31.0,"turns":2.0},{"damage":44.0,"enemies":"Collector","floor":33.0,"turns":4.0},{"damage":37.0,"enemies":"3 Darklings","floor":35.0,"turns":4.0},{"damage":0.0,"enemies":"Orb Walker","floor":36.0,"turns":2.0},{"damage":18.0,"enemies":"4 Shapes","floor":38.0,"turns":11.0},{"damage":23.0,"enemies":"Transient","floor":42.0,"turns":6.0},{"damage":23,"enemies":"Jaw Worm Horde","floor":44,"turns":4},{"damage":4,"enemies":"Sphere and 2 Shapes","floor":46,"turns":4},{"damage":39,"enemies":"Giant Head","floor":47,"turns":4}],"seed_played":"1685250531225699301","potions_obtained":[{"floor":8.0,"key":"LiquidBronze"},{"floor":12.0,"key":"Energy Potion"},{"floor":16.0,"key":"SpeedPotion"},{"floor":20.0,"key":"Fire Potion"},{"floor":21.0,"key":"Block Potion"},{"floor":29.0,"key":"Explosive Potion"},{"floor":36.0,"key":"SpeedPotion"},{"floor":42.0,"key":"Fire Potion"},{"floor":44,"key":"Fire Potion"}],"is_trial":false,"path_per_floor":["M","?","M","?","$","?","R","M","T","$","M","M","R","M","R","B",null,"M","?","M","M","?","R","?","R","T","$","M","M","$","M","R","B",null,"M","M","?","M","?","?","R","M","T","M","$","M","E"],"character_chosen":"THE_SILENT","items_purchased":["Terror","SteroidPotion","Block Potion","Swift Potion","Escape Plan"],"campfire_rested":4,"item_purchase_floors":[10,30,45,45,45],"current_hp_per_floor":[56,36,35,35,35,35,35,31,31,31,31,27,27,27,27,3,50,50,50,34,16,16,35,35,54,54,54,32,30,30,30,64,20,55,18,18,54,36,31,31,54,31,31,8,8,4,0],"gold":42,"neow_bonus":"THREE_CARDS","is_prod":false,"is_daily":false,"chose_seed":false,"campfire_upgraded":3,"win_rate":0,"timestamp":1542664608,"path_taken":["M","?","M","?","$","?","R","?","T","?","M","M","R","M","R","BOSS","M","?","M","?","?","R","?","R","T","$","M","?","$","M","R","BOSS","M","?","?","M","?","?","R","M","T","M","$","M","E"],"build_version":"2018-11-15","purchased_purges":2,"victory":false,"max_hp_per_floor":[66,66,66,66,66,66,66,66,66,66,66,66,66,66,66,66,66,66,66,66,66,66,66,66,66,66,66,66,66,66,66,66,66,66,66,66,54,54,54,54,54,54,54,54,54,54,54],"card_choices":[{"not_picked":["Flying Knee","Prepared"],"picked":"Skewer","floor":0.0},{"not_picked":["Deadly Poison","Sucker Punch"],"picked":"Outmaneuver","floor":1.0},{"not_picked":["Deflect","PiercingWail"],"picked":"Well Laid Plans","floor":3.0},{"not_picked":["Reflex","Bouncing Flask"],"picked":"Underhanded Strike","floor":8.0},{"not_picked":["Outmaneuver","Noxious Fumes","Tactician"],"picked":"SKIP","floor":11.0},{"not_picked":["Underhanded Strike","Deflect"],"picked":"Backstab","floor":12.0},{"not_picked":["Sucker Punch","Choke"],"picked":"Quick Slash","floor":14.0},{"not_picked":["Wraith Form v2","Storm of Steel"],"picked":"Tools of the Trade","floor":16.0},{"not_picked":["Dodge and Roll","Riddle With Holes"],"picked":"Backflip+1","floor":18.0},{"not_picked":["Eviscerate","Bouncing Flask","Deadly Poison"],"picked":"SKIP","floor":20.0},{"not_picked":["Dagger Throw","Prepared"],"picked":"Tools of the Trade","floor":21.0},{"not_picked":["Outmaneuver","Dagger Throw"],"picked":"Acrobatics+1","floor":28.0},{"not_picked":["Concentrate","Noxious Fumes"],"picked":"Flying Knee+1","floor":29.0},{"not_picked":["Outmaneuver","Dagger Spray"],"picked":"Acrobatics+1","floor":31.0},{"not_picked":["A Thousand Cuts","Night Terror"],"picked":"Phantasmal Killer","floor":33.0},{"not_picked":["Infinite Blades","Blade Dance"],"picked":"Tactician","floor":35.0},{"not_picked":["Concentrate","Cloak And Dagger"],"picked":"Dash","floor":36.0},{"not_picked":["Deadly Poison","Cloak And Dagger+1"],"picked":"Tactician+1","floor":38.0},{"not_picked":["Secret Technique","Panacea"],"picked":"Violence","floor":39.0},{"not_picked":["Dagger Spray+1","Cloak And Dagger","Deadly Poison+1"],"picked":"SKIP","floor":42.0},{"not_picked":["Dagger Throw","Outmaneuver"],"picked":"Riddle With Holes+1","floor":44},{"not_picked":["Glass Knife","Acrobatics"],"picked":"Underhanded Strike","floor":46}],"player_experience":569452,"relics_obtained":[{"floor":9.0,"key":"Lantern"},{"floor":26.0,"key":"Regal Pillow"},{"floor":43.0,"key":"Orichalcum"}],"event_choices":[{"damage_healed":0.0,"max_hp_gain":0.0,"max_hp_loss":0.0,"gold_gain":0.0,"event_name":"Shining Light","player_choice":"Entered Light","floor":2.0,"gold_loss":0.0,"damage_taken":20.0,"cards_upgraded":["Strike_G","Strike_G"]},{"damage_healed":0.0,"max_hp_gain":0.0,"max_hp_loss":0.0,"gold_gain":0.0,"event_name":"Golden Idol","player_choice":"Ignored","floor":4.0,"gold_loss":0.0,"damage_taken":0.0},{"damage_healed":0.0,"max_hp_gain":0.0,"max_hp_loss":0.0,"gold_gain":0.0,"cards_transformed":["Strike_G"],"event_name":"Transmorgrifier","player_choice":"Transformed","floor":6.0,"gold_loss":0.0,"damage_taken":0.0,"cards_obtained":["Eviscerate"]},{"cards_removed":["Strike_G"],"damage_healed":0.0,"max_hp_gain":0.0,"max_hp_loss":0.0,"gold_gain":0.0,"event_name":"Designer","player_choice":"Upgrade and Remove","floor":19.0,"gold_loss":110.0,"damage_taken":0.0,"cards_upgraded":["Terror"]},{"damage_healed":0.0,"max_hp_gain":0.0,"max_hp_loss":0.0,"gold_gain":0.0,"event_name":"Addict","player_choice":"Stole Relic","floor":22.0,"gold_loss":0.0,"damage_taken":0.0,"relics_obtained":["Paper Crane"],"cards_obtained":["Shame"]},{"damage_healed":0.0,"max_hp_gain":0.0,"max_hp_loss":0.0,"gold_gain":100.0,"event_name":"The Joust","player_choice":"Bet on Murderer","floor":24.0,"gold_loss":50.0,"damage_taken":0.0},{"damage_healed":54.0,"max_hp_gain":0.0,"max_hp_loss":12.0,"gold_gain":0.0,"event_name":"The Moai Head","player_choice":"Heal","floor":37.0,"gold_loss":0.0,"damage_taken":0.0},{"damage_healed":0.0,"max_hp_gain":0.0,"max_hp_loss":0.0,"gold_gain":0.0,"event_name":"SensoryStone","player_choice":"Memory 2","floor":39.0,"gold_loss":0.0,"damage_taken":5.0},{"damage_healed":0.0,"max_hp_gain":0.0,"max_hp_loss":0.0,"gold_gain":0.0,"event_name":"Mysterious Sphere","player_choice":"Ignored","floor":40.0,"gold_loss":0.0,"damage_taken":0.0}],"is_beta":true,"boss_relics":[{"not_picked":["Tiny House","White Beast Statue"],"picked":"Runic Dome"},{"not_picked":["Lizard Tail","Philosopher\u0027s Stone"],"picked":"Fusion Hammer"}],"items_purged_floors":[5,45],"is_endless":false,"potions_floor_spawned":[8,12,16,20,21,29,36,42,44],"killed_by":"Giant Head","ascension_level":18}