{"gold_per_floor":[114,61,13,28,28,61,79,97,97,113,113],"floor_reached":11,"playtime":272,"items_purged":[],"score":120,"play_id":"76418b3b-e218-4710-80de-4f2803e57de7","local_time":"20190414160720","is_ascension_mode":true,"campfire_choices":[],"neow_cost":"TEN_PERCENT_HP_LOSS","seed_source_timestamp":248638865007076,"circlet_count":0,"master_deck":["AscendersBane","Defend_G","Defend_G","Defend_G","Defend_G","Defend_G","Strike_G","Strike_G","Strike_G","Survivor","Neutralize","Escape Plan","Choke","Bane","Dodge and Roll","Poisoned Stab","Cloak And Dagger","Infinite Blades","Bane","Blade Dance"],"relics":["Ring of the Snake","NlothsMask","Happy Flower"],"potions_floor_usage":[6,11],"damage_taken":[{"damage":1,"enemies":"Cultist","floor":1,"turns":3},{"damage":0,"enemies":"Small Slimes","floor":4,"turns":4},{"damage":43,"enemies":"Lagavulin","floor":6,"turns":6},{"damage":1,"enemies":"Jaw Worm","floor":7,"turns":2},{"damage":5,"enemies":"Gremlin Gang","floor":8,"turns":4},{"damage":0,"enemies":"Looter","floor":10,"turns":4},{"damage":0,"enemies":"Gremlin Nob","floor":11,"turns":2}],"seed_played":"7817145849392547369","potions_obtained":[{"floor":4,"key":"Strength Potion"},{"floor":8,"key":"Fire Potion"},{"floor":10,"key":"FearPotion"}],"is_trial":false,"path_per_floor":["M","$","$","M","?","E","M","M","T","M","E"],"character_chosen":"THE_SILENT","items_purchased":["Dodge and Roll","Poisoned Stab"],"campfire_rested":0,"item_purchase_floors":[2,3],"current_hp_per_floor":[62,62,62,62,62,19,18,13,13,13,13],"gold":113,"neow_bonus":"TRANSFORM_TWO_CARDS","is_prod":false,"is_daily":false,"chose_seed":false,"campfire_upgraded":0,"win_rate":0,"timestamp":1555279640,"path_taken":["M","?","$","M","?","E","M","?","T","M","E"],"build_version":"2019-01-23","purchased_purges":0,"victory":false,"max_hp_per_floor":[63,63,63,63,63,63,63,63,63,63,63],"card_choices":[{"not_picked":["Slice","Flechettes"],"picked":"Bane","floor":1},{"not_picked":["Underhanded Strike","Eviscerate"],"picked":"Cloak And Dagger","floor":4},{"not_picked":["Adrenaline","Underhanded Strike"],"picked":"Infinite Blades","floor":6},{"not_picked":["Expertise","Deflect"],"picked":"Bane","floor":7},{"not_picked":["Prepared","Dagger Spray"],"picked":"Blade Dance","floor":8},{"not_picked":["Accuracy","Finisher","Flying Knee"],"picked":"SKIP","floor":10}],"player_experience":508264,"relics_obtained":[{"floor":6,"key":"Happy Flower"}],"event_choices":[{"damage_healed":0,"gold_gain":0,"player_choice":"Trade","damage_taken":0,"relics_obtained":["NlothsMask"],"max_hp_gain":0,"max_hp_loss":0,"event_name":"FaceTrader","floor":5,"gold_loss":0}],"is_beta":false,"boss_relics":[],"items_purged_floors":[],"is_endless":false,"potions_floor_spawned":[4,8,10],"killed_by":"Gremlin Nob","ascension_level":12}