{"gold_per_floor":[112,132,142,142,156,156,170,170,248,266,294,71,82,113,113,218,218,234,248,248,260,260,285,40,40,40,57,57,72,72,82,82,182,182,195,207,225,76,76,76,86,116,116,116,76,91,91,91,91,91],"floor_reached":50,"playtime":1355,"items_purged":[],"score":606,"play_id":"fbb0b297-b395-451d-8cc3-8ec0a1360840","local_time":"20190405231422","is_ascension_mode":false,"campfire_choices":[{"data":"Corruption","floor":6,"key":"SMITH"},{"data":"Perfected Strike","floor":8,"key":"SMITH"},{"data":"Shockwave","floor":15,"key":"SMITH"},{"floor":28,"key":"REST"},{"data":"Whirlwind","floor":30,"key":"SMITH"},{"data":"Inflame","floor":32,"key":"SMITH"},{"data":"Shockwave","floor":40,"key":"SMITH"},{"data":"Pommel Strike","floor":44,"key":"SMITH"},{"data":"Feel No Pain","floor":49,"key":"SMITH"}],"neow_cost":"NONE","seed_source_timestamp":425457824345000,"circlet_count":0,"master_deck":["Strike_R","Strike_R","Strike_R","Strike_R","Strike_R","Defend_R+1","Defend_R+1","Defend_R","Defend_R","Feel No Pain+1","Corruption+1","Perfected Strike+1","Twin Strike","Infernal Blade+1","Shockwave+1","Wild Strike","Shrug It Off","Pommel Strike+1","Reaper","Impervious","Wild Strike","Pommel Strike","RitualDagger","Perfected Strike+1","Whirlwind+1","Inflame+1","Twin Strike+1","Twin Strike+1","Demon Form","Wild Strike+1","Twin Strike+1","Shockwave+1","Perfected Strike+1","Wild Strike+1","Inflame","Doubt","Madness","Madness"],"relics":["Burning Blood","Mummified Hand","Ginger","Vajra","Anchor","Empty Cage","Red Skull","Molten Egg 2","Lantern","Kunai","Runic Dome","Happy Flower","Bag of Preparation","Potion Belt"],"potions_floor_usage":[2,7,23,33,33,50,50,50],"damage_taken":[{"damage":6,"enemies":"Cultist","floor":1,"turns":3},{"damage":0,"enemies":"2 Louse","floor":2,"turns":2},{"damage":8,"enemies":"Jaw Worm","floor":3,"turns":5},{"damage":10,"enemies":"Looter","floor":5,"turns":4},{"damage":15,"enemies":"Large Slime","floor":7,"turns":6},{"damage":17,"enemies":"Gremlin Gang","floor":10,"turns":6},{"damage":8,"enemies":"3 Sentries","floor":11,"turns":5},{"damage":1,"enemies":"2 Fungi Beasts","floor":13,"turns":2},{"damage":13,"enemies":"Lagavulin","floor":14,"turns":5},{"damage":35,"enemies":"The Guardian","floor":16,"turns":10},{"damage":0,"enemies":"2 Thieves","floor":18,"turns":3},{"damage":1,"enemies":"3 Byrds","floor":19,"turns":5},{"damage":15,"enemies":"Snake Plant","floor":21,"turns":3},{"damage":50,"enemies":"Book of Stabbing","floor":23,"turns":7},{"damage":8,"enemies":"Snecko","floor":27,"turns":3},{"damage":0,"enemies":"Centurion and Healer","floor":29,"turns":3},{"damage":0,"enemies":"Sentry and Sphere","floor":31,"turns":2},{"damage":89,"enemies":"Collector","floor":33,"turns":9},{"damage":29,"enemies":"3 Darklings","floor":35,"turns":4},{"damage":14,"enemies":"Orb Walker","floor":36,"turns":3},{"damage":6,"enemies":"Maw","floor":37,"turns":5},{"damage":7,"enemies":"Spire Growth","floor":41,"turns":4},{"damage":19,"enemies":"Reptomancer","floor":42,"turns":4},{"damage":3,"enemies":"Sphere and 2 Shapes","floor":46,"turns":3},{"damage":81,"enemies":"Awakened One","floor":50,"turns":7}],"seed_played":"-4637080138961989750","potions_obtained":[{"floor":0,"key":"Fruit Juice"},{"floor":0,"key":"BloodPotion"},{"floor":0,"key":"Dexterity Potion"},{"floor":2,"key":"LiquidBronze"},{"floor":7,"key":"PowerPotion"},{"floor":11,"key":"Block Potion"},{"floor":23,"key":"Dexterity Potion"},{"floor":27,"key":"Ancient Potion"},{"floor":36,"key":"Fire Potion"},{"floor":42,"key":"Weak Potion"}],"is_trial":false,"path_per_floor":["M","M","M","?","M","R","M","R","T","M","E","$","M","E","R","B",null,"M","M","?","M","?","E","$","?","T","M","R","M","R","M","R","B",null,"M","M","M","$","?","R","M","E","T","R","?","M","?","?","R","B"],"character_chosen":"IRONCLAD","items_purchased":["Vajra","Wild Strike","Shrug It Off","Molten Egg 2","Happy Flower"],"campfire_rested":1,"item_purchase_floors":[12,12,12,24,38],"current_hp_per_floor":[80,85,83,66,62,62,61,61,61,50,48,48,53,46,46,24,85,85,85,79,70,70,26,26,26,26,24,49,69,69,75,75,10,85,62,54,54,54,54,54,58,45,45,45,45,48,85,74,74,0],"gold":91,"neow_bonus":"THREE_SMALL_POTIONS","is_prod":false,"is_daily":false,"chose_seed":false,"campfire_upgraded":8,"win_rate":0,"timestamp":1554531262,"path_taken":["M","M","?","?","M","R","M","R","T","M","E","?","M","E","R","BOSS","M","M","?","M","?","E","$","?","T","M","R","?","R","M","R","BOSS","M","M","M","$","?","R","M","E","T","R","?","?","?","?","R","BOSS"],"build_version":"2019-01-23","purchased_purges":0,"victory":false,"max_hp_per_floor":[80,85,85,85,85,85,85,85,85,85,85,85,85,85,85,85,85,85,85,85,85,85,85,85,85,85,85,85,85,85,85,85,85,85,85,85,85,85,85,85,85,85,85,85,85,85,85,85,85,85],"card_choices":[{"not_picked":["Wild Strike","Warcry"],"picked":"Feel No Pain","floor":1},{"not_picked":["Pommel Strike","Flex"],"picked":"Corruption","floor":2},{"not_picked":["Anger","Berserk"],"picked":"Perfected Strike","floor":3},{"not_picked":["Sword Boomerang","Armaments"],"picked":"Intimidate","floor":5},{"not_picked":["Armaments","Hemokinesis"],"picked":"Twin Strike","floor":7},{"not_picked":["Armaments","Clothesline"],"picked":"Infernal Blade","floor":10},{"not_picked":["True Grit","Body Slam"],"picked":"Shockwave","floor":11},{"not_picked":["Iron Wave","True Grit"],"picked":"Pommel Strike","floor":13},{"not_picked":["True Grit","Havoc"],"picked":"Reaper","floor":14},{"not_picked":["Limit Break","Exhume"],"picked":"Impervious","floor":16},{"not_picked":["Burning Pact","Pummel"],"picked":"Wild Strike","floor":18},{"not_picked":["True Grit","Iron Wave"],"picked":"Pommel Strike","floor":19},{"not_picked":["Anger","Bloodletting"],"picked":"Perfected Strike+1","floor":21},{"not_picked":["Heavy Blade","Flame Barrier+1"],"picked":"Inflame","floor":23},{"not_picked":["Sword Boomerang+1","Dropkick+1"],"picked":"Twin Strike+1","floor":27},{"not_picked":["Sentinel+1","Anger+1"],"picked":"Twin Strike+1","floor":29},{"not_picked":["Havoc","Flex","True Grit"],"picked":"SKIP","floor":31},{"not_picked":["Brutality","Berserk"],"picked":"Demon Form","floor":33},{"not_picked":["Thunderclap+1","Clash+1"],"picked":"Wild Strike+1","floor":35},{"not_picked":["Thunderclap+1","Shrug It Off+1"],"picked":"Twin Strike+1","floor":36},{"not_picked":["Seeing Red+1","Clothesline+1"],"picked":"Shockwave","floor":37},{"not_picked":["Havoc+1","Second Wind+1"],"picked":"Perfected Strike+1","floor":41},{"not_picked":["Heavy Blade+1","Headbutt+1"],"picked":"Wild Strike+1","floor":42},{"not_picked":["Infernal Blade","Cleave+1"],"picked":"Inflame","floor":46}],"player_experience":1144393,"relics_obtained":[{"floor":9,"key":"Mummified Hand"},{"floor":11,"key":"Ginger"},{"floor":14,"key":"Anchor"},{"floor":23,"key":"Red Skull"},{"floor":26,"key":"Kunai"},{"floor":42,"key":"Bag of Preparation"},{"floor":43,"key":"Potion Belt"}],"event_choices":[{"damage_healed":0,"gold_gain":0,"player_choice":"Entered Light","damage_taken":17,"max_hp_gain":0,"max_hp_loss":0,"event_name":"Shining Light","floor":4,"gold_loss":0,"cards_upgraded":["Defend_R","Defend_R"]},{"damage_healed":0,"gold_gain":0,"player_choice":"Joined the Cult","damage_taken":6,"max_hp_gain":0,"max_hp_loss":0,"event_name":"Nest","floor":20,"gold_loss":0,"cards_obtained":["RitualDagger"]},{"damage_healed":0,"gold_gain":0,"player_choice":"Read","damage_taken":0,"max_hp_gain":0,"max_hp_loss":0,"event_name":"The Library","floor":22,"gold_loss":0,"cards_obtained":["Whirlwind"]},{"damage_healed":0,"gold_gain":0,"player_choice":"Gave Potion","damage_taken":0,"relics_obtained":["Lantern"],"max_hp_gain":0,"max_hp_loss":0,"event_name":"WeMeetAgain","floor":25,"gold_loss":0},{"damage_healed":0,"gold_gain":0,"player_choice":"Ignored","damage_taken":0,"max_hp_gain":0,"max_hp_loss":0,"event_name":"Mysterious Sphere","floor":39,"gold_loss":0},{"damage_healed":0,"gold_gain":0,"player_choice":"Upgrade","damage_taken":0,"max_hp_gain":0,"max_hp_loss":0,"event_name":"Designer","floor":45,"gold_loss":40,"cards_upgraded":["Infernal Blade"]},{"damage_healed":37,"gold_gain":0,"player_choice":"Heal","damage_taken":0,"max_hp_gain":0,"max_hp_loss":0,"event_name":"MindBloom","floor":47,"gold_loss":0,"cards_obtained":["Doubt"]},{"damage_healed":0,"gold_gain":0,"player_choice":"Embrace Madness","damage_taken":11,"max_hp_gain":0,"max_hp_loss":0,"event_name":"Winding Halls","floor":48,"gold_loss":0,"cards_obtained":["Madness","Madness"]}],"is_beta":false,"boss_relics":[{"not_picked":["Coffee Dripper","Runic Pyramid"],"picked":"Empty Cage"},{"not_picked":["Pandora\u0027s Box","White Beast Statue"],"picked":"Runic Dome"}],"items_purged_floors":[],"is_endless":false,"potions_floor_spawned":[2,5,7,11,16,19,23,27,36,42],"killed_by":"Awakened One","ascension_level":0}