{"gold_per_floor":[112,112,129,143,28,61,61,61,114,114,129,147,169,179,179,284,284,300,300,312,324,324,324,344,19,94,107,107,117,117,167,167,272,272,286,306,323,334,434,434,69,85,108,8,19,19,19,19,19,19],"floor_reached":51,"playtime":4207,"items_purged":["Strike_G","Strike_G"],"score":628,"play_id":"45e1b912-cd76-4fd8-a19e-db0bcd3762b0","local_time":"20190627234607","is_ascension_mode":false,"campfire_choices":[{"data":"Footwork","floor":7,"key":"SMITH"},{"floor":10,"key":"REST"},{"floor":15,"key":"REST"},{"floor":23,"key":"REST"},{"floor":28,"key":"REST"},{"data":"A Thousand Cuts","floor":30,"key":"SMITH"},{"data":"Leg Sweep","floor":32,"key":"SMITH"},{"floor":40,"key":"REST"},{"floor":49,"key":"REST"}],"neow_cost":"NONE","seed_source_timestamp":20061593398800,"circlet_count":0,"master_deck":["Defend_G","Defend_G","Defend_G","Defend_G","Defend_G","Strike_G","Strike_G","Survivor","Neutralize+1","Deadly Poison","PiercingWail","Footwork+1","Leg Sweep+1","Venomology","PiercingWail","Calculated Gamble","Deadly Poison","Adrenaline","Dodge and Roll+1","PiercingWail","A Thousand Cuts+1","Escape Plan","After Image","PiercingWail+1","Caltrops","Well Laid Plans","Footwork"],"relics":["Ring of the Snake","NeowsBlessing","Snake Skull","Bag of Preparation","Odd Mushroom","Lizard Tail","Paper Crane","Sundial","Fusion Hammer","Bird Faced Urn","Ice Cream","Happy Flower"],"potions_floor_usage":[6,11,11,12,13,13,13,14,16,18,20,21,24,27,29,33,33,33,33,35,38,38,42,45,45,48,50,50,50],"damage_taken":[{"damage":0,"enemies":"Cultist","floor":1,"turns":1},{"damage":0,"enemies":"Jaw Worm","floor":3,"turns":1},{"damage":0,"enemies":"Small Slimes","floor":4,"turns":1},{"damage":16,"enemies":"Lagavulin","floor":6,"turns":7},{"damage":2,"enemies":"Looter","floor":11,"turns":3},{"damage":0,"enemies":"Blue Slaver","floor":12,"turns":6},{"damage":11,"enemies":"The Mushroom Lair","floor":13,"turns":6},{"damage":8,"enemies":"3 Louse","floor":14,"turns":5},{"damage":14,"enemies":"Hexaghost","floor":16,"turns":11},{"damage":0,"enemies":"Shell Parasite","floor":18,"turns":6},{"damage":0,"enemies":"Chosen","floor":20,"turns":5},{"damage":18,"enemies":"Centurion and Healer","floor":21,"turns":9},{"damage":26,"enemies":"Chosen and Byrds","floor":24,"turns":10},{"damage":0,"enemies":"Cultist and Chosen","floor":27,"turns":9},{"damage":3,"enemies":"Centurion and Healer","floor":29,"turns":10},{"damage":32,"enemies":"Automaton","floor":33,"turns":13},{"damage":0,"enemies":"Orb Walker","floor":35,"turns":4},{"damage":2,"enemies":"3 Darklings","floor":36,"turns":5},{"damage":2,"enemies":"Writhing Mass","floor":37,"turns":7},{"damage":0,"enemies":"Spire Growth","floor":38,"turns":6},{"damage":0,"enemies":"Mind Bloom Boss Battle","floor":39,"turns":9},{"damage":1,"enemies":"Transient","floor":42,"turns":5},{"damage":5,"enemies":"Sphere and 2 Shapes","floor":45,"turns":8},{"damage":0,"enemies":"3 Darklings","floor":48,"turns":1},{"damage":24,"enemies":"Donu and Deca","floor":50,"turns":18}],"seed_played":"-6564143297276263782","potions_obtained":[{"floor":4,"key":"PowerPotion"},{"floor":6,"key":"SneckoOil"},{"floor":11,"key":"LiquidBronze"},{"floor":12,"key":"Ancient Potion"},{"floor":24,"key":"SpeedPotion"},{"floor":27,"key":"Fire Potion"},{"floor":29,"key":"SteroidPotion"},{"floor":39,"key":"Fire Potion"},{"floor":42,"key":"Fire Potion"},{"floor":45,"key":"SteroidPotion"}],"is_trial":false,"path_per_floor":["M","?","M","M","$","E","R","?","T","R","M","M","?","M","R","B",null,"M","?","M","M","?","R","M","$","T","M","R","M","R","?","R","B",null,"M","M","M","M","?","R","$","M","T","$","M","?","?","M","R","B",null],"character_chosen":"THE_SILENT","items_purchased":["Footwork","Leg Sweep","Paper Crane","Ice Cream","Well Laid Plans"],"campfire_rested":6,"item_purchase_floors":[5,5,25,41,41],"current_hp_per_floor":[70,70,70,70,70,54,54,47,47,68,66,66,55,47,68,54,70,70,57,57,39,39,61,35,35,35,35,57,54,54,54,54,22,75,75,73,71,71,71,75,75,75,75,75,75,75,75,75,75,57],"gold":19,"neow_bonus":"THREE_ENEMY_KILL","is_prod":false,"is_daily":false,"chose_seed":false,"campfire_upgraded":3,"win_rate":0.0,"timestamp":1561675567,"path_taken":["M","?","M","?","$","E","R","?","T","R","M","M","?","M","R","BOSS","M","?","M","M","?","R","M","$","T","M","R","M","R","?","R","BOSS","M","?","M","M","?","R","$","M","T","$","M","?","?","M","R","BOSS"],"build_version":"2019-01-23","purchased_purges":2,"victory":true,"max_hp_per_floor":[70,70,70,70,70,70,70,70,70,70,70,70,70,70,70,70,70,70,75,75,75,75,75,75,75,75,75,75,75,75,75,75,75,75,75,75,75,75,75,75,75,75,75,75,75,75,75,75,75,75],"card_choices":[{"not_picked":["Poisoned Stab","Quick Slash"],"picked":"Deadly Poison","floor":1},{"not_picked":["Tactician","Prepared","Poisoned Stab"],"picked":"SKIP","floor":3},{"not_picked":["Deflect","Eviscerate"],"picked":"PiercingWail","floor":4},{"not_picked":["Blade Dance","Masterful Stab"],"picked":"Venomology","floor":6},{"not_picked":["Deflect","Sucker Punch"],"picked":"PiercingWail","floor":11},{"not_picked":["Tactician","Deflect"],"picked":"Calculated Gamble","floor":12},{"not_picked":["Calculated Gamble","Dagger Throw"],"picked":"Deadly Poison","floor":13},{"not_picked":["Outmaneuver","Prepared","Calculated Gamble"],"picked":"SKIP","floor":14},{"not_picked":["Doppelganger","Venomology"],"picked":"Adrenaline","floor":16},{"not_picked":["Poisoned Stab","Slice"],"picked":"Deadly Poison+1","floor":18},{"not_picked":["Prepared","Choke+1"],"picked":"Dodge and Roll+1","floor":20},{"not_picked":["Eviscerate","Deflect","Sucker Punch+1"],"picked":"SKIP","floor":21},{"not_picked":["Terror","Blade Dance+1"],"picked":"PiercingWail","floor":24},{"not_picked":["Deflect","Underhanded Strike"],"picked":"A Thousand Cuts","floor":27},{"not_picked":["Dagger Spray","Outmaneuver+1"],"picked":"Escape Plan","floor":29},{"not_picked":["A Thousand Cuts","Unload"],"picked":"After Image","floor":33},{"not_picked":["Eviscerate","Quick Slash+1","Dagger Spray"],"picked":"SKIP","floor":35},{"not_picked":["Sucker Punch","Prepared"],"picked":"PiercingWail+1","floor":36},{"not_picked":["Tactician","Bouncing Flask+1","Prepared"],"picked":"SKIP","floor":37},{"not_picked":["Blade Dance","Underhanded Strike+1"],"picked":"Caltrops","floor":38},{"not_picked":["All Out Attack+1","Blade Dance","Outmaneuver"],"picked":"SKIP","floor":42},{"not_picked":["Dash","Dodge and Roll+1"],"picked":"Footwork","floor":45}],"player_experience":3965,"relics_obtained":[{"floor":6,"key":"Snake Skull"},{"floor":9,"key":"Bag of Preparation"},{"floor":13,"key":"Odd Mushroom"},{"floor":26,"key":"Sundial"},{"floor":39,"key":"Bird Faced Urn"},{"floor":43,"key":"Happy Flower"}],"event_choices":[{"damage_healed":0,"gold_gain":0,"player_choice":"Forge","damage_taken":0,"max_hp_gain":0,"max_hp_loss":0,"event_name":"Accursed Blacksmith","floor":2,"gold_loss":0,"cards_upgraded":["Neutralize"]},{"cards_removed":["Strike_G"],"damage_healed":0,"gold_gain":0,"player_choice":"Card Removal","damage_taken":7,"max_hp_gain":0,"max_hp_loss":0,"event_name":"Golden Wing","floor":8,"gold_loss":0},{"damage_healed":0,"gold_gain":0,"player_choice":"Fought Mushrooms","damage_taken":0,"max_hp_gain":0,"max_hp_loss":0,"event_name":"Mushrooms","floor":13,"gold_loss":0},{"damage_healed":0,"gold_gain":0,"player_choice":"Shed Blood","damage_taken":18,"max_hp_gain":5,"max_hp_loss":0,"event_name":"Forgotten Altar","floor":19,"gold_loss":0},{"damage_healed":0,"gold_gain":0,"player_choice":"Ignored","damage_taken":0,"max_hp_gain":0,"max_hp_loss":0,"event_name":"Vampires","floor":22,"gold_loss":0},{"damage_healed":0,"gold_gain":100,"player_choice":"Bet on Murderer","damage_taken":0,"max_hp_gain":0,"max_hp_loss":0,"event_name":"The Joust","floor":31,"gold_loss":50},{"damage_healed":0,"gold_gain":0,"player_choice":"Fight","damage_taken":0,"max_hp_gain":0,"max_hp_loss":0,"event_name":"MindBloom","floor":39,"gold_loss":0},{"damage_healed":0,"gold_gain":0,"player_choice":"Memory 1","damage_taken":0,"max_hp_gain":0,"max_hp_loss":0,"event_name":"SensoryStone","floor":46,"gold_loss":0},{"cards_removed":["Deadly Poison"],"damage_healed":0,"gold_gain":0,"player_choice":"Removed Skill","damage_taken":0,"max_hp_gain":0,"max_hp_loss":0,"event_name":"Falling","floor":47,"gold_loss":0}],"is_beta":false,"boss_relics":[{"not_picked":["Philosopher\u0027s Stone","Velvet Choker"],"picked":"Lizard Tail"},{"not_picked":["Astrolabe","Coffee Dripper"],"picked":"Fusion Hammer"}],"items_purged_floors":[25,44],"is_endless":false,"potions_floor_spawned":[4,6,11,12,24,27,29,39,42,45,48],"ascension_level":0}