{"gold_per_floor":[118,78,96,108,122,156,156,156,156,199,199,218,218,262,262,387,387,403,403,403,403,122,122],"floor_reached":23,"playtime":574,"items_purged":["Strike_G"],"score":269,"play_id":"26e3af8e-3459-4fc2-946d-deaebe09104f","local_time":"20190216110010","is_ascension_mode":true,"campfire_choices":[{"data":"Noxious Fumes","floor":7,"key":"SMITH"},{"floor":15,"key":"REST"}],"neow_cost":"NONE","seed_source_timestamp":136671924471309,"circlet_count":0,"master_deck":["Defend_G","Defend_G","Defend_G","Defend_G","Defend_G","Strike_G","Strike_G","Strike_G","Strike_G","Survivor","Neutralize","Dagger Throw","Quick Slash","Backflip","Noxious Fumes+1","Blade Dance","Wraith Form v2","Backstab+1","Phantasmal Killer+1","Adrenaline+1","Cloak And Dagger+1"],"relics":["Ring of the Snake","NeowsBlessing","Paper Crane","Golden Idol","Molten Egg 2","Toxic Egg 2","Boot","Calipers","Eternal Feather","Unceasing Top","TwistedFunnel"],"potions_floor_usage":[6,16,23,23],"damage_taken":[{"damage":0,"enemies":"2 Louse","floor":1,"turns":1},{"damage":0,"enemies":"Cultist","floor":3,"turns":1},{"damage":0,"enemies":"Small Slimes","floor":4,"turns":1},{"damage":0,"enemies":"Blue Slaver","floor":5,"turns":5},{"damage":22,"enemies":"Gremlin Nob","floor":6,"turns":5},{"damage":26,"enemies":"3 Sentries","floor":10,"turns":7},{"damage":7,"enemies":"Looter","floor":12,"turns":4},{"damage":17,"enemies":"Gremlin Nob","floor":14,"turns":4},{"damage":27,"enemies":"The Guardian","floor":16,"turns":11},{"damage":27,"enemies":"Shell Parasite","floor":18,"turns":7},{"damage":64,"enemies":"Book of Stabbing","floor":23,"turns":7}],"seed_played":"8159640165436277655","potions_obtained":[{"floor":2,"key":"PowerPotion"},{"floor":2,"key":"FairyPotion"},{"floor":2,"key":"Weak Potion"},{"floor":10,"key":"Explosive Potion"},{"floor":16,"key":"SpeedPotion"},{"floor":18,"key":"GhostInAJar"}],"is_trial":false,"path_per_floor":["M","?","M","M","M","E","R","?","T","E","T","M","?","E","R","B",null,"M","?","?","T","$","E"],"character_chosen":"THE_SILENT","items_purchased":["TwistedFunnel"],"campfire_rested":1,"item_purchase_floors":[22],"current_hp_per_floor":[63,63,63,63,63,41,41,41,41,15,15,8,29,12,31,4,50,23,23,44,44,44,0],"gold":122,"neow_bonus":"THREE_ENEMY_KILL","is_prod":false,"is_daily":false,"chose_seed":false,"campfire_upgraded":1,"win_rate":0,"timestamp":1550340010,"path_taken":["M","?","M","?","?","E","R","?","T","E","?","M","?","E","R","BOSS","M","?","?","?","$","E"],"build_version":"2019-01-23","purchased_purges":1,"victory":false,"max_hp_per_floor":[70,70,70,70,70,70,70,65,65,65,65,65,65,65,65,65,65,65,65,65,65,65,65],"card_choices":[{"not_picked":["Outmaneuver","Finisher"],"picked":"Dagger Throw","floor":1},{"not_picked":["Acrobatics","Bane"],"picked":"Quick Slash","floor":3},{"not_picked":["Outmaneuver","Prepared"],"picked":"Backflip","floor":4},{"not_picked":["Backstab","Concentrate"],"picked":"Noxious Fumes","floor":5},{"not_picked":["Flying Knee","Finisher"],"picked":"Blade Dance","floor":6},{"not_picked":["Skewer+1","Accuracy"],"picked":"Wraith Form v2","floor":10},{"not_picked":["Flying Knee+1","PiercingWail+1"],"picked":"Backstab+1","floor":12},{"not_picked":["Bane+1","Predator+1"],"picked":"Phantasmal Killer+1","floor":14},{"not_picked":["Grand Finale+1","Unload+1"],"picked":"Adrenaline+1","floor":16},{"not_picked":["Acrobatics+1","Masterful Stab+1"],"picked":"Cloak And Dagger+1","floor":18}],"player_experience":360949,"relics_obtained":[{"floor":6,"key":"Paper Crane"},{"floor":9,"key":"Molten Egg 2"},{"floor":10,"key":"Toxic Egg 2"},{"floor":11,"key":"Boot"},{"floor":14,"key":"Calipers"},{"floor":21,"key":"Unceasing Top"}],"event_choices":[{"damage_healed":0,"gold_gain":0,"player_choice":"Bought 3 Potions","damage_taken":0,"max_hp_gain":0,"max_hp_loss":0,"event_name":"The Woman in Blue","floor":2,"gold_loss":0},{"damage_healed":0,"gold_gain":0,"player_choice":"Lose Max HP","damage_taken":0,"relics_obtained":["Golden Idol"],"max_hp_gain":0,"max_hp_loss":5,"event_name":"Golden Idol","floor":8,"gold_loss":0},{"damage_healed":21,"gold_gain":0,"player_choice":"Banana","damage_taken":0,"max_hp_gain":0,"max_hp_loss":0,"event_name":"Big Fish","floor":13,"gold_loss":0},{"damage_healed":0,"gold_gain":0,"player_choice":"Ignored","damage_taken":0,"max_hp_gain":0,"max_hp_loss":0,"event_name":"Ghosts","floor":19,"gold_loss":0},{"damage_healed":21,"gold_gain":0,"player_choice":"Heal","damage_taken":0,"max_hp_gain":0,"max_hp_loss":0,"event_name":"The Library","floor":20,"gold_loss":0}],"is_beta":false,"boss_relics":[{"not_picked":["Cursed Key","Ectoplasm"],"picked":"Eternal Feather"}],"items_purged_floors":[22],"is_endless":false,"potions_floor_spawned":[3,10,12,14,16,18],"killed_by":"Book of Stabbing","ascension_level":6}