{"path_per_floor":["M","M","M","?","M","E","R","M","T","R","M","?","$","M","R","B",null,"M","M","$","M","?","E","R","M","T","R","M","?","M","M","R"],"character_chosen":"IRONCLAD","items_purchased":["Mummified Hand","Hemokinesis","Combust"],"gold_per_floor":[114,129,144,124,139,169,169,184,184,184,199,374,49,64,64,164,164,179,164,54,69,86,116,116,131,131,131,146,146,161,176,176],"floor_reached":33,"campfire_rested":0,"playtime":2724,"current_hp_per_floor":[78,77,76,75,74,66,66,71,70,69,68,67,66,65,64,50,62,61,60,59,58,51,40,40,45,45,45,51,35,36,35,35],"items_purged":["Doubt"],"gold":176,"score":273,"play_id":"936a78b1-9a3d-4e09-9200-3f52eba2bdd2","local_time":"20180318175012","daily_mods":["Allstar","Uncertain Future","Terminal"],"is_prod":false,"is_daily":true,"is_ascension_mode":false,"campfire_upgraded":6,"timestamp":1521409812,"path_taken":["M","M","?","?","M","E","R","M","T","R","M","?","$","M","R","BOSS","M","M","$","M","?","E","R","M","T","R","M","?","?","M","R","BOSS"],"build_version":"2018-03-16","purchased_purges":1,"victory":false,"master_deck":["Strike_R","Strike_R","Strike_R","Strike_R","Strike_R","Defend_R","Defend_R","Defend_R","Defend_R","Bash+1","Dark Shackles","Secret Weapon","Headbutt","Flex","Shockwave+1","Seeing Red+1","Carnage+1","Rupture+1","Dropkick","Reckless Charge","Exhume","Twin Strike+1","Hemokinesis","Combust","Impervious","Iron Wave+1","Ghostly Armor+1","Shrug It Off","Spot Weakness+1"],"max_hp_per_floor":[78,77,76,75,74,73,72,71,70,69,68,67,66,65,64,63,62,61,60,59,58,57,56,55,54,53,52,51,50,49,48,47],"relics":["Burning Blood","Ornamental Fan","Magic Flower","Mummified Hand","Runic Cube","Red Mask","The Courier","Paper Frog","Enchiridion"],"card_choices":[{"not_picked":["Clothesline","True Grit"],"picked":"Headbutt"},{"not_picked":["Combust","Intimidate"],"picked":"Flex"},{"not_picked":["Heavy Blade","Cleave"],"picked":"Shockwave"},{"not_picked":["Fire Breathing","Sword Boomerang"],"picked":"Seeing Red"},{"not_picked":["Cleave","Clothesline"],"picked":"Carnage"},{"not_picked":["Burning Pact","Corruption"],"picked":"Rupture"},{"not_picked":["Thunderclap","Immolate"],"picked":"Dropkick"},{"not_picked":["Rampage","Armaments"],"picked":"Reckless Charge"},{"not_picked":["Reaper","Juggernaut"],"picked":"Exhume"},{"not_picked":["Rampage","Headbutt"],"picked":"Twin Strike"},{"not_picked":["Headbutt","Sword Boomerang"],"picked":"Impervious"},{"not_picked":["Thunderclap","Twin Strike"],"picked":"Iron Wave"},{"not_picked":["Second Wind","Armaments"],"picked":"Ghostly Armor"},{"not_picked":["Twin Strike","Thunderclap"],"picked":"Shrug It Off"},{"not_picked":["Perfected Strike","Shrug It Off"],"picked":"Spot Weakness"}],"player_experience":591811,"potions_floor_usage":[6,6,22,28,33,33],"damage_taken":[{"damage":2,"enemies":"Cultist","floor":1,"turns":6},{"damage":0,"enemies":"Small Slimes","floor":2,"turns":3},{"damage":0,"enemies":"2 Louse","floor":3,"turns":2},{"damage":2,"enemies":"2 Fungi Beasts","floor":5,"turns":3},{"damage":14,"enemies":"Lagavulin","floor":6,"turns":7},{"damage":0,"enemies":"3 Louse","floor":8,"turns":3},{"damage":1,"enemies":"Exordium Thugs","floor":11,"turns":3},{"damage":0,"enemies":"Blue Slaver","floor":14,"turns":2},{"damage":23,"enemies":"The Guardian","floor":16,"turns":9},{"damage":7,"enemies":"Chosen","floor":18,"turns":6},{"damage":9,"enemies":"2 Thieves","floor":19,"turns":4},{"damage":4,"enemies":"Snecko","floor":21,"turns":4},{"damage":16,"enemies":"Masked Bandits","floor":22,"turns":7},{"damage":20,"enemies":"Slavers","floor":23,"turns":9},{"damage":4,"enemies":"Cultist and Chosen","floor":25,"turns":7},{"damage":3,"enemies":"3 Cultists","floor":28,"turns":5},{"damage":8,"enemies":"Chosen and Byrds","floor":30,"turns":6},{"damage":10,"enemies":"Snake Plant","floor":31,"turns":4},{"damage":38,"enemies":"Champ","floor":33,"turns":9}],"event_choices":[{"event_name":"The Woman in Blue","player_choice":"Bought 1 Potion","floor":4,"damage_taken":0},{"event_name":"Liars Game","player_choice":"agreed","floor":12,"damage_taken":0},{"event_name":"Masked Bandits","player_choice":"Fought over 69 gold","floor":22,"damage_taken":0},{"event_name":"Cursed Tome","player_choice":"Obtained Book","floor":29,"damage_taken":0}],"boss_relics":[{"not_picked":["Astrolabe","Orrery"],"picked":"Runic Cube"}],"potions_floor_spawned":[1,3,6,11,14,21,23,28],"seed_played":"2953517847957516684","killed_by":"Champ","ascension_level":0,"is_trial":false}