{"gold_per_floor":[116,41,41,41,41,67,82,82,107,126,139,150,167,167,167,269,269,255,271,284,0,18,18,18,18,18,18,18,48,26,44,44,139,139,158,169,69,87,100,100,31,31,31,41,41,53,53],"floor_reached":47,"playtime":3824,"items_purged":["Strike_R","Strike_R"],"score":599,"play_id":"9ea2b17c-8007-4a4b-8a28-14a3a6619f8a","local_time":"20190920174218","is_ascension_mode":true,"campfire_choices":[{"data":"Bash","floor":8,"key":"SMITH"},{"floor":15,"key":"REST"},{"floor":23,"key":"REST"},{"data":"Barricade","floor":25,"key":"SMITH"},{"data":"Demon Form","floor":28,"key":"SMITH"},{"floor":32,"key":"REST"},{"floor":40,"key":"REST"}],"neow_cost":"NONE","seed_source_timestamp":2934571511500,"circlet_count":0,"master_deck":["Defend_R","Defend_R+1","Defend_R","Defend_R+1","Bash+1","Impervious","Headbutt","Shrug It Off","Whirlwind","Double Tap","Metallicize","Demon Form+1","Armaments+1","Shrug It Off","Pommel Strike","Barricade+1","Heavy Blade","Evolve","True Grit","Disarm","Feed","Pummel+1","Body Slam","Battle Trance+1","Juggernaut","Finesse","Inflame"],"relics":["Burning Blood","NeowsBlessing","Gambling Chip","War Paint","Pocketwatch","SlaversCollar","Oddly Smooth Stone","MutagenicStrength","Blood Vial","Bag of Marbles","Fusion Hammer","Shuriken"],"potions_floor_usage":[11,13,16,18,29,29,38,39,44,46,46],"damage_taken":[{"damage":0,"enemies":"Small Slimes","floor":1,"turns":1},{"damage":0,"enemies":"Gremlin Nob","floor":6,"turns":1},{"damage":0,"enemies":"Cultist","floor":7,"turns":1},{"damage":4,"enemies":"Jaw Worm","floor":10,"turns":3},{"damage":5,"enemies":"Blue Slaver","floor":11,"turns":3},{"damage":0,"enemies":"Lots of Slimes","floor":12,"turns":1},{"damage":21,"enemies":"Exordium Thugs","floor":13,"turns":4},{"damage":52,"enemies":"The Guardian","floor":16,"turns":15},{"damage":14,"enemies":"2 Thieves","floor":18,"turns":4},{"damage":3,"enemies":"3 Byrds","floor":19,"turns":4},{"damage":44,"enemies":"3 Cultists","floor":20,"turns":6},{"damage":0,"enemies":"Snecko","floor":22,"turns":6},{"damage":23,"enemies":"Book of Stabbing","floor":29,"turns":6},{"damage":21,"enemies":"Cultist and Chosen","floor":31,"turns":13},{"damage":26,"enemies":"Collector","floor":33,"turns":7},{"damage":16,"enemies":"Orb Walker","floor":35,"turns":4},{"damage":15,"enemies":"3 Shapes","floor":36,"turns":6},{"damage":0,"enemies":"Maw","floor":38,"turns":8},{"damage":16,"enemies":"3 Darklings","floor":39,"turns":7},{"damage":38,"enemies":"Spire Growth","floor":44,"turns":9},{"damage":52,"enemies":"Transient","floor":46,"turns":5},{"damage":0,"enemies":"Sphere and 2 Shapes","floor":47,"turns":3}],"seed_played":"-691010987530911142","potions_obtained":[{"floor":10,"key":"EntropicBrew"},{"floor":11,"key":"LiquidBronze"},{"floor":16,"key":"ElixirPotion"},{"floor":22,"key":"Dexterity Potion"},{"floor":31,"key":"SteroidPotion"},{"floor":33,"key":"SpeedPotion"},{"floor":36,"key":"SpeedPotion"},{"floor":39,"key":"EssenceOfSteel"},{"floor":44,"key":"FearPotion"}],"is_trial":false,"path_per_floor":["M","$","?","$","?","E","M","R","T","M","M","M","M","?","R","B",null,"M","M","M","$","M","R","?","R","T","?","R","E","$","M","R","B",null,"M","M","$","M","M","R","$","$","T","M","?","M","M"],"character_chosen":"IRONCLAD","items_purchased":["Barricade","Oddly Smooth Stone","True Grit","Juggernaut"],"campfire_rested":4,"item_purchase_floors":[21,21,30,41],"current_hp_per_floor":[80,80,80,80,80,80,80,80,80,80,80,80,65,47,71,25,80,72,75,37,37,43,67,67,67,67,67,67,52,52,39,63,45,80,70,67,67,75,67,84,84,84,84,52,52,8,10],"gold":53,"neow_bonus":"THREE_ENEMY_KILL","is_prod":false,"is_daily":false,"chose_seed":false,"campfire_upgraded":3,"win_rate":0,"timestamp":1568997738,"path_taken":["M","$","?","?","?","E","M","R","T","M","M","M","?","?","R","BOSS","M","M","M","$","M","R","?","R","T","?","R","E","$","M","R","BOSS","M","M","$","M","M","R","?","$","T","?","?","M","M"],"build_version":"2019-09-19","purchased_purges":2,"victory":false,"max_hp_per_floor":[80,80,80,80,80,80,80,80,80,80,80,80,80,80,80,80,80,80,80,80,80,80,80,80,80,80,80,80,80,80,80,80,80,80,80,84,84,84,84,84,84,84,84,84,84,84,84],"card_choices":[{"not_picked":["Twin Strike","Wild Strike","Infernal Blade"],"picked":"SKIP","floor":1},{"not_picked":["Reckless Charge","Second Wind"],"picked":"Impervious","floor":6},{"not_picked":["Cleave","Thunderclap"],"picked":"Headbutt","floor":7},{"not_picked":["Armaments","Metallicize"],"picked":"Shrug It Off","floor":10},{"not_picked":["Anger","Body Slam"],"picked":"Whirlwind","floor":11},{"not_picked":["Hemokinesis","Sentinel"],"picked":"Double Tap","floor":12},{"not_picked":["Body Slam","Anger"],"picked":"Metallicize","floor":13},{"not_picked":["Impervious","Brutality"],"picked":"Demon Form","floor":16},{"not_picked":["Headbutt+1","Cleave+1"],"picked":"Armaments+1","floor":18},{"not_picked":["Wild Strike","Blood for Blood"],"picked":"Shrug It Off","floor":19},{"not_picked":["Armaments","Body Slam"],"picked":"Pommel Strike","floor":20},{"not_picked":["Twin Strike","Havoc"],"picked":"Heavy Blade","floor":22},{"not_picked":["Power Through","Berserk"],"picked":"Evolve","floor":29},{"not_picked":["Cleave","Armaments"],"picked":"Disarm","floor":31},{"not_picked":["Dark Embrace","Brutality"],"picked":"Feed","floor":33},{"not_picked":["Headbutt+1","True Grit+1"],"picked":"Pummel+1","floor":35},{"not_picked":["True Grit","Headbutt+1","Disarm+1"],"picked":"SKIP","floor":36},{"not_picked":["True Grit","Headbutt+1","Disarm+1"],"picked":"SKIP","floor":36},{"not_picked":["Flex","Bloodletting+1"],"picked":"Body Slam","floor":38},{"not_picked":["Body Slam+1","Feel No Pain"],"picked":"Battle Trance+1","floor":39},{"not_picked":["Fire Breathing+1","Sword Boomerang+1","Clothesline+1"],"picked":"SKIP","floor":44},{"not_picked":["Trip","Panache"],"picked":"Finesse","floor":45},{"not_picked":["Thunderclap","Evolve+1"],"picked":"Inflame","floor":46}],"player_experience":218978,"relics_obtained":[{"floor":6,"key":"Gambling Chip"},{"floor":9,"key":"War Paint"},{"floor":26,"key":"Blood Vial"},{"floor":29,"key":"Bag of Marbles"},{"floor":43,"key":"Shuriken"}],"event_choices":[{"cards_removed":["Strike_R"],"damage_healed":0,"gold_gain":0,"player_choice":"Card Removal","damage_taken":0,"max_hp_gain":0,"max_hp_loss":0,"event_name":"Wheel of Change","floor":3,"gold_loss":0},{"cards_removed":["Strike_R"],"damage_healed":0,"gold_gain":0,"player_choice":"Purged","damage_taken":0,"max_hp_gain":0,"max_hp_loss":0,"event_name":"Purifier","floor":5,"gold_loss":0},{"damage_healed":0,"gold_gain":0,"player_choice":"Success","damage_taken":18,"relics_obtained":["Pocketwatch"],"max_hp_gain":0,"max_hp_loss":0,"event_name":"Scrap Ooze","floor":14,"gold_loss":0},{"damage_healed":0,"gold_gain":0,"player_choice":"Inject Mutagens","damage_taken":0,"relics_obtained":["MutagenicStrength"],"max_hp_gain":0,"max_hp_loss":0,"event_name":"Drug Dealer","floor":24,"gold_loss":0},{"cards_removed":["Strike_R"],"damage_healed":0,"gold_gain":0,"player_choice":"Offered Basic","damage_taken":0,"max_hp_gain":0,"max_hp_loss":0,"event_name":"Bonfire Elementals","floor":27,"gold_loss":0},{"damage_healed":0,"gold_gain":0,"player_choice":"Memory 1","damage_taken":0,"max_hp_gain":0,"max_hp_loss":0,"event_name":"SensoryStone","floor":45,"gold_loss":0}],"is_beta":true,"boss_relics":[{"not_picked":["Black Star","Runic Cube"],"picked":"SlaversCollar"},{"not_picked":["Empty Cage","Mark of Pain"],"picked":"Fusion Hammer"}],"items_purged_floors":[2,37],"is_endless":false,"potions_floor_spawned":[10,11,16,22,31,33,36,39,44],"killed_by":"Sphere and 2 Shapes","ascension_level":4}