{"gold_per_floor":[117,136,150,150,150,179,104,104,172,172,192,204,45,61,61,61],"floor_reached":16,"playtime":1278,"items_purged":["Defend_B","Strike_B"],"score":204,"play_id":"50b06abf-8f86-4d31-a130-0213f3089a26","local_time":"20190928000130","is_ascension_mode":true,"campfire_choices":[{"data":"Sweeping Beam","floor":8.0,"key":"SMITH"},{"floor":10.0,"key":"REST"},{"data":"Go for the Eyes","floor":15,"key":"SMITH"}],"neow_cost":"NONE","seed_source_timestamp":1649065410031042,"circlet_count":0,"master_deck":["AscendersBane","Strike_B","Defend_B","Defend_B","Defend_B","Zap+1","Dualcast","Undo","Auto Shields","Coolheaded","Sweeping Beam+1","Go for the Eyes+1","Ball Lightning"],"special_seed":0,"relics":["Cracked Core","Oddly Smooth Stone","Dodecahedron"],"potions_floor_usage":[14,16],"damage_taken":[{"damage":2.0,"enemies":"2 Louse","floor":1.0,"turns":3.0},{"damage":0.0,"enemies":"Jaw Worm","floor":2.0,"turns":5.0},{"damage":0.0,"enemies":"Cultist","floor":3.0,"turns":3.0},{"damage":35.0,"enemies":"3 Sentries","floor":6.0,"turns":17.0},{"damage":0.0,"enemies":"Red Slaver","floor":11.0,"turns":3.0},{"damage":4.0,"enemies":"Lots of Slimes","floor":12.0,"turns":2.0},{"damage":0,"enemies":"Gremlin Gang","floor":14,"turns":3},{"damage":37,"enemies":"Hexaghost","floor":16,"turns":12}],"seed_played":"-1205596381057875542","potions_obtained":[{"floor":1.0,"key":"SpeedPotion"},{"floor":2.0,"key":"FearPotion"}],"is_trial":false,"path_per_floor":["M","M","M","?","?","E","$","R","T","R","M","M","$","M","R","B"],"character_chosen":"DEFECT","items_purchased":["Ball Lightning"],"campfire_rested":1,"item_purchase_floors":[13],"current_hp_per_floor":[62,62,62,62,55,20,20,20,20,41,41,37,37,37,37,0],"gold":61,"neow_bonus":"UPGRADE_CARD","is_prod":false,"is_daily":false,"chose_seed":false,"campfire_upgraded":2,"win_rate":0,"timestamp":1569643290,"path_taken":["M","M","M","?","?","E","?","R","T","R","M","?","?","M","R","BOSS"],"build_version":"2019-07-17","purchased_purges":2,"victory":false,"max_hp_per_floor":[71,71,71,71,71,71,71,71,71,71,71,71,71,71,71,71],"card_choices":[{"not_picked":["Tempest","Hologram"],"picked":"Undo","floor":1.0},{"not_picked":["Heatsinks","Turbo"],"picked":"Auto Shields","floor":2.0},{"not_picked":["Aggregate","Barrage","Scrape"],"picked":"SKIP","floor":3.0},{"not_picked":["Barrage","Steam"],"picked":"Sweeping Beam","floor":6.0},{"not_picked":["Streamline","Sweeping Beam","Hologram"],"picked":"SKIP","floor":11.0},{"not_picked":["Stack","Compile Driver"],"picked":"Go for the Eyes","floor":12.0},{"not_picked":["Redo","Ball Lightning","BootSequence"],"picked":"SKIP","floor":14}],"player_experience":500110,"relics_obtained":[{"floor":6.0,"key":"Oddly Smooth Stone"},{"floor":9.0,"key":"Dodecahedron"}],"event_choices":[{"damage_healed":0.0,"max_hp_gain":0.0,"max_hp_loss":0.0,"gold_gain":0.0,"cards_transformed":["Strike_B"],"event_name":"Living Wall","player_choice":"Change","floor":4.0,"gold_loss":0.0,"damage_taken":0.0,"cards_obtained":["Coolheaded"]},{"cards_removed":["Strike_B"],"damage_healed":0.0,"max_hp_gain":0.0,"max_hp_loss":0.0,"gold_gain":0.0,"event_name":"Golden Wing","player_choice":"Card Removal","floor":5.0,"gold_loss":0.0,"damage_taken":7.0}],"is_beta":false,"boss_relics":[],"items_purged_floors":[7,13],"is_endless":false,"potions_floor_spawned":[1,2,6],"killed_by":"Hexaghost","ascension_level":20}