{"gold_per_floor":[116,41,52,52,78,78,43,71,96,18,31,31,31,49,49,122,122,142],"floor_reached":18,"playtime":544,"items_purged":["Decay"],"score":296,"play_id":"b90763ca-991f-412f-b22f-98542669ce27","local_time":"20190927121130","is_ascension_mode":true,"campfire_choices":[{"data":"Neutralize","floor":6.0,"key":"SMITH"},{"data":"Deadly Poison","floor":13.0,"key":"SMITH"},{"floor":15.0,"key":"REST"}],"neow_cost":"CURSE","seed_source_timestamp":361144362257195,"circlet_count":0,"master_deck":["AscendersBane","Strike_G","Strike_G","Strike_G","Strike_G","Strike_G","Defend_G","Defend_G","Defend_G","Defend_G","Defend_G+1","Survivor+1","Neutralize+1","Predator","Poisoned Stab","Glass Knife","Escape Plan","Deadly Poison+1","Setup","Phantasmal Killer","Quick Slash"],"special_seed":0,"relics":["Ring of the Snake","Tingsha","War Paint","Anchor","Juzu Bracelet","WristBlade"],"potions_floor_usage":[16,16],"damage_taken":[{"damage":10.0,"enemies":"Jaw Worm","floor":1.0,"turns":6.0},{"damage":3.0,"enemies":"Small Slimes","floor":3.0,"turns":4.0},{"damage":39.0,"enemies":"3 Sentries","floor":8.0,"turns":10.0},{"damage":0.0,"enemies":"2 Louse","floor":11.0,"turns":2.0},{"damage":0.0,"enemies":"Looter","floor":14.0,"turns":3.0},{"damage":41,"enemies":"Slime Boss","floor":16,"turns":10},{"damage":49,"enemies":"3 Byrds","floor":18,"turns":7}],"seed_played":"6968383345717233724","potions_obtained":[{"floor":8.0,"key":"SkillPotion"},{"floor":14.0,"key":"FearPotion"}],"is_trial":false,"path_per_floor":["M","$","M","?","T","R","?","E","T","$","M","?","R","M","R","B",null,"M"],"character_chosen":"THE_SILENT","items_purchased":["Escape Plan"],"campfire_rested":1,"item_purchase_floors":[10],"current_hp_per_floor":[49,49,46,46,46,46,62,23,23,23,23,23,23,23,42,1,50,1],"gold":142,"neow_bonus":"ONE_RARE_RELIC","is_prod":false,"is_daily":false,"chose_seed":false,"campfire_upgraded":2,"win_rate":0,"timestamp":1569611490,"path_taken":["M","$","M","?","?","R","?","E","T","$","M","?","R","M","R","BOSS","M"],"build_version":"2019-09-27","purchased_purges":1,"victory":false,"max_hp_per_floor":[66,66,66,66,66,66,66,66,66,66,66,66,66,66,66,66,66,66],"card_choices":[{"not_picked":["Deflect","Cloak And Dagger"],"picked":"Predator","floor":1.0},{"not_picked":["Expertise","Deadly Poison"],"picked":"Poisoned Stab","floor":3.0},{"not_picked":["Outmaneuver","PiercingWail"],"picked":"Glass Knife","floor":8.0},{"not_picked":["Riddle With Holes","Acrobatics"],"picked":"Deadly Poison","floor":11.0},{"not_picked":["Flying Knee","Reflex"],"picked":"Setup","floor":14.0},{"not_picked":["After Image","Malaise"],"picked":"Phantasmal Killer","floor":16},{"not_picked":["PiercingWail","Eviscerate"],"picked":"Quick Slash","floor":18}],"player_experience":685750,"relics_obtained":[{"floor":5.0,"key":"War Paint"},{"floor":8.0,"key":"Anchor"},{"floor":9.0,"key":"Juzu Bracelet"}],"event_choices":[{"damage_healed":0.0,"max_hp_gain":0.0,"max_hp_loss":0.0,"gold_gain":0.0,"event_name":"Liars Game","player_choice":"Ignored","floor":4.0,"gold_loss":0.0,"damage_taken":0.0},{"damage_healed":16.0,"max_hp_gain":0.0,"max_hp_loss":0.0,"gold_gain":0.0,"event_name":"The Cleric","player_choice":"Healed","floor":7.0,"gold_loss":35.0,"damage_taken":0.0},{"damage_healed":0.0,"max_hp_gain":0.0,"max_hp_loss":0.0,"gold_gain":0.0,"event_name":"Golden Idol","player_choice":"Ignored","floor":12.0,"gold_loss":0.0,"damage_taken":0.0}],"is_beta":true,"boss_relics":[{"not_picked":["Astrolabe","Philosopher\u0027s Stone"],"picked":"WristBlade"}],"items_purged_floors":[2],"is_endless":false,"potions_floor_spawned":[8,14],"killed_by":"3 Byrds","ascension_level":17}