{"gold_per_floor":[116,116,139,24,199,199,274,292,337,362,385,406,422,11,11,140,203,228,228,204,218,237,237,237,176,202,202,214,78,92,104,104,200,200,216,216,13,31,46,46,57,77,77,90,7,7,23,34,34,34],"floor_reached":51,"playtime":5275,"items_purged":["Injury","Doubt","Strike_B"],"score":622,"play_id":"8e3c7011-8d79-4095-9bca-1104def9c0c8","local_time":"20190703221209","is_ascension_mode":false,"campfire_choices":[{"data":"Loop","floor":6,"key":"SMITH"},{"floor":15,"key":"REST"},{"floor":23,"key":"REST"},{"floor":27,"key":"REST"},{"data":"Go for the Eyes","floor":32,"key":"SMITH"},{"data":"Capacitor","floor":40,"key":"SMITH"},{"floor":46,"key":"REST"},{"data":"Coolheaded","floor":49,"key":"SMITH"}],"neow_cost":"NONE","seed_source_timestamp":14235732872500,"circlet_count":0,"master_deck":["Strike_B","Strike_B","Strike_B","Defend_B","Defend_B","Defend_B","Defend_B","Zap","Dualcast+1","Loop+1","Force Field","Genetic Algorithm","Capacitor","Capacitor+1","Buffer","Go for the Eyes+1","Seek","Conserve Battery+1","Cold Snap","FTL+1","Coolheaded+1","Machine Learning","Cold Snap+1","Buffer","Hologram+1","Reboot","Zap","Conserve Battery","Echo Form","Tempest","Machine Learning","White Noise+1"],"relics":["Cracked Core","Dream Catcher","Bloody Idol","Orichalcum","Boot","Membership Card","Anchor","Vajra","Tiny House","Pocketwatch","Pen Nib","Lizard Tail","Gambling Chip","Question Card"],"potions_floor_usage":[16,16,16,18,20,20,21,22,22,30,38,38,39,41,42,47,50,50,50],"damage_taken":[{"damage":2,"enemies":"Small Slimes","floor":1,"turns":3},{"damage":3,"enemies":"Jaw Worm","floor":3,"turns":4},{"damage":0,"enemies":"2 Louse","floor":8,"turns":3},{"damage":7,"enemies":"2 Fungi Beasts","floor":10,"turns":4},{"damage":17,"enemies":"Gremlin Gang","floor":12,"turns":5},{"damage":9,"enemies":"Looter","floor":13,"turns":3},{"damage":39,"enemies":"The Guardian","floor":16,"turns":12},{"damage":29,"enemies":"Spheric Guardian","floor":18,"turns":7},{"damage":8,"enemies":"2 Thieves","floor":20,"turns":5},{"damage":7,"enemies":"Cultist and Chosen","floor":21,"turns":8},{"damage":26,"enemies":"Snecko","floor":22,"turns":8},{"damage":11,"enemies":"Centurion and Healer","floor":28,"turns":12},{"damage":1,"enemies":"3 Cultists","floor":30,"turns":8},{"damage":0,"enemies":"Cultist and Chosen","floor":31,"turns":8},{"damage":50,"enemies":"Collector","floor":33,"turns":23},{"damage":0,"enemies":"3 Shapes","floor":35,"turns":8},{"damage":15,"enemies":"3 Darklings","floor":38,"turns":10},{"damage":0,"enemies":"Spire Growth","floor":39,"turns":8},{"damage":0,"enemies":"4 Shapes","floor":41,"turns":9},{"damage":8,"enemies":"Transient","floor":42,"turns":5},{"damage":23,"enemies":"Jaw Worm Horde","floor":44,"turns":10},{"damage":17,"enemies":"Sphere and 2 Shapes","floor":47,"turns":7},{"damage":3,"enemies":"Maw","floor":48,"turns":11},{"damage":22,"enemies":"Time Eater","floor":50,"turns":13}],"seed_played":"7833718155263961440","potions_obtained":[{"floor":10,"key":"Swift Potion"},{"floor":12,"key":"Strength Potion"},{"floor":13,"key":"FocusPotion"},{"floor":17,"key":"SneckoOil"},{"floor":19,"key":"SpeedPotion"},{"floor":19,"key":"Strength Potion"},{"floor":19,"key":"SneckoOil"},{"floor":20,"key":"Ancient Potion"},{"floor":21,"key":"LiquidBronze"},{"floor":28,"key":"Block Potion"},{"floor":33,"key":"FocusPotion"},{"floor":38,"key":"Ancient Potion"},{"floor":39,"key":"Explosive Potion"},{"floor":44,"key":"Poison Potion"},{"floor":47,"key":"PowerPotion"},{"floor":48,"key":"SkillPotion"}],"is_trial":false,"path_per_floor":["M","?","M","$","?","R","?","M","T","M","T","M","M","$","R","B",null,"M","?","M","M","M","R","?","?","T","R","M","$","M","M","R","B",null,"M","?","$","M","M","R","M","M","T","M","$","R","M","M","R","B",null],"character_chosen":"DEFECT","items_purchased":["Loop","Membership Card","Anchor","Vajra","Machine Learning","Gambling Chip","Weak Potion","Strength Potion","Echo Form","PowerPotion","Energy Potion"],"campfire_rested":4,"item_purchase_floors":[4,14,14,14,29,37,37,37,45,45,45],"current_hp_per_floor":[73,73,70,70,70,70,59,59,59,52,52,35,26,26,48,9,80,51,51,43,36,10,34,34,34,39,63,57,57,61,66,66,21,80,80,80,80,70,75,75,80,77,77,59,59,80,68,70,70,48],"gold":34,"neow_bonus":"RANDOM_COMMON_RELIC","is_prod":false,"is_daily":false,"chose_seed":false,"campfire_upgraded":4,"win_rate":0,"timestamp":1562188329,"path_taken":["M","?","M","$","?","R","?","M","T","M","?","M","M","$","R","BOSS","M","?","M","M","?","R","?","?","T","R","M","$","?","M","R","BOSS","M","?","$","M","M","R","?","M","T","M","?","R","M","?","R","BOSS"],"build_version":"2019-07-01","purchased_purges":3,"victory":true,"max_hp_per_floor":[75,75,75,75,75,75,75,75,75,75,75,75,75,75,75,75,80,80,80,80,80,80,80,80,80,80,80,80,80,80,80,80,80,80,80,80,80,80,80,80,80,80,80,80,80,80,80,80,80,80],"card_choices":[{"not_picked":["Barrage","Leap","Steam Power"],"picked":"SKIP","floor":1},{"not_picked":["Fusion","Static Discharge","Auto Shields"],"picked":"SKIP","floor":3},{"not_picked":["Turbo","Scrape"],"picked":"Force Field","floor":8},{"not_picked":["Reprogram","Rebound","Chaos"],"picked":"SKIP","floor":10},{"not_picked":["Gash","Steam"],"picked":"Genetic Algorithm","floor":12},{"not_picked":["Go for the Eyes","Storm"],"picked":"Capacitor","floor":13},{"not_picked":["Reinforced Body","Redo"],"picked":"Capacitor","floor":15},{"not_picked":["Thunder Strike","Reboot"],"picked":"Buffer","floor":16},{"not_picked":["Compile Driver","Doom and Gloom"],"picked":"Go for the Eyes","floor":17},{"not_picked":["Streamline","Rip and Tear","Sweeping Beam"],"picked":"SKIP","floor":18},{"not_picked":["Redo","Beam Cell","Doom and Gloom"],"picked":"SKIP","floor":20},{"not_picked":["Heatsinks","Redo"],"picked":"Seek","floor":21},{"not_picked":["Sweeping Beam","Coolheaded"],"picked":"Conserve Battery+1","floor":22},{"not_picked":["Turbo","Leap+1"],"picked":"Cold Snap","floor":23},{"not_picked":["Reboot","Leap"],"picked":"FTL+1","floor":27},{"not_picked":["Heatsinks","Barrage"],"picked":"Coolheaded","floor":28},{"not_picked":["Compile Driver+1","Reprogram","Auto Shields"],"picked":"SKIP","floor":30},{"not_picked":["Rip and Tear","Steam+1"],"picked":"Cold Snap+1","floor":31},{"not_picked":["All For One","Fission"],"picked":"Buffer","floor":33},{"not_picked":["Gash+1","Rebound+1"],"picked":"Hologram+1","floor":35},{"not_picked":["Fusion","Redo","Compile Driver"],"picked":"SKIP","floor":38},{"not_picked":["Leap+1","Gash+1"],"picked":"Conserve Battery","floor":39},{"not_picked":["Steam","Leap","Rainbow"],"picked":"SKIP","floor":41},{"not_picked":["Compile Driver","Stack+1","Redo"],"picked":"SKIP","floor":42},{"not_picked":["Rebound","Aggregate","Beam Cell","Genetic Algorithm+1"],"picked":"SKIP","floor":44},{"not_picked":["Rebound+1","Hologram","Barrage"],"picked":"Tempest","floor":46},{"not_picked":["Heatsinks","Lockon","Stack+1"],"picked":"Machine Learning","floor":47},{"not_picked":["Go for the Eyes","Melter","Stack+1"],"picked":"White Noise+1","floor":48}],"player_experience":30201,"relics_obtained":[{"floor":9,"key":"Orichalcum"},{"floor":11,"key":"Boot"},{"floor":26,"key":"Pen Nib"},{"floor":43,"key":"Question Card"}],"event_choices":[{"damage_healed":0,"gold_gain":0,"player_choice":"Take Wound","damage_taken":0,"relics_obtained":["Golden Idol"],"max_hp_gain":0,"max_hp_loss":0,"event_name":"Golden Idol","floor":2,"gold_loss":0,"cards_obtained":["Injury"]},{"damage_healed":0,"gold_gain":175,"player_choice":"AGREE","damage_taken":0,"max_hp_gain":0,"max_hp_loss":0,"event_name":"Liars Game","floor":5,"gold_loss":0,"cards_obtained":["Doubt"]},{"damage_healed":0,"gold_gain":75,"player_choice":"Gather Gold","damage_taken":11,"max_hp_gain":0,"max_hp_loss":0,"event_name":"World of Goop","floor":7,"gold_loss":0},{"damage_healed":0,"gold_gain":0,"player_choice":"Got Potions","damage_taken":0,"max_hp_gain":0,"max_hp_loss":0,"event_name":"Lab","floor":19,"gold_loss":0},{"damage_healed":0,"gold_gain":0,"player_choice":"Gave Idol","damage_taken":0,"relics_obtained":["Bloody Idol"],"max_hp_gain":0,"max_hp_loss":0,"event_name":"Forgotten Altar","floor":24,"relics_lost":["Golden Idol"],"gold_loss":0},{"damage_healed":0,"gold_gain":0,"player_choice":"Paid Gold","damage_taken":0,"relics_obtained":["Pocketwatch"],"max_hp_gain":0,"max_hp_loss":0,"event_name":"WeMeetAgain","floor":25,"gold_loss":61},{"damage_healed":0,"gold_gain":0,"player_choice":"2 cards matched","damage_taken":0,"max_hp_gain":0,"max_hp_loss":0,"event_name":"Match and Keep!","floor":36,"gold_loss":0,"cards_obtained":["Reboot","Zap"]}],"is_beta":false,"boss_relics":[{"not_picked":["Fusion Hammer","Runic Dome"],"picked":"Tiny House"},{"not_picked":["Runic Pyramid","Calling Bell"],"picked":"Lizard Tail"}],"items_purged_floors":[4,14,29],"is_endless":false,"potions_floor_spawned":[10,12,13,20,21,28,33,38,39,44,47,48],"ascension_level":0}