{"gold_per_floor":[116,130,141,141,151,151,18,48,48,77,77,87,87,122,122,226,226,245,228,228],"floor_reached":20,"playtime":1735,"items_purged":[],"score":243,"play_id":"a5f28c11-09dc-4692-a737-b5d51e1d74ed","local_time":"20180915235741","is_ascension_mode":true,"campfire_choices":[{"floor":6,"key":"REST"},{"floor":13,"key":"REST"},{"floor":15,"key":"REST"}],"neow_cost":"NONE","seed_source_timestamp":3148050714100,"circlet_count":0,"master_deck":["Defend_G","Defend_G","Defend_G","Defend_G","Defend_G","Strike_G","Strike_G","Strike_G","Strike_G","Strike_G","Survivor","Neutralize","Deadly Poison","Reflex","Dagger Spray","Deadly Poison","Tactician","Quick Slash","Underhanded Strike","Endless Agony","Catalyst","Burst","Envenom+1","Well Laid Plans+1","Sucker Punch","Dagger Throw","Prepared","Backstab","Backflip"],"relics":["HoveringKite","Boot","Bottled Flame","Frozen Egg 2","WingedGreaves","Orrery"],"potions_floor_usage":[10,14,14,18,20],"damage_taken":[{"damage":14,"enemies":"Cultist","floor":1,"turns":6},{"damage":1,"enemies":"Small Slimes","floor":2,"turns":4},{"damage":1,"enemies":"2 Louse","floor":3,"turns":3},{"damage":16,"enemies":"Red Slaver","floor":5,"turns":4},{"damage":23,"enemies":"Gremlin Nob","floor":8,"turns":5},{"damage":22,"enemies":"Lagavulin","floor":10,"turns":5},{"damage":0,"enemies":"3 Louse","floor":12,"turns":2},{"damage":15,"enemies":"3 Sentries","floor":14,"turns":5},{"damage":28,"enemies":"The Guardian","floor":16,"turns":10},{"damage":31,"enemies":"Spheric Guardian","floor":18,"turns":6},{"damage":31,"enemies":"2 Thieves","floor":19,"turns":4},{"damage":10,"enemies":"Snake Plant","floor":20,"turns":1}],"seed_played":"-2003217321093421199","potions_obtained":[{"floor":2,"key":"Explosive Potion"},{"floor":5,"key":"GamblersBrew"},{"floor":8,"key":"GhostInAJar"},{"floor":10,"key":"Fruit Juice"},{"floor":11,"key":"AttackPotion"},{"floor":19,"key":"Swift Potion"}],"is_trial":false,"path_per_floor":["M","M","M","?","M","R","$","E","T","E","?","M","R","E","R","B",null,"M","M"],"character_chosen":"THE_SILENT","items_purchased":["Tactician","Quick Slash"],"campfire_rested":3,"item_purchase_floors":[7,7],"current_hp_per_floor":[56,55,54,59,43,65,65,42,42,25,25,25,49,34,58,30,68,37,6,0],"gold":228,"neow_bonus":"BOSS_RELIC","is_prod":false,"is_daily":false,"chose_seed":false,"campfire_upgraded":0,"win_rate":0,"timestamp":1537081061,"path_taken":["M","?","M","?","M","R","$","E","T","E","?","M","R","E","R","BOSS","M","M","?"],"build_version":"2018-09-06","purchased_purges":0,"victory":false,"max_hp_per_floor":[70,70,70,75,75,75,75,75,75,80,80,80,80,80,80,80,80,80,80,80],"card_choices":[{"not_picked":["Blade Dance","Poisoned Stab"],"picked":"Deadly Poison","floor":1},{"not_picked":["Poisoned Stab","Slice"],"picked":"Reflex","floor":2},{"not_picked":["Quick Slash","PiercingWail"],"picked":"Dagger Spray","floor":3},{"not_picked":["Deflect","Bane"],"picked":"Deadly Poison","floor":5},{"not_picked":["Sucker Punch","Slice"],"picked":"Underhanded Strike","floor":8},{"not_picked":["Calculated Gamble","Sucker Punch"],"picked":"Endless Agony","floor":10},{"not_picked":["PiercingWail","Poisoned Stab"],"picked":"Catalyst","floor":12},{"not_picked":["Dodge and Roll","Cloak And Dagger"],"picked":"Burst","floor":14},{"not_picked":["Wraith Form v2+1","Unload"],"picked":"Envenom+1","floor":16},{"not_picked":["Bouncing Flask","Calculated Gamble"],"picked":"Well Laid Plans+1","floor":17},{"not_picked":["Bane","Tactician"],"picked":"Sucker Punch","floor":17},{"not_picked":["Setup","Underhanded Strike"],"picked":"Dagger Throw","floor":17},{"not_picked":["Dodge and Roll","Deadly Poison"],"picked":"Prepared","floor":17},{"not_picked":["Infinite Blades+1","Bane"],"picked":"Backstab","floor":18},{"not_picked":["Dagger Throw","Underhanded Strike+1"],"picked":"Backflip","floor":19}],"player_experience":399590,"relics_obtained":[{"floor":8,"key":"Boot"},{"floor":9,"key":"Bottled Flame"},{"floor":10,"key":"Frozen Egg 2"},{"floor":14,"key":"WingedGreaves"}],"event_choices":[{"event_name":"Big Fish","player_choice":"Donut","floor":4,"damage_taken":0},{"event_name":"The Lab","player_choice":"Got Potions","floor":11,"damage_taken":0}],"is_beta":false,"boss_relics":[{"not_picked":["Runic Dome","Philosopher\u0027s Stone"],"picked":"Orrery"}],"items_purged_floors":[],"is_endless":false,"potions_floor_spawned":[2,5,8,10,19],"killed_by":"Snake Plant","ascension_level":5}