{"gold_per_floor":[112,187,187,59,72,72,107,107,107,107,127,139,154,167,167,242,242,259,273,223,223],"floor_reached":21,"playtime":1252,"items_purged":[],"score":412,"play_id":"00a06b29-5347-41a0-95c6-0679f61bbe97","local_time":"20190927192720","is_ascension_mode":true,"campfire_choices":[{"data":"Blizzard","floor":6.0,"key":"SMITH"},{"data":"Conserve Battery","floor":8.0,"key":"SMITH"},{"data":"1","floor":10.0,"key":"LIFT"},{"data":"Consume","floor":15.0,"key":"SMITH"}],"neow_cost":"NONE","seed_source_timestamp":1632609052486627,"circlet_count":0,"master_deck":["AscendersBane","Strike_B","Strike_B","Strike_B","Strike_B","Defend_B","Defend_B","Defend_B","Defend_B+1","Zap","Dualcast","Blizzard+1","Conserve Battery+1","Consume+1","Self Repair","Seek","FTL+1"],"special_seed":0,"relics":["Cracked Core","NeowsBlessing","Unceasing Top","Pocketwatch","StoneCalendar","Girya","Sozu"],"potions_floor_usage":[],"damage_taken":[{"damage":0.0,"enemies":"Small Slimes","floor":1.0,"turns":1.0},{"damage":0.0,"enemies":"Jaw Worm","floor":5.0,"turns":1.0},{"damage":0.0,"enemies":"Lagavulin","floor":7.0,"turns":1.0},{"damage":0.0,"enemies":"Cultist","floor":11.0,"turns":3.0},{"damage":2.0,"enemies":"Looter","floor":12.0,"turns":3.0},{"damage":4.0,"enemies":"Red Slaver","floor":13.0,"turns":3.0},{"damage":16.0,"enemies":"Large Slime","floor":14.0,"turns":6.0},{"damage":36.0,"enemies":"Hexaghost","floor":16.0,"turns":11.0},{"damage":20.0,"enemies":"Chosen","floor":18.0,"turns":5.0},{"damage":21.0,"enemies":"Spheric Guardian","floor":19.0,"turns":5.0},{"damage":31,"enemies":"Chosen and Byrds","floor":21,"turns":5}],"seed_played":"-5720220246775159253","potions_obtained":[{"floor":11.0,"key":"SkillPotion"},{"floor":13.0,"key":"FearPotion"},{"floor":14.0,"key":"FocusPotion"},{"floor":16.0,"key":"SpeedPotion"}],"is_trial":false,"path_per_floor":["M","?","T","?","M","R","E","R","T","R","M","M","M","M","R","B",null,"M","M","?","M"],"character_chosen":"DEFECT","items_purchased":[],"campfire_rested":0,"item_purchase_floors":[],"current_hp_per_floor":[64,53,53,53,53,53,53,53,53,53,53,51,47,38,38,9,56,43,29,29,0],"gold":223,"neow_bonus":"THREE_ENEMY_KILL","is_prod":false,"is_daily":false,"chose_seed":false,"campfire_upgraded":3,"win_rate":0,"timestamp":1569626840,"path_taken":["M","?","?","?","M","R","E","R","T","R","?","M","M","M","R","BOSS","M","M","?","?"],"build_version":"2019-07-17","purchased_purges":0,"victory":false,"max_hp_per_floor":[71,71,71,71,71,71,71,71,71,71,71,71,71,71,71,71,71,71,71,71,71],"card_choices":[{"not_picked":["Hologram","Beam Cell","Steam"],"picked":"SKIP","floor":1.0},{"not_picked":["Go for the Eyes","Darkness"],"picked":"Blizzard","floor":5.0},{"not_picked":["Streamline","Storm"],"picked":"Conserve Battery","floor":7.0},{"not_picked":["Conserve Battery","Reprogram","Streamline"],"picked":"SKIP","floor":11.0},{"not_picked":["Redo","Amplify"],"picked":"Consume","floor":12.0},{"not_picked":["Chaos","Beam Cell"],"picked":"Self Repair","floor":13.0},{"not_picked":["Hologram","Turbo","Sweeping Beam"],"picked":"SKIP","floor":14.0},{"not_picked":["Reboot","Creative AI"],"picked":"Seek","floor":16.0},{"not_picked":["Steam","Gash","Barrage"],"picked":"SKIP","floor":18.0},{"not_picked":["Doom and Gloom","Rebound"],"picked":"FTL","floor":19.0}],"player_experience":488437,"relics_obtained":[{"floor":3.0,"key":"Unceasing Top"},{"floor":7.0,"key":"StoneCalendar"},{"floor":9.0,"key":"Girya"}],"event_choices":[{"damage_healed":0.0,"max_hp_gain":0.0,"max_hp_loss":0.0,"gold_gain":75.0,"event_name":"World of Goop","player_choice":"Gather Gold","floor":2.0,"gold_loss":0.0,"damage_taken":11.0},{"damage_healed":0.0,"max_hp_gain":0.0,"max_hp_loss":0.0,"gold_gain":0.0,"event_name":"WeMeetAgain","player_choice":"Paid Gold","floor":4.0,"gold_loss":128.0,"damage_taken":0.0,"relics_obtained":["Pocketwatch"]},{"damage_healed":0,"gold_gain":0,"player_choice":"Upgraded Two","damage_taken":0,"max_hp_gain":0,"max_hp_loss":0,"event_name":"Designer","floor":20,"gold_loss":50,"cards_upgraded":["Defend_B","FTL"]}],"is_beta":false,"boss_relics":[{"not_picked":["Orrery","Calling Bell"],"picked":"Sozu"}],"items_purged_floors":[],"is_endless":false,"potions_floor_spawned":[11,13,14,16,19],"killed_by":"Chosen and Byrds","ascension_level":20}