{"gold_per_floor":[115,115,115,130,145,145,245,24,24,44,44,60,60,73,73,175,175,188,198,198,149,149,22,22,34,34,34,34,34,34,52,52,148,148,158,169,169,188,208,208,208,226,226,226,246,246,259,259,259,259],"floor_reached":50,"playtime":4434,"items_purged":["Strike_P"],"score":509,"play_id":"e96e3e29-aa48-4750-9488-85c70d6d1a99","local_time":"20190914142305","is_ascension_mode":false,"campfire_choices":[{"data":"Eruption","floor":6.0,"key":"SMITH"},{"data":"Devotion","floor":11.0,"key":"SMITH"},{"data":"Vigilance","floor":15.0,"key":"SMITH"},{"floor":24.0,"key":"REST"},{"data":"EmptyBody","floor":27.0,"key":"SMITH"},{"floor":30.0,"key":"REST"},{"floor":32.0,"key":"REST"},{"floor":40,"key":"REST"},{"floor":44,"key":"REST"},{"floor":46,"key":"REST"},{"floor":49,"key":"REST"}],"neow_cost":"NONE","seed_source_timestamp":4146713600700,"circlet_count":0,"master_deck":["Eruption+1","Vigilance+1","Consecrate","MentalFortress","Halt","FearNoEvil","Devotion+1","Establishment","EmptyBody+1","Vault","Sanctity","EmptyMind","Protect+1","Devotion","CrushJoints","Evaluate","JustLucky","Shame","Brilliance","Consecrate","MasterReality","Perseverance+1","Worship+1","Protect+1","SandsOfTime","Crescendo","PathToVictory+1","WindmillStrike"],"special_seed":0,"relics":["Cursed Key","Dream Catcher","Singing Bowl","Empty Cage","Pear","Nilry\u0027s Codex","Astrolabe"],"potions_floor_usage":[35,39,42,45],"damage_taken":[{"damage":0.0,"enemies":"Jaw Worm","floor":1.0,"turns":4.0},{"damage":0.0,"enemies":"2 Louse","floor":4.0,"turns":3.0},{"damage":0.0,"enemies":"Cultist","floor":5.0,"turns":3.0},{"damage":4.0,"enemies":"Exordium Wildlife","floor":10.0,"turns":5.0},{"damage":5.0,"enemies":"Gremlin Gang","floor":12.0,"turns":4.0},{"damage":2.0,"enemies":"2 Fungi Beasts","floor":14.0,"turns":3.0},{"damage":49.0,"enemies":"Hexaghost","floor":16.0,"turns":14.0},{"damage":14.0,"enemies":"Shell Parasite","floor":18.0,"turns":7.0},{"damage":0.0,"enemies":"Chosen","floor":19.0,"turns":5.0},{"damage":6.0,"enemies":"3 Cultists","floor":25.0,"turns":6.0},{"damage":16.0,"enemies":"Snake Plant","floor":31.0,"turns":7.0},{"damage":60.0,"enemies":"Collector","floor":33.0,"turns":13.0},{"damage":59,"enemies":"3 Shapes","floor":35,"turns":5},{"damage":1,"enemies":"3 Darklings","floor":36,"turns":5},{"damage":0,"enemies":"Maw","floor":38,"turns":7},{"damage":14,"enemies":"Sphere and 2 Shapes","floor":39,"turns":7},{"damage":25,"enemies":"3 Darklings","floor":42,"turns":5},{"damage":39,"enemies":"Writhing Mass","floor":45,"turns":8},{"damage":8,"enemies":"Spire Growth","floor":47,"turns":8},{"damage":60,"enemies":"Time Eater","floor":50,"turns":4}],"seed_played":"798530365339592462","potions_obtained":[{"floor":4.0,"key":"GamblersBrew"},{"floor":12.0,"key":"Ancient Potion"},{"floor":14.0,"key":"SteroidPotion"},{"floor":16.0,"key":"DuplicationPotion"},{"floor":33.0,"key":"EntropicBrew"},{"floor":35,"key":"PowerPotion"},{"floor":42,"key":"SpeedPotion"}],"is_trial":false,"path_per_floor":["M","?","$","M","M","R","?","$","T","M","R","M","T","M","R","B",null,"M","M","?","$","?","$","R","M","T","R","?","?","R","M","R","B",null,"M","M","T","M","M","R","?","M","T","R","M","R","M","?","R","B"],"character_chosen":"WATCHER","items_purchased":["Dream Catcher","Protect","Devotion","CrushJoints"],"campfire_rested":7,"item_purchase_floors":[8,21,23,23],"current_hp_per_floor":[65,65,65,65,65,65,65,65,65,61,61,56,56,54,54,5,65,51,51,40,40,40,40,61,55,65,65,49,49,73,59,84,24,84,25,24,24,24,12,39,39,14,14,42,5,34,28,28,58,0],"gold":259,"neow_bonus":"BOSS_RELIC","is_prod":false,"is_daily":false,"chose_seed":false,"campfire_upgraded":4,"win_rate":0.0,"timestamp":1568467385,"path_taken":["M","?","$","M","M","R","?","$","T","M","R","?","?","?","R","BOSS","M","M","?","$","?","$","R","?","T","R","?","?","R","M","R","BOSS","M","?","?","M","M","R","?","?","T","R","M","R","M","?","R","BOSS"],"build_version":"2019-09-12","purchased_purges":1,"victory":false,"max_hp_per_floor":[65,65,65,65,65,65,65,65,65,65,65,65,65,65,65,65,65,65,65,70,70,70,70,70,70,80,80,80,80,80,82,84,84,84,84,84,84,84,86,88,88,88,88,90,92,94,96,96,98,98],"card_choices":[{"not_picked":["EmptyMind","ClearTheMind"],"picked":"Consecrate","floor":1.0},{"not_picked":["SpiritShield","Consecrate"],"picked":"Halt","floor":4.0},{"not_picked":["Prostrate","Crescendo"],"picked":"FearNoEvil","floor":5.0},{"not_picked":["Prostrate","FlyingSleeves"],"picked":"Devotion","floor":10.0},{"not_picked":["Halt","WaveOfTheHand"],"picked":"Establishment","floor":12.0},{"not_picked":["ForeignInfluence","FearNoEvil"],"picked":"EmptyBody","floor":14.0},{"not_picked":["SignatureMove","Unraveling"],"picked":"Vault","floor":16.0},{"not_picked":["MentalFortress","Crescendo"],"picked":"Sanctity","floor":18.0},{"not_picked":["Sanctity+1","Wallop"],"picked":"EmptyMind","floor":19.0},{"not_picked":["JustLucky","Worship"],"picked":"Evaluate","floor":24.0},{"not_picked":["ThirdEye","InnerPeace"],"picked":"JustLucky","floor":25.0},{"not_picked":["CutThroughFate","Weave"],"picked":"Consecrate","floor":30.0},{"not_picked":["JustLucky","Weave","Conclude"],"picked":"Singing Bowl","floor":31.0},{"not_picked":["Consecrate","Vengeance","EmptyBody"],"picked":"Singing Bowl","floor":32.0},{"not_picked":["Ragnarok","SignatureMove"],"picked":"MasterReality","floor":33.0},{"not_picked":["Sanctity","ClearTheMind+1"],"picked":"SandsOfTime","floor":35},{"not_picked":["ThirdEye+1","Establishment"],"picked":"Crescendo","floor":36},{"not_picked":["JustLucky+1","Crescendo+1"],"picked":"PathToVictory+1","floor":38},{"not_picked":["EmptyFist+1","ClearTheMind+1","Devotion+1"],"picked":"Singing Bowl","floor":39},{"not_picked":["BowlingBash","Ragnarok","EmptyBody"],"picked":"Singing Bowl","floor":40},{"not_picked":["Crescendo","Consecrate"],"picked":"WindmillStrike","floor":42},{"not_picked":["CleanseEvil+1","Collect+1","Prostrate"],"picked":"Singing Bowl","floor":44},{"not_picked":["Worship","CarveReality+1","ClearTheMind"],"picked":"Singing Bowl","floor":45},{"not_picked":["ClearTheMind","Devotion","MentalFortress+1"],"picked":"Singing Bowl","floor":46},{"not_picked":["EmptyFist+1","ClearTheMind+1","FlyingSleeves+1"],"picked":"Singing Bowl","floor":47},{"not_picked":["EmptyBody","Consecrate","Wallop"],"picked":"Singing Bowl","floor":49}],"player_experience":212336,"relics_obtained":[{"floor":9.0,"key":"Singing Bowl"},{"floor":26.0,"key":"Pear"},{"floor":28.0,"key":"Nilry\u0027s Codex"}],"event_choices":[{"damage_healed":0.0,"max_hp_gain":0.0,"max_hp_loss":0.0,"gold_gain":0.0,"cards_transformed":["Strike_P"],"event_name":"Living Wall","player_choice":"Change","floor":2.0,"gold_loss":0.0,"damage_taken":0.0,"cards_obtained":["MentalFortress"]},{"damage_healed":0.0,"max_hp_gain":0.0,"max_hp_loss":0.0,"gold_gain":100.0,"event_name":"Wheel of Change","player_choice":"Gold","floor":7.0,"gold_loss":0.0,"damage_taken":0.0},{"damage_healed":0.0,"max_hp_gain":5.0,"max_hp_loss":0.0,"gold_gain":0.0,"event_name":"Forgotten Altar","player_choice":"Shed Blood","floor":20.0,"gold_loss":0.0,"damage_taken":16.0},{"cards_removed":["Strike_P"],"damage_healed":0.0,"max_hp_gain":0.0,"max_hp_loss":0.0,"gold_gain":0.0,"event_name":"Purifier","player_choice":"Purged","floor":22.0,"gold_loss":0.0,"damage_taken":0.0},{"damage_healed":0.0,"max_hp_gain":0.0,"max_hp_loss":0.0,"gold_gain":0.0,"event_name":"Cursed Tome","player_choice":"Obtained Book","floor":28.0,"gold_loss":0.0,"damage_taken":16.0},{"damage_healed":0.0,"max_hp_gain":0.0,"max_hp_loss":0.0,"gold_gain":0.0,"cards_transformed":["Strike_P"],"event_name":"Transmorgrifier","player_choice":"Transformed","floor":29.0,"gold_loss":0.0,"damage_taken":0.0,"cards_obtained":["Brilliance"]},{"damage_healed":0,"gold_gain":0,"player_choice":"Ignored","damage_taken":0,"max_hp_gain":0,"max_hp_loss":0,"event_name":"SecretPortal","floor":41,"gold_loss":0},{"damage_healed":0,"gold_gain":0,"player_choice":"Upgraded","damage_taken":0,"max_hp_gain":0,"max_hp_loss":0,"event_name":"Upgrade Shrine","floor":48,"gold_loss":0,"cards_upgraded":["Protect"]}],"is_beta":true,"boss_relics":[{"not_picked":["Ectoplasm","Philosopher\u0027s Stone"],"picked":"Empty Cage"},{"not_picked":["Black Star","Coffee Dripper"],"picked":"Astrolabe"}],"items_purged_floors":[8],"is_endless":false,"potions_floor_spawned":[4,12,14,16,33,35,42],"killed_by":"Time Eater","ascension_level":0}