{"gold_per_floor":[113,3,3,78,98,130,130,148,148,148,176,176,251,277,277,377,377,394,394,394,16,29,29,29,29,77,107,148,160,184,223,235,348,360,383,47,63,79,96,96,51,51,121,121,135,135,150,161,161,161],"floor_reached":51,"playtime":2607,"items_purged":["Writhe"],"score":922,"play_id":"07602ea3-6c6d-4c63-814d-e3acb3937c62","local_time":"20190912204844","is_ascension_mode":true,"campfire_choices":[{"data":"CarveReality","floor":7.0,"key":"SMITH"},{"data":"Eruption","floor":10.0,"key":"SMITH"},{"data":"WindmillStrike","floor":12.0,"key":"SMITH"},{"data":"Vigilance","floor":15.0,"key":"SMITH"},{"data":"EmptyMind","floor":23.0,"key":"SMITH"},{"data":"ThirdEye","floor":25.0,"key":"SMITH"},{"data":"Devotion","floor":29.0,"key":"SMITH"},{"data":"Fasting","floor":32.0,"key":"SMITH"},{"floor":40,"key":"REST"},{"floor":42,"key":"REST"},{"floor":46,"key":"REST"},{"floor":49,"key":"REST"}],"neow_cost":"NONE","seed_source_timestamp":0,"circlet_count":0,"master_deck":["Strike_P","Strike_P+1","Strike_P","Strike_P","Defend_P","Defend_P","Defend_P","Defend_P","Eruption+1","Vigilance+1","CarveReality+1","Establishment","WindmillStrike+1","CrushJoints+1","FlurryOfBlows","ThirdEye+1","EmptyMind+1","Wallop","Pray","Clarity+1","JustLucky","Crescendo+1","Protect","Devotion+1","Fasting+1","Prostrate+1","Fasting","Fasting+1","CutThroughFate","EmptyMind"],"special_seed":0,"relics":["HolyWater","NeowsBlessing","Whetstone","Bottled Tornado","Bag of Preparation","StoneCalendar","Kunai","Shuriken","Yang","MawBank","Red Mask","Bag of Marbles","Philosopher\u0027s Stone","Torii","Bottled Lightning"],"potions_floor_usage":[39,48,50,50],"damage_taken":[{"damage":0.0,"enemies":"Small Slimes","floor":1.0,"turns":1.0},{"damage":0.0,"enemies":"2 Louse","floor":5.0,"turns":2.0},{"damage":0.0,"enemies":"Gremlin Nob","floor":6.0,"turns":1.0},{"damage":0.0,"enemies":"Cultist","floor":8.0,"turns":2.0},{"damage":0.0,"enemies":"Lagavulin","floor":11.0,"turns":3.0},{"damage":0.0,"enemies":"Gremlin Nob","floor":14.0,"turns":2.0},{"damage":0.0,"enemies":"Slime Boss","floor":16.0,"turns":3.0},{"damage":17.0,"enemies":"Spheric Guardian","floor":18.0,"turns":4.0},{"damage":0.0,"enemies":"Chosen","floor":22.0,"turns":3.0},{"damage":0.0,"enemies":"Centurion and Healer","floor":27.0,"turns":2.0},{"damage":0.0,"enemies":"Masked Bandits","floor":28.0,"turns":3.0},{"damage":0.0,"enemies":"Snecko","floor":30.0,"turns":4.0},{"damage":3.0,"enemies":"Book of Stabbing","floor":31.0,"turns":4.0},{"damage":8.0,"enemies":"Automaton","floor":33.0,"turns":8.0},{"damage":14.0,"enemies":"3 Darklings","floor":35.0,"turns":7.0},{"damage":1.0,"enemies":"Orb Walker","floor":37.0,"turns":3.0},{"damage":35.0,"enemies":"Writhing Mass","floor":38.0,"turns":5.0},{"damage":0,"enemies":"Sphere and 2 Shapes","floor":39,"turns":6},{"damage":17,"enemies":"3 Darklings","floor":45,"turns":7},{"damage":1,"enemies":"Transient","floor":47,"turns":5},{"damage":10,"enemies":"Maw","floor":48,"turns":7},{"damage":35,"enemies":"Awakened One","floor":50,"turns":15}],"seed_played":"-277839379449560946","potions_obtained":[{"floor":6.0,"key":"EntropicBrew"},{"floor":14.0,"key":"PowerPotion"},{"floor":30.0,"key":"PowerPotion"},{"floor":31.0,"key":"Swift Potion"},{"floor":37.0,"key":"SpeedPotion"},{"floor":39,"key":"Weak Potion"},{"floor":45,"key":"Swift Potion"}],"is_trial":false,"path_per_floor":["M","$","?","?","M","E","R","M","T","R","E","R","?","E","R","B",null,"M","T","?","$","M","R","?","R","T","M","?","R","M","E","R","B",null,"M","$","M","M","M","R","$","R","T","?","M","R","M","M","R","B",null],"character_chosen":"WATCHER","items_purchased":["Establishment","WindmillStrike","Yang","JustLucky","Torii","Fasting","EmptyMind"],"campfire_rested":4,"item_purchase_floors":[2,2,21,21,36,36,41],"current_hp_per_floor":[65,65,65,54,54,54,54,54,54,54,54,54,48,48,48,48,65,48,48,48,48,48,48,48,48,48,48,48,48,48,45,45,37,65,51,51,50,15,15,34,34,53,53,53,36,55,54,44,63,28],"gold":161,"neow_bonus":"THREE_ENEMY_KILL","is_prod":false,"is_daily":false,"chose_seed":false,"campfire_upgraded":8,"win_rate":0,"timestamp":1568288924,"path_taken":["M","$","?","?","M","E","R","M","T","R","E","R","?","E","R","BOSS","M","?","?","$","M","R","?","R","T","M","?","R","?","E","R","BOSS","M","$","M","M","M","R","$","R","T","?","M","R","M","M","R","BOSS"],"build_version":"2019-09-11v2","purchased_purges":1,"victory":true,"max_hp_per_floor":[65,65,65,65,65,65,65,65,65,65,65,65,65,65,65,65,65,65,65,65,65,65,65,65,65,65,65,65,65,65,65,65,65,65,65,65,65,65,65,65,65,65,65,65,65,65,65,65,65,65],"card_choices":[{"not_picked":["Halt","EmptyFist"],"picked":"CarveReality","floor":1.0},{"not_picked":["Conclude","ClearTheMind"],"picked":"CrushJoints","floor":5.0},{"not_picked":["Establishment","Wireheading"],"picked":"FlurryOfBlows","floor":6.0},{"not_picked":["Scrawl","Prostrate"],"picked":"ThirdEye","floor":8.0},{"not_picked":["Sanctity","EmptyBody"],"picked":"EmptyMind","floor":11.0},{"not_picked":["Judgement","Halt"],"picked":"Wallop","floor":14.0},{"not_picked":["DeusExMachina","Judgement"],"picked":"Pray","floor":16.0},{"not_picked":["Prostrate","JustLucky"],"picked":"Clarity+1","floor":18.0},{"not_picked":["JustLucky","EmptyMind"],"picked":"Crescendo+1","floor":22.0},{"not_picked":["Establishment+1","JustLucky+1"],"picked":"Protect","floor":27.0},{"not_picked":["EmptyMind","JustLucky"],"picked":"Devotion","floor":28.0},{"not_picked":["CutThroughFate","CleanseEvil+1"],"picked":"Fasting","floor":30.0},{"not_picked":["PathToVictory","Nirvana","Halt"],"picked":"SKIP","floor":31.0},{"not_picked":["Crescendo+1","CutThroughFate"],"picked":"Prostrate+1","floor":35.0},{"not_picked":["PathToVictory","JustLucky","TalkToTheHand"],"picked":"SKIP","floor":37.0},{"not_picked":["EmptyFist","CleanseEvil"],"picked":"Fasting+1","floor":38.0},{"not_picked":["Crescendo","CarveReality"],"picked":"CutThroughFate","floor":39},{"not_picked":["EmptyFist+1","Establishment+1","Alpha"],"picked":"SKIP","floor":45},{"not_picked":["ClearTheMind+1","Halt","Wireheading+1"],"picked":"SKIP","floor":47},{"not_picked":["PathToVictory","Weave","EmptyFist"],"picked":"SKIP","floor":48}],"player_experience":606471,"relics_obtained":[{"floor":6.0,"key":"Whetstone"},{"floor":9.0,"key":"Bottled Tornado"},{"floor":11.0,"key":"Bag of Preparation"},{"floor":14.0,"key":"StoneCalendar"},{"floor":19.0,"key":"Kunai"},{"floor":26.0,"key":"MawBank"},{"floor":28.0,"key":"Red Mask"},{"floor":31.0,"key":"Bag of Marbles"},{"floor":43,"key":"Bottled Lightning"}],"event_choices":[{"damage_healed":0.0,"max_hp_gain":0.0,"max_hp_loss":0.0,"gold_gain":0.0,"event_name":"Golden Idol","player_choice":"Ignored","floor":3.0,"gold_loss":0.0,"damage_taken":0.0},{"damage_healed":0.0,"max_hp_gain":0.0,"max_hp_loss":0.0,"gold_gain":75.0,"event_name":"World of Goop","player_choice":"Gather Gold","floor":4.0,"gold_loss":0.0,"damage_taken":11.0},{"damage_healed":0.0,"max_hp_gain":0.0,"max_hp_loss":0.0,"gold_gain":75.0,"event_name":"FaceTrader","player_choice":"Touch","floor":13.0,"gold_loss":0.0,"damage_taken":6.0},{"damage_healed":0.0,"max_hp_gain":0.0,"max_hp_loss":0.0,"gold_gain":0.0,"event_name":"The Mausoleum","player_choice":"Opened","floor":20.0,"gold_loss":0.0,"damage_taken":0.0,"relics_obtained":["Shuriken"],"cards_obtained":["Writhe"]},{"damage_healed":0.0,"max_hp_gain":0.0,"max_hp_loss":0.0,"gold_gain":0.0,"event_name":"Masked Bandits","player_choice":"Fought Bandits","floor":28.0,"gold_loss":0.0,"damage_taken":0.0},{"damage_healed":0,"gold_gain":0,"player_choice":"Ignored","damage_taken":0,"max_hp_gain":0,"max_hp_loss":0,"event_name":"Mysterious Sphere","floor":44,"gold_loss":0}],"is_beta":true,"boss_relics":[{"not_picked":["Coffee Dripper","Black Star"],"picked":"HolyWater"},{"not_picked":["Snecko Eye","Cursed Key"],"picked":"Philosopher\u0027s Stone"}],"items_purged_floors":[21],"is_endless":false,"potions_floor_spawned":[6,14,28,30,31,37,39,45],"ascension_level":3}