{"path_per_floor":["M","M","M","M","$","E","?","R","T","M","R","M","E","M","R","B",null,"M","?","?","?","M","R","T","R","T","E","M","M","R","$","R","B",null,"M","$","?","?","M","R","$","R","T","?","?","$","R","M","R","B"],"character_chosen":"IRONCLAD","items_purchased":["Secret Technique","Purity","Sever Soul","Flash of Steel","Mind Blast"],"gold_per_floor":[139,150,170,189,189,224,224,224,224,239,239,259,286,296,296,394,394,410,410,410,410,429,429,455,455,501,533,545,563,563,143,143,244,244,260,69,118,88,104,104,6,6,59,59,59,59,59,69,69,69],"floor_reached":51,"campfire_rested":6,"playtime":4231,"current_hp_per_floor":[85,85,85,84,84,76,76,76,76,73,73,62,44,43,68,59,85,74,74,74,74,73,73,73,73,73,46,39,36,61,61,85,28,85,63,63,40,40,38,63,63,85,85,85,85,85,85,60,85,31],"items_purged":["Regret","Regret"],"gold":69,"score":521,"play_id":"80a279dc-d245-4b87-b695-ac3786dae442","is_prod":false,"is_daily":false,"is_ascension_mode":true,"campfire_upgraded":5,"path_taken":["M","M","?","M","?","E","?","R","T","M","R","?","E","M","R","BOSS","M","?","?","?","M","R","?","R","T","E","M","M","R","$","R","BOSS","M","$","?","?","M","R","$","R","T","?","?","$","R","M","R","BOSS"],"build_version":"2018-02-16-BETA2","purchased_purges":2,"victory":true,"master_deck":["Strike_R","Strike_R","Strike_R","Strike_R","Defend_R","Defend_R+1","Bash+1","Dropkick","Flex","Sentinel+1","Heavy Blade","Spot Weakness","Pommel Strike+1","Flex","True Grit+1","Spot Weakness","Spot Weakness+1","Pummel","Double Tap+1","Metallicize","Rupture","Dropkick","Writhe","Thunderclap","Warcry+1","Flame Barrier","Wild Strike+1","Sever Soul","Secret Technique","Purity","Sever Soul","Limit Break","Clash+1","Flash of Steel","Twin Strike","Flex+1","Mind Blast+1","Heavy Blade+1","Pummel+1"],"max_hp_per_floor":[85,85,85,85,85,85,85,85,85,85,85,85,85,85,85,85,85,85,85,85,85,85,85,85,85,85,85,85,85,85,85,85,85,85,85,85,85,85,85,85,85,85,85,85,85,85,85,85,85,85],"relics":["Tiny House","Prayer Wheel","Happy Flower","Bottled Flame","Cursed Key","Orichalcum","Anchor","Juzu Bracelet","War Paint","Runic Cube","Calipers","Bronze Scales","Spirit Poop"],"card_choices":[{"not_picked":["Second Wind","Clothesline"],"picked":"Dropkick"},{"not_picked":["Searing Blow","Heavy Blade"],"picked":"Flex"},{"not_picked":["Corruption","Thunderclap"],"picked":"Sentinel"},{"not_picked":["Second Wind","True Grit"],"picked":"Heavy Blade"},{"not_picked":["Flex","Bloodletting"],"picked":"Spot Weakness"},{"not_picked":["Reckless Charge","Shrug It Off"],"picked":"Pommel Strike"},{"not_picked":["Clothesline","Shockwave"],"picked":"Flex"},{"not_picked":["Iron Wave","Perfected Strike"],"picked":"True Grit"},{"not_picked":["True Grit","Blood for Blood"],"picked":"Spot Weakness"},{"not_picked":["Anger","Fiend Fire"],"picked":"Spot Weakness"},{"not_picked":["Perfected Strike","Wild Strike"],"picked":"Pummel"},{"not_picked":["Feed","Impervious"],"picked":"Double Tap"},{"not_picked":["Perfected Strike","Shrug It Off"],"picked":"Metallicize"},{"not_picked":["Body Slam","Infernal Blade"],"picked":"Thunderclap"},{"not_picked":["Body Slam","Thunderclap"],"picked":"Warcry"},{"not_picked":["Perfected Strike","Double Tap"],"picked":"Flame Barrier"},{"not_picked":["Heavy Blade","Bloodletting"],"picked":"Wild Strike"},{"not_picked":["Pummel","Reckless Charge"],"picked":"Sever Soul"},{"not_picked":["Reaper","Impervious"],"picked":"Limit Break"},{"not_picked":["True Grit","Disarm"],"picked":"Clash"},{"not_picked":["Cleave","Clothesline"],"picked":"Twin Strike"},{"not_picked":["Pommel Strike","Clothesline"],"picked":"Flex"},{"not_picked":["Impervious","Armaments"],"picked":"Heavy Blade"},{"not_picked":["Iron Wave","True Grit"],"picked":"Pummel"}],"player_experience":525320,"potions_floor_usage":[4,4,6,10,13,27,35,37,39,39,50],"damage_taken":[{"damage":0,"enemies":"Cultist","floor":1,"turns":3},{"damage":0,"enemies":"2 Louse","floor":2,"turns":2},{"damage":0,"enemies":"Small Slimes","floor":3,"turns":3},{"damage":1,"enemies":"2 Fungi Beasts","floor":4,"turns":2},{"damage":8,"enemies":"Gremlin Nob","floor":6,"turns":3},{"damage":3,"enemies":"Gremlin Gang","floor":10,"turns":3},{"damage":11,"enemies":"Large Slime","floor":12,"turns":3},{"damage":18,"enemies":"Lagavulin","floor":13,"turns":4},{"damage":1,"enemies":"Looter","floor":14,"turns":2},{"damage":9,"enemies":"Slime Boss","floor":16,"turns":3},{"damage":11,"enemies":"2 Thieves","floor":18,"turns":2},{"damage":1,"enemies":"Chosen","floor":22,"turns":4},{"damage":27,"enemies":"Slavers","floor":27,"turns":5},{"damage":7,"enemies":"3 Cultists","floor":28,"turns":5},{"damage":3,"enemies":"Snecko","floor":29,"turns":3},{"damage":57,"enemies":"Collector","floor":33,"turns":6},{"damage":22,"enemies":"3 Shapes","floor":35,"turns":9},{"damage":23,"enemies":"Mysterious Sphere","floor":37,"turns":6},{"damage":2,"enemies":"3 Darklings","floor":39,"turns":4},{"damage":25,"enemies":"Maw","floor":48,"turns":7},{"damage":54,"enemies":"Time Eater","floor":50,"turns":7}],"event_choices":[{"event_name":"Purifier","player_choice":"One Purge","floor":7,"damage_taken":0},{"event_name":"Transmorgrifier","player_choice":"Transform","floor":19,"damage_taken":0},{"event_name":"Duplicator","player_choice":"One dupe","floor":20,"damage_taken":0},{"event_name":"The Mausoleum","player_choice":"Yes","floor":21,"damage_taken":0},{"event_name":"Mysterious Sphere","player_choice":"Fight","floor":37,"damage_taken":0},{"event_name":"The Woman in Blue","player_choice":"Bought 2 Potions","floor":38,"damage_taken":0},{"event_name":"Bonfire Elementals","player_choice":"CURSE","floor":44,"damage_taken":0}],"boss_relics":[{"not_picked":["Ectoplasm","Pandora\u0027s Box"],"picked":"Cursed Key"},{"not_picked":["Eternal Feather","Black Star"],"picked":"Runic Cube"}],"potions_floor_spawned":[1,2,4,6,10,18,33,37,48],"seed_played":"5294630963631182677","ascension_level":1,"is_trial":false}