{"gold_per_floor":[112,127,127,140,100,100,128,128,128,144,169,169,189,200,200,278,278,297,51,51,64,81,113,125,148,160,188,217,240,252,364,376,462,504,535,567,579,219,219,219,233,233,233,249,260,277,277,0,0,0],"floor_reached":51,"playtime":2299,"items_purged":["Strike_G","Strike_G"],"score":1221,"play_id":"6db1c647-2a97-40cc-a841-703b99ddc79d","local_time":"20190928180344","is_ascension_mode":true,"campfire_choices":[{"data":"Sucker Punch","floor":6.0,"key":"SMITH"},{"data":"Noxious Fumes","floor":8.0,"key":"SMITH"},{"floor":15.0,"key":"REST"},{"data":"Blade Dance","floor":24.0,"key":"SMITH"},{"floor":30,"key":"REST"},{"floor":32,"key":"REST"},{"data":"Footwork","floor":40,"key":"SMITH"},{"data":"Dodge and Roll","floor":42,"key":"SMITH"},{"data":"Blade Dance","floor":49,"key":"SMITH"}],"neow_cost":"PERCENT_DAMAGE","seed_source_timestamp":70197017151902,"circlet_count":0,"master_deck":["AscendersBane","Strike_G","Defend_G","Defend_G","Defend_G","Defend_G","Defend_G","Survivor","Neutralize","Dagger Spray","Well Laid Plans","Sucker Punch+1","After Image","Noxious Fumes+1","Blade Dance+1","Cloak And Dagger","Quick Slash","Corpse Explosion","Backflip","Blade Dance+1","Endless Agony+1","Cloak And Dagger","Escape Plan","Noxious Fumes","Adrenaline","CurseOfTheBell","Footwork+1","Dodge and Roll+1","Heel Hook","Prepared","Terror","Panacea"],"special_seed":0,"relics":["Ring of the Snake","Gambling Chip","Question Card","Letter Opener","Bronze Scales","WristBlade","Lantern","MawBank","Juzu Bracelet","Pocketwatch","Gremlin Horn","Calling Bell","Tiny Chest","HornCleat","Mango","Eternal Feather","Bottled Flame","Red Mask"],"potions_floor_usage":[25,27,31,33,33,50,50],"damage_taken":[{"damage":7.0,"enemies":"Jaw Worm","floor":1.0,"turns":5.0},{"damage":0.0,"enemies":"Cultist","floor":2.0,"turns":4.0},{"damage":0.0,"enemies":"2 Louse","floor":4.0,"turns":3.0},{"damage":1.0,"enemies":"Looter","floor":5.0,"turns":4.0},{"damage":19.0,"enemies":"Lagavulin","floor":7.0,"turns":10.0},{"damage":7.0,"enemies":"2 Fungi Beasts","floor":10.0,"turns":3.0},{"damage":17.0,"enemies":"3 Sentries","floor":11.0,"turns":6.0},{"damage":1.0,"enemies":"3 Louse","floor":13.0,"turns":3.0},{"damage":5.0,"enemies":"Exordium Wildlife","floor":14.0,"turns":3.0},{"damage":18.0,"enemies":"Slime Boss","floor":16.0,"turns":10.0},{"damage":11.0,"enemies":"Chosen","floor":18.0,"turns":6.0},{"damage":2.0,"enemies":"Shell Parasite","floor":21.0,"turns":5.0},{"damage":10.0,"enemies":"Snecko","floor":22.0,"turns":6.0},{"damage":27.0,"enemies":"Slavers","floor":23.0,"turns":2.0},{"damage":9,"enemies":"Snake Plant","floor":25,"turns":4},{"damage":0,"enemies":"Shelled Parasite and Fungi","floor":27,"turns":5},{"damage":0,"enemies":"Snecko","floor":28,"turns":3},{"damage":1,"enemies":"Centurion and Healer","floor":29,"turns":4},{"damage":0,"enemies":"Colosseum Slavers","floor":31,"turns":1},{"damage":11,"enemies":"Colosseum Nobs","floor":31,"turns":3},{"damage":38,"enemies":"Champ","floor":33,"turns":12},{"damage":0,"enemies":"3 Shapes","floor":35,"turns":2},{"damage":8,"enemies":"Orb Walker","floor":36,"turns":4},{"damage":38,"enemies":"Transient","floor":41,"turns":6},{"damage":0,"enemies":"4 Shapes","floor":44,"turns":1},{"damage":1,"enemies":"Sphere and 2 Shapes","floor":45,"turns":1},{"damage":1,"enemies":"Maw","floor":46,"turns":8},{"damage":66,"enemies":"Awakened One","floor":50,"turns":20}],"seed_played":"-7183416909133314002","potions_obtained":[{"floor":2.0,"key":"LiquidBronze"},{"floor":4.0,"key":"GamblersBrew"},{"floor":7.0,"key":"SkillPotion"},{"floor":11.0,"key":"Dexterity Potion"},{"floor":16.0,"key":"Dexterity Potion"},{"floor":18.0,"key":"SpeedPotion"},{"floor":25,"key":"Dexterity Potion"},{"floor":29,"key":"SteroidPotion"},{"floor":31,"key":"Dexterity Potion"},{"floor":35,"key":"SpeedPotion"},{"floor":46,"key":"Regen Potion"}],"is_trial":false,"path_per_floor":["M","M","?","M","M","R","E","R","T","M","E","T","M","M","R","B",null,"M","$","?","M","M","E","R","M","T","M","M","M","R","?","R","B",null,"M","M","?","$","?","R","M","R","T","M","M","M","?","?","R","B",null],"character_chosen":"THE_SILENT","items_purchased":["Lantern","Eternal Feather"],"campfire_rested":3,"item_purchase_floors":[19,38],"current_hp_per_floor":[37,37,66,66,65,65,46,46,46,39,22,22,21,16,35,17,54,43,43,66,64,54,27,27,18,18,18,18,17,36,25,44,6,65,65,57,57,57,57,72,34,49,49,49,48,47,47,47,65,14],"gold":0,"neow_bonus":"TRANSFORM_TWO_CARDS","is_prod":false,"is_daily":false,"chose_seed":false,"campfire_upgraded":6,"win_rate":0,"timestamp":1569719024,"path_taken":["M","M","?","M","M","R","E","R","T","?","E","?","M","M","R","BOSS","M","$","?","?","M","E","R","M","T","M","M","M","R","?","R","BOSS","M","M","?","$","?","R","M","R","T","M","M","M","?","?","R","BOSS"],"build_version":"2019-09-27","purchased_purges":2,"victory":true,"max_hp_per_floor":[66,66,66,66,66,66,66,66,66,66,66,66,66,66,66,66,66,66,66,66,66,66,66,66,66,66,66,66,66,66,66,66,66,80,80,80,80,80,76,76,76,76,76,76,76,76,76,76,76,76],"card_choices":[{"not_picked":["Deadly Poison","Expertise"],"picked":"Sucker Punch","floor":1.0},{"not_picked":["Underhanded Strike","All Out Attack"],"picked":"Blur","floor":2.0},{"not_picked":["Sucker Punch","Outmaneuver","PiercingWail"],"picked":"SKIP","floor":4.0},{"not_picked":["Leg Sweep","Reflex"],"picked":"After Image","floor":5.0},{"not_picked":["Poisoned Stab","Concentrate"],"picked":"Noxious Fumes","floor":7.0},{"not_picked":["Sucker Punch","Masterful Stab","Calculated Gamble"],"picked":"Blade Dance","floor":10.0},{"not_picked":["Prepared","PiercingWail","Dodge and Roll","Choke"],"picked":"SKIP","floor":11.0},{"not_picked":["Dagger Spray","Poisoned Stab","Dagger Throw"],"picked":"Cloak And Dagger","floor":13.0},{"not_picked":["Acrobatics","Slice","Sucker Punch"],"picked":"Quick Slash","floor":14.0},{"not_picked":["Venomology","Die Die Die","After Image"],"picked":"Corpse Explosion","floor":16.0},{"not_picked":["Quick Slash","Blade Dance","Choke"],"picked":"Backflip","floor":18.0},{"not_picked":["Poisoned Stab","Escape Plan","Flying Knee"],"picked":"Blade Dance","floor":21.0},{"not_picked":["Prepared","Outmaneuver","Blade Dance","Catalyst"],"picked":"SKIP","floor":22.0},{"not_picked":["Dash+1","Tactician","Escape Plan"],"picked":"Endless Agony+1","floor":23.0},{"not_picked":["Prepared","Poisoned Stab","Dagger Spray+1"],"picked":"Cloak And Dagger","floor":25},{"not_picked":["Leg Sweep","Dagger Spray+1","Quick Slash","Dash"],"picked":"SKIP","floor":27},{"not_picked":["Storm of Steel","Slice+1","Sucker Punch"],"picked":"Escape Plan","floor":28},{"not_picked":["Cloak And Dagger","Prepared","Deflect","Bane"],"picked":"SKIP","floor":29},{"not_picked":["Underhanded Strike","PiercingWail+1","Slice+1"],"picked":"Noxious Fumes","floor":31},{"not_picked":["Corpse Explosion","Envenom","Burst"],"picked":"Adrenaline","floor":33},{"not_picked":["Flechettes+1","Deadly Poison+1","Reflex+1"],"picked":"Footwork","floor":35},{"not_picked":["Reflex+1","Noxious Fumes+1","Sucker Punch","Finisher"],"picked":"SKIP","floor":36},{"not_picked":["Slice","Dodge and Roll","Bane+1","Sucker Punch+1"],"picked":"SKIP","floor":41},{"not_picked":["Slice","Bane+1","Sucker Punch+1"],"picked":"Dodge and Roll","floor":41},{"not_picked":["Distraction","Outmaneuver","Backflip"],"picked":"Heel Hook","floor":44},{"not_picked":["Cloak And Dagger","Deflect","Masterful Stab+1","Prepared"],"picked":"SKIP","floor":45},{"not_picked":["Cloak And Dagger","Deflect","Masterful Stab+1"],"picked":"Prepared","floor":45},{"not_picked":["Backflip","Slice","PiercingWail"],"picked":"Terror","floor":46},{"not_picked":["Finesse","Chrysalis","Dramatic Entrance"],"picked":"Panacea","floor":47}],"player_experience":702957,"relics_obtained":[{"floor":7.0,"key":"Gambling Chip"},{"floor":9.0,"key":"Question Card"},{"floor":11.0,"key":"Letter Opener"},{"floor":12.0,"key":"Bronze Scales"},{"floor":23.0,"key":"MawBank"},{"floor":26,"key":"Juzu Bracelet"},{"floor":31,"key":"Pocketwatch"},{"floor":31,"key":"Gremlin Horn"},{"floor":34,"key":"Tiny Chest"},{"floor":34,"key":"HornCleat"},{"floor":34,"key":"Mango"},{"floor":43,"key":"Bottled Flame"}],"event_choices":[{"cards_removed":["Blur"],"damage_healed":29.0,"max_hp_gain":0.0,"max_hp_loss":0.0,"gold_gain":0.0,"event_name":"Bonfire Elementals","player_choice":"Offered Uncommon","floor":3.0,"gold_loss":0.0,"damage_taken":0.0},{"damage_healed":23.0,"max_hp_gain":0.0,"max_hp_loss":0.0,"gold_gain":0.0,"event_name":"Wheel of Change","player_choice":"Full Heal","floor":20.0,"gold_loss":0.0,"damage_taken":0.0},{"damage_healed":0,"gold_gain":0,"player_choice":"Fight","damage_taken":0,"max_hp_gain":0,"max_hp_loss":0,"event_name":"Colosseum","floor":31,"gold_loss":0},{"damage_healed":0,"gold_gain":0,"player_choice":"Fought Nobs","damage_taken":0,"max_hp_gain":0,"max_hp_loss":0,"event_name":"Colosseum","floor":31,"gold_loss":0},{"damage_healed":0,"gold_gain":0,"player_choice":"Ignored","damage_taken":0,"max_hp_gain":0,"max_hp_loss":0,"event_name":"Mysterious Sphere","floor":37,"gold_loss":0},{"damage_healed":0,"gold_gain":0,"player_choice":"Max HP","damage_taken":0,"max_hp_gain":0,"max_hp_loss":4,"event_name":"Winding Halls","floor":39,"gold_loss":0},{"damage_healed":0,"gold_gain":0,"player_choice":"Memory 1","damage_taken":0,"max_hp_gain":0,"max_hp_loss":0,"event_name":"SensoryStone","floor":47,"gold_loss":0},{"damage_healed":0,"gold_gain":0,"player_choice":"Paid","damage_taken":0,"relics_obtained":["Red Mask"],"max_hp_gain":0,"max_hp_loss":0,"event_name":"Tomb of Lord Red Mask","floor":48,"gold_loss":277}],"is_beta":true,"boss_relics":[{"not_picked":["Ectoplasm","Fusion Hammer"],"picked":"WristBlade"},{"not_picked":["SlaversCollar","HoveringKite"],"picked":"Calling Bell"}],"items_purged_floors":[19,38],"is_endless":false,"potions_floor_spawned":[2,4,7,11,16,18,22,23,25,29,31,35,46],"ascension_level":17}