{"gold_per_floor":[112,187,112,126,140,173,173,185,212,212],"floor_reached":10,"playtime":386,"items_purged":[],"score":122,"play_id":"60c60249-5137-490b-8a24-c2b4f2723a90","local_time":"20190907224555","is_ascension_mode":true,"campfire_choices":[{"data":"Corruption","floor":7.0,"key":"SMITH"}],"neow_cost":"TEN_PERCENT_HP_LOSS","seed_source_timestamp":266549473729000,"circlet_count":0,"master_deck":["AscendersBane","Strike_R","Strike_R","Strike_R","Strike_R","Defend_R","Defend_R","Defend_R","Defend_R","Bash","Pommel Strike","Corruption+1","Intimidate","Dark Embrace"],"special_seed":0,"relics":["Burning Blood","Dead Branch","Smiling Mask","Art of War"],"potions_floor_usage":[10,10],"damage_taken":[{"damage":18.0,"enemies":"Jaw Worm","floor":1.0,"turns":2.0},{"damage":0.0,"enemies":"2 Louse","floor":4.0,"turns":3.0},{"damage":0.0,"enemies":"Small Slimes","floor":5.0,"turns":3.0},{"damage":15.0,"enemies":"Lagavulin","floor":6.0,"turns":6.0},{"damage":8.0,"enemies":"Blue Slaver","floor":8.0,"turns":3.0},{"damage":52,"enemies":"Gremlin Nob","floor":10,"turns":4}],"seed_played":"-8787924197955034338","potions_obtained":[{"floor":4.0,"key":"FearPotion"},{"floor":5.0,"key":"SteroidPotion"}],"is_trial":false,"path_per_floor":["M","?","?","M","M","E","R","M","T","E"],"character_chosen":"IRONCLAD","items_purchased":[],"campfire_rested":0,"item_purchase_floors":[],"current_hp_per_floor":[56,45,45,51,57,48,48,46,46,0],"gold":212,"neow_bonus":"ONE_RARE_RELIC","is_prod":false,"is_daily":false,"chose_seed":false,"campfire_upgraded":1,"win_rate":0,"timestamp":1567921555,"path_taken":["M","?","?","M","M","E","R","M","T","E"],"build_version":"2019-07-17","purchased_purges":0,"victory":false,"max_hp_per_floor":[68,68,68,68,68,68,68,68,68,68],"card_choices":[{"not_picked":["Body Slam","Burning Pact"],"picked":"Pommel Strike","floor":1.0},{"not_picked":["Anger","Armaments","Thunderclap"],"picked":"SKIP","floor":4.0},{"not_picked":["Flame Barrier","Armaments"],"picked":"Corruption","floor":5.0},{"not_picked":["Warcry","Pommel Strike"],"picked":"Intimidate","floor":6.0},{"not_picked":["Cleave","Havoc"],"picked":"Dark Embrace","floor":8.0}],"player_experience":1379131,"relics_obtained":[{"floor":6.0,"key":"Smiling Mask"},{"floor":9.0,"key":"Art of War"}],"event_choices":[{"damage_healed":0.0,"max_hp_gain":0.0,"max_hp_loss":0.0,"gold_gain":75.0,"event_name":"World of Goop","player_choice":"Gather Gold","floor":2.0,"gold_loss":0.0,"damage_taken":11.0},{"cards_removed":["Strike_R"],"damage_healed":0.0,"max_hp_gain":0.0,"max_hp_loss":0.0,"gold_gain":0.0,"event_name":"The Cleric","player_choice":"Card Removal","floor":3.0,"gold_loss":75.0,"damage_taken":0.0}],"is_beta":false,"boss_relics":[],"items_purged_floors":[],"is_endless":false,"potions_floor_spawned":[4,5,8],"killed_by":"Gremlin Nob","ascension_level":16}