{"gold_per_floor":[110,110,35,35,35,66,66,80,103,131,151,151,164,178,178,252,252,262,114,129,140,160,160,4,16,16,16,16,16,16,34,34,34],"floor_reached":33,"playtime":1410,"items_purged":["Strike_R","Defend_R"],"score":465,"play_id":"b9233cfb-b8f4-47d5-b6f3-78fcee421c72","local_time":"20190827001046","is_ascension_mode":true,"campfire_choices":[{"data":"Spot Weakness","floor":12.0,"key":"SMITH"},{"data":"True Grit","floor":15.0,"key":"SMITH"},{"floor":23.0,"key":"REST"},{"data":"Intimidate","floor":27.0,"key":"SMITH"},{"floor":32.0,"key":"REST"}],"neow_cost":"NONE","seed_source_timestamp":1051753521209500,"circlet_count":0,"master_deck":["AscendersBane","Defend_R","Bash","Spot Weakness+1","Whirlwind+1","Iron Wave","Twin Strike","Shrug It Off","True Grit+1","Impervious","Brutality","Shrug It Off+1","Blood for Blood+1","Thunderclap+1","Pummel","Inflame","Intimidate+1","Decay"],"special_seed":0,"relics":["Burning Blood","NeowsBlessing","Potion Belt","Blood Vial","Du-Vu Doll","Astrolabe","Bronze Scales","Bottled Flame","Enchiridion"],"potions_floor_usage":[],"damage_taken":[{"damage":0.0,"enemies":"2 Louse","floor":1.0,"turns":1.0},{"damage":0.0,"enemies":"Lagavulin","floor":6.0,"turns":1.0},{"damage":0.0,"enemies":"Jaw Worm","floor":8.0,"turns":1.0},{"damage":37.0,"enemies":"Gremlin Nob","floor":10.0,"turns":5.0},{"damage":6.0,"enemies":"Cultist","floor":11.0,"turns":3.0},{"damage":9.0,"enemies":"Red Slaver","floor":13.0,"turns":3.0},{"damage":6.0,"enemies":"Blue Slaver","floor":14.0,"turns":4.0},{"damage":40.0,"enemies":"The Guardian","floor":16.0,"turns":14.0},{"damage":2.0,"enemies":"3 Byrds","floor":18.0,"turns":4.0},{"damage":26.0,"enemies":"Shell Parasite","floor":20.0,"turns":4.0},{"damage":18.0,"enemies":"Snake Plant","floor":21.0,"turns":3.0},{"damage":18.0,"enemies":"Cultist and Chosen","floor":22.0,"turns":5.0},{"damage":24.0,"enemies":"Snecko","floor":25.0,"turns":6.0},{"damage":10.0,"enemies":"Centurion and Healer","floor":31.0,"turns":6.0},{"damage":52,"enemies":"Champ","floor":33,"turns":9}],"seed_played":"814824587032296596","potions_obtained":[{"floor":1.0,"key":"Energy Potion"},{"floor":6.0,"key":"Ancient Potion"},{"floor":10.0,"key":"SpeedPotion"},{"floor":20.0,"key":"Strength Potion"},{"floor":22.0,"key":"SteroidPotion"}],"is_trial":false,"path_per_floor":["M","?","$","?","$","E","?","M","T","E","M","R","M","M","R","B",null,"M","$","M","M","M","R","$","M","T","R","?","?","?","M","R","B"],"character_chosen":"IRONCLAD","items_purchased":["Block Potion","Bronze Scales"],"campfire_rested":2,"item_purchase_floors":[19,24],"current_hp_per_floor":[78,71,71,71,71,77,77,80,80,49,51,51,50,52,52,20,65,71,71,53,43,33,57,57,41,41,41,41,41,25,23,47,0],"gold":34,"neow_bonus":"THREE_ENEMY_KILL","is_prod":false,"is_daily":false,"chose_seed":false,"campfire_upgraded":3,"win_rate":0,"timestamp":1566889846,"path_taken":["M","?","$","?","?","E","?","M","T","E","M","R","M","M","R","BOSS","M","$","?","M","M","R","?","M","T","R","?","?","?","M","R","BOSS"],"build_version":"2019-07-17","purchased_purges":2,"victory":false,"max_hp_per_floor":[80,80,80,80,80,80,80,80,80,80,80,80,80,80,80,80,80,80,80,80,80,80,80,80,80,80,80,80,80,80,80,80,80],"card_choices":[{"not_picked":["Cleave","Iron Wave"],"picked":"Spot Weakness","floor":1.0},{"not_picked":["Cleave","Thunderclap"],"picked":"Whirlwind","floor":6.0},{"not_picked":["Perfected Strike","Flex"],"picked":"Iron Wave","floor":8.0},{"not_picked":["Fiend Fire","Carnage"],"picked":"Twin Strike","floor":10.0},{"not_picked":["Evolve","Warcry"],"picked":"Shrug It Off","floor":11.0},{"not_picked":["Spot Weakness","Evolve"],"picked":"True Grit","floor":13.0},{"not_picked":["Blood for Blood","Pommel Strike"],"picked":"Impervious","floor":14.0},{"not_picked":["Bludgeon","Juggernaut"],"picked":"Brutality","floor":16.0},{"not_picked":["Shrug It Off","Blood for Blood+1"],"picked":"Pummel","floor":18.0},{"not_picked":["Armaments","Wild Strike"],"picked":"Inflame","floor":20.0},{"not_picked":["Sever Soul","Clash"],"picked":"Intimidate","floor":21.0},{"not_picked":["Havoc+1","True Grit","Reckless Charge"],"picked":"SKIP","floor":22.0},{"not_picked":["Entrench","Perfected Strike","Heavy Blade"],"picked":"SKIP","floor":25.0},{"not_picked":["Havoc","Combust","Exhume"],"picked":"SKIP","floor":31.0}],"player_experience":1339029,"relics_obtained":[{"floor":6.0,"key":"Potion Belt"},{"floor":9.0,"key":"Blood Vial"},{"floor":10.0,"key":"Du-Vu Doll"},{"floor":26.0,"key":"Bottled Flame"},{"floor":30.0,"key":"Enchiridion"}],"event_choices":[{"cards_removed":["Strike_R"],"damage_healed":0.0,"max_hp_gain":0.0,"max_hp_loss":0.0,"gold_gain":0.0,"event_name":"Golden Wing","player_choice":"Card Removal","floor":2.0,"gold_loss":0.0,"damage_taken":7.0},{"cards_removed":["Strike_R"],"damage_healed":0.0,"max_hp_gain":0.0,"max_hp_loss":0.0,"gold_gain":0.0,"event_name":"Living Wall","player_choice":"Forget","floor":4.0,"gold_loss":0.0,"damage_taken":0.0},{"damage_healed":0.0,"max_hp_gain":0.0,"max_hp_loss":0.0,"gold_gain":0.0,"event_name":"Upgrade Shrine","player_choice":"Upgraded","floor":7.0,"gold_loss":0.0,"damage_taken":0.0,"cards_upgraded":["Whirlwind"]},{"cards_removed":["Defend_R"],"damage_healed":0.0,"max_hp_gain":0.0,"max_hp_loss":0.0,"gold_gain":0.0,"event_name":"Back to Basics","player_choice":"Elegance","floor":28.0,"gold_loss":0.0,"damage_taken":0.0},{"damage_healed":0.0,"max_hp_gain":0.0,"max_hp_loss":0.0,"gold_gain":0.0,"event_name":"Forgotten Altar","player_choice":"Smashed Altar","floor":29.0,"gold_loss":0.0,"damage_taken":0.0,"cards_obtained":["Decay"]},{"damage_healed":0.0,"max_hp_gain":0.0,"max_hp_loss":0.0,"gold_gain":0.0,"event_name":"Cursed Tome","player_choice":"Obtained Book","floor":30.0,"gold_loss":0.0,"damage_taken":16.0}],"is_beta":false,"boss_relics":[{"not_picked":["White Beast Statue","Coffee Dripper"],"picked":"Astrolabe"}],"items_purged_floors":[3,19],"is_endless":false,"potions_floor_spawned":[1,6,10,20,22],"killed_by":"Champ","ascension_level":13}