{"gold_per_floor":[114,114,125,56,66,94,94,119,171,183,198,198,229,239,239,335,335,347,61,73,73,84,84,110,110,110,127,127,145,164,164],"floor_reached":31,"playtime":1044,"items_purged":[],"score":606,"play_id":"0a3b698a-d583-44cc-aa29-8eb5684064d4","local_time":"20190915221752","is_ascension_mode":true,"campfire_choices":[{"data":"Vigilance","floor":7.0,"key":"SMITH"},{"data":"BowlingBash","floor":12.0,"key":"SMITH"},{"data":"Conclude","floor":15.0,"key":"SMITH"},{"data":"ReachHeaven","floor":23.0,"key":"SMITH"},{"floor":25.0,"key":"REST"},{"floor":28.0,"key":"REST"}],"neow_cost":"NONE","seed_source_timestamp":0,"circlet_count":0,"master_deck":["AscendersBane","Strike_P","Strike_P","Strike_P","Defend_P","Defend_P","Defend_P","Defend_P","Eruption","Vigilance+1","Brilliance","WaveOfTheHand","Protect","Fasting","CleanseEvil","Conclude+1","BowlingBash+1","Sanctity","ThirdEye","ReachHeaven+1","SignatureMove","CutThroughFate+1","EmptyMind","Adaptation+1"],"special_seed":0,"relics":["PureWater","StrikeDummy","Omamori","Centennial Puzzle","Ancient Tea Set","Letter Opener","Sozu","Ice Cream","Frozen Egg 2","Singing Bowl"],"potions_floor_usage":[],"damage_taken":[{"damage":0.0,"enemies":"Cultist","floor":1.0,"turns":3.0},{"damage":6.0,"enemies":"Small Slimes","floor":3.0,"turns":3.0},{"damage":0.0,"enemies":"2 Louse","floor":5.0,"turns":3.0},{"damage":16.0,"enemies":"Gremlin Nob","floor":6.0,"turns":3.0},{"damage":0.0,"enemies":"Lagavulin","floor":8.0,"turns":3.0},{"damage":10.0,"enemies":"Lots of Slimes","floor":10.0,"turns":3.0},{"damage":0.0,"enemies":"Large Slime","floor":11.0,"turns":3.0},{"damage":2.0,"enemies":"Gremlin Nob","floor":13.0,"turns":3.0},{"damage":0.0,"enemies":"Exordium Thugs","floor":14.0,"turns":2.0},{"damage":20.0,"enemies":"Slime Boss","floor":16.0,"turns":6.0},{"damage":10.0,"enemies":"2 Thieves","floor":18.0,"turns":2.0},{"damage":0.0,"enemies":"Chosen","floor":20.0,"turns":5.0},{"damage":0.0,"enemies":"Centurion and Healer","floor":22.0,"turns":5.0},{"damage":30.0,"enemies":"Slavers","floor":24.0,"turns":4.0},{"damage":17.0,"enemies":"Snake Plant","floor":27.0,"turns":4.0},{"damage":0,"enemies":"Snecko","floor":29,"turns":2},{"damage":9,"enemies":"Sentry and Sphere","floor":30,"turns":4},{"damage":25,"enemies":"Gremlin Leader","floor":31,"turns":2}],"seed_played":"8986965736479969387","potions_obtained":[{"floor":1.0,"key":"SpeedPotion"},{"floor":10.0,"key":"GamblersBrew"},{"floor":11.0,"key":"FearPotion"},{"floor":16.0,"key":"StancePotion"}],"is_trial":false,"path_per_floor":["M","?","M","$","M","E","R","E","T","M","M","R","E","M","R","B",null,"M","$","M","?","M","R","E","R","T","M","R","M","M","E"],"character_chosen":"WATCHER","items_purchased":["Fasting","Ice Cream"],"campfire_rested":2,"item_purchase_floors":[4,19],"current_hp_per_floor":[59,59,53,53,53,37,37,37,37,27,27,27,25,25,25,5,50,40,40,40,40,40,40,10,29,29,12,31,31,22,0],"gold":164,"neow_bonus":"ONE_RANDOM_RARE_CARD","is_prod":false,"is_daily":false,"chose_seed":false,"campfire_upgraded":4,"win_rate":0,"timestamp":1568553472,"path_taken":["M","?","M","$","M","E","R","E","T","M","?","R","E","M","R","BOSS","M","$","?","?","?","R","E","R","T","M","R","M","M","E"],"build_version":"2019-09-12","purchased_purges":0,"victory":false,"max_hp_per_floor":[65,65,65,65,65,65,65,65,65,65,65,65,65,65,65,65,65,65,65,65,65,65,65,65,65,65,65,65,65,65,65],"card_choices":[{"not_picked":["FlurryOfBlows","FollowUp"],"picked":"WaveOfTheHand","floor":1.0},{"not_picked":["FlyingSleeves","StepAndStrike"],"picked":"Protect","floor":3.0},{"not_picked":["DeceiveReality","Weave"],"picked":"CleanseEvil","floor":5.0},{"not_picked":["Brilliance","Tantrum","Prostrate"],"picked":"SKIP","floor":6.0},{"not_picked":["EmptyFist","Prostrate","Conclude"],"picked":"SKIP","floor":8.0},{"not_picked":["EmptyFist","Prostrate"],"picked":"Conclude","floor":8.0},{"not_picked":["Consecrate","FlyingSleeves"],"picked":"BowlingBash","floor":10.0},{"not_picked":["EmptyFist","Consecrate"],"picked":"Sanctity","floor":11.0},{"not_picked":["Perseverance","EmptyFist","Adaptation"],"picked":"SKIP","floor":13.0},{"not_picked":["Collect","ClearTheMind"],"picked":"ThirdEye","floor":14.0},{"not_picked":["MasterReality","SignatureMove"],"picked":"ReachHeaven","floor":16.0},{"not_picked":["Sanctity","BowlingBash","Halt"],"picked":"SKIP","floor":18.0},{"not_picked":["Halt+1","FlyingSleeves+1","BowlingBash"],"picked":"SKIP","floor":20.0},{"not_picked":["Unraveling","EmptyFist","PathToVictory"],"picked":"SKIP","floor":22.0},{"not_picked":["Scrawl","JustLucky","Halt"],"picked":"SKIP","floor":24.0},{"not_picked":["Perseverance+1","MentalFortress+1"],"picked":"CutThroughFate+1","floor":27.0},{"not_picked":["Halt","Weave+1"],"picked":"EmptyMind","floor":29},{"not_picked":["CrushJoints","ThirdEye"],"picked":"Adaptation+1","floor":30}],"player_experience":641938,"relics_obtained":[{"floor":6.0,"key":"Omamori"},{"floor":8.0,"key":"Centennial Puzzle"},{"floor":9.0,"key":"Ancient Tea Set"},{"floor":13.0,"key":"Letter Opener"},{"floor":24.0,"key":"Frozen Egg 2"},{"floor":26.0,"key":"Singing Bowl"}],"event_choices":[{"damage_healed":0.0,"max_hp_gain":0.0,"max_hp_loss":0.0,"gold_gain":0.0,"event_name":"WeMeetAgain","player_choice":"Gave Potion","floor":2.0,"gold_loss":0.0,"damage_taken":0.0,"relics_obtained":["StrikeDummy"]},{"damage_healed":0.0,"max_hp_gain":0.0,"max_hp_loss":0.0,"gold_gain":0.0,"cards_transformed":["Strike_P"],"event_name":"Transmorgrifier","player_choice":"Transformed","floor":21.0,"gold_loss":0.0,"damage_taken":0.0,"cards_obtained":["SignatureMove"]}],"is_beta":true,"boss_relics":[{"not_picked":["Busted Crown","HolyWater"],"picked":"Sozu"}],"items_purged_floors":[],"is_endless":false,"potions_floor_spawned":[1,10,11,16,22,30],"killed_by":"Gremlin Leader","ascension_level":10}