{"gold_per_floor":[109,184,200,200,214,214,225,225,248,248,259,271,282,298,298,401,401,417,303,315,335,335,335,335,347,419,162,162,162,177,196,196,292,292,305,317,317,317,327,327,341,341,341,356,49,49,49,49],"floor_reached":48,"playtime":1031,"items_purged":["Heavy Blade","Flex","Writhe"],"score":432,"play_id":"40d7afa3-9b52-4619-98bb-7938ba458832","local_time":"20190602163917","is_ascension_mode":false,"campfire_choices":[{"data":"Spot Weakness","floor":6,"key":"SMITH"},{"data":"Sword Boomerang","floor":8,"key":"SMITH"},{"floor":15,"key":"REST"},{"floor":23,"key":"REST"},{"floor":29,"key":"REST"},{"floor":32,"key":"REST"},{"floor":40,"key":"REST"},{"floor":42,"key":"REST"}],"neow_cost":"NONE","seed_source_timestamp":617267943595200,"circlet_count":0,"master_deck":["Bash","Inflame","Sword Boomerang+1","Spot Weakness+1","Pummel","Demon Form","Limit Break","Whirlwind","Sword Boomerang","Spot Weakness","Whirlwind","Sword Boomerang","Disarm","Whirlwind","Reaper","Limit Break","Pummel","Limit Break"],"relics":["Burning Blood","NeowsBlessing","Oddly Smooth Stone","Pandora\u0027s Box","Darkstone Periapt","Bronze Scales","MutagenicStrength","Runic Pyramid","Frozen Egg 2","Juzu Bracelet"],"potions_floor_usage":[11,22,39,47],"damage_taken":[{"damage":0,"enemies":"Small Slimes","floor":1,"turns":1},{"damage":0,"enemies":"Jaw Worm","floor":3,"turns":1},{"damage":0,"enemies":"Cultist","floor":5,"turns":1},{"damage":28,"enemies":"Gremlin Gang","floor":7,"turns":5},{"damage":6,"enemies":"Lots of Slimes","floor":11,"turns":3},{"damage":0,"enemies":"Large Slime","floor":12,"turns":4},{"damage":18,"enemies":"Exordium Wildlife","floor":13,"turns":4},{"damage":13,"enemies":"2 Fungi Beasts","floor":14,"turns":4},{"damage":13,"enemies":"The Guardian","floor":16,"turns":7},{"damage":30,"enemies":"Spheric Guardian","floor":18,"turns":4},{"damage":10,"enemies":"Chosen","floor":20,"turns":3},{"damage":27,"enemies":"3 Cultists","floor":21,"turns":4},{"damage":0,"enemies":"Snake Plant","floor":22,"turns":1},{"damage":28,"enemies":"Centurion and Healer","floor":25,"turns":4},{"damage":12,"enemies":"Cultist and Chosen","floor":30,"turns":3},{"damage":18,"enemies":"3 Cultists","floor":31,"turns":3},{"damage":48,"enemies":"Champ","floor":33,"turns":7},{"damage":33,"enemies":"Orb Walker","floor":35,"turns":3},{"damage":58,"enemies":"3 Darklings","floor":36,"turns":4},{"damage":37,"enemies":"Sphere and 2 Shapes","floor":39,"turns":3},{"damage":32,"enemies":"Spire Growth","floor":41,"turns":3},{"damage":60,"enemies":"3 Darklings","floor":44,"turns":4},{"damage":0,"enemies":"Writhing Mass","floor":47,"turns":1},{"damage":37,"enemies":"Sphere and 2 Shapes","floor":48,"turns":2}],"seed_played":"-4939636876008691623","potions_obtained":[{"floor":1,"key":"FearPotion"},{"floor":5,"key":"Block Potion"},{"floor":11,"key":"SmokeBomb"},{"floor":12,"key":"SmokeBomb"},{"floor":25,"key":"Fire Potion"},{"floor":36,"key":"Regen Potion"},{"floor":44,"key":"Dexterity Potion"}],"is_trial":false,"path_per_floor":["M","?","M","?","M","R","M","R","T","?","M","M","M","M","R","B",null,"M","$","M","M","M","R","?","M","T","$","?","R","M","M","R","B",null,"M","M","?","?","M","R","M","R","T","M","$","?","M","M"],"character_chosen":"IRONCLAD","items_purchased":["Whirlwind","Bronze Scales","Juzu Bracelet","Pummel"],"campfire_rested":6,"item_purchase_floors":[19,27,45,45],"current_hp_per_floor":[80,69,75,75,80,80,58,58,58,51,51,57,45,38,62,55,80,56,56,52,31,37,61,61,39,39,39,39,63,57,47,71,48,80,68,16,42,42,32,57,31,56,56,26,26,26,32,0],"gold":49,"neow_bonus":"THREE_ENEMY_KILL","is_prod":false,"is_daily":false,"chose_seed":false,"campfire_upgraded":2,"win_rate":0,"timestamp":1559518757,"path_taken":["M","?","M","?","M","R","M","R","T","?","M","M","M","?","R","BOSS","M","$","M","M","M","R","?","?","T","?","?","R","M","M","R","BOSS","M","M","?","?","M","R","M","R","T","M","$","?","M","M"],"build_version":"2019-01-23","purchased_purges":3,"victory":false,"max_hp_per_floor":[80,80,80,80,80,80,80,80,80,80,80,80,80,80,80,80,80,80,80,80,80,80,80,80,80,80,80,80,80,80,80,80,80,80,80,80,86,86,86,86,86,86,86,86,86,86,86,86],"card_choices":[{"not_picked":["Disarm","Heavy Blade"],"picked":"Inflame","floor":1},{"not_picked":["Heavy Blade","Flex"],"picked":"Sword Boomerang","floor":3},{"not_picked":["Heavy Blade","Sword Boomerang"],"picked":"Spot Weakness","floor":5},{"not_picked":["Sword Boomerang","Disarm"],"picked":"Pummel","floor":7},{"not_picked":["Heavy Blade","Sword Boomerang","Disarm"],"picked":"SKIP","floor":11},{"not_picked":["Heavy Blade","Spot Weakness","Inflame"],"picked":"SKIP","floor":12},{"not_picked":["Heavy Blade","Sword Boomerang"],"picked":"Flex","floor":13},{"not_picked":["Heavy Blade","Sword Boomerang","Flex"],"picked":"SKIP","floor":14},{"not_picked":["Limit Break","Reaper"],"picked":"Demon Form","floor":16},{"not_picked":["Sword Boomerang","Heavy Blade","Fire Breathing"],"picked":"SKIP","floor":18},{"not_picked":["Heavy Blade","Disarm+1","Sword Boomerang"],"picked":"SKIP","floor":20},{"not_picked":["Disarm+1","Spot Weakness","Heavy Blade"],"picked":"SKIP","floor":21},{"not_picked":["Spot Weakness","Fire Breathing+1","Flex"],"picked":"SKIP","floor":25},{"not_picked":["Inflame","Sword Boomerang"],"picked":"Reaper","floor":30},{"not_picked":["Sword Boomerang","Disarm+1","Flex"],"picked":"SKIP","floor":31},{"not_picked":["Demon Form","Reaper"],"picked":"Limit Break","floor":33},{"not_picked":["Flex+1","Fire Breathing+1","Heavy Blade"],"picked":"SKIP","floor":35},{"not_picked":["Inflame+1","Disarm+1","Fire Breathing+1"],"picked":"SKIP","floor":36},{"not_picked":["Heavy Blade","Sword Boomerang+1","Flex"],"picked":"SKIP","floor":39},{"not_picked":["Heavy Blade+1","Sword Boomerang+1","Flex+1"],"picked":"SKIP","floor":41},{"not_picked":["Fire Breathing+1","Demon Form+1","Heavy Blade"],"picked":"SKIP","floor":44}],"player_experience":1267616,"relics_obtained":[{"floor":9,"key":"Oddly Smooth Stone"},{"floor":26,"key":"Darkstone Periapt"},{"floor":43,"key":"Frozen Egg 2"}],"event_choices":[{"damage_healed":0,"gold_gain":75,"player_choice":"Gather Gold","damage_taken":11,"max_hp_gain":0,"max_hp_loss":0,"event_name":"World of Goop","floor":2,"gold_loss":0},{"damage_healed":0,"gold_gain":0,"player_choice":"Ignored","damage_taken":0,"max_hp_gain":0,"max_hp_loss":0,"event_name":"Liars Game","floor":4,"gold_loss":0},{"cards_removed":["Strike_R"],"damage_healed":0,"gold_gain":0,"player_choice":"Card Removal","damage_taken":7,"max_hp_gain":0,"max_hp_loss":0,"event_name":"Golden Wing","floor":10,"gold_loss":0},{"damage_healed":0,"gold_gain":0,"player_choice":"Leave","damage_taken":0,"max_hp_gain":0,"max_hp_loss":0,"event_name":"FaceTrader","floor":24,"gold_loss":0},{"damage_healed":0,"gold_gain":0,"player_choice":"Inject Mutagens","damage_taken":0,"relics_obtained":["MutagenicStrength"],"max_hp_gain":0,"max_hp_loss":0,"event_name":"Drug Dealer","floor":28,"gold_loss":0},{"damage_healed":20,"gold_gain":0,"player_choice":"Writhe","damage_taken":0,"max_hp_gain":0,"max_hp_loss":0,"event_name":"Winding Halls","floor":37,"gold_loss":0,"cards_obtained":["Writhe"]},{"damage_healed":0,"gold_gain":0,"player_choice":"Ignored","damage_taken":0,"max_hp_gain":0,"max_hp_loss":0,"event_name":"Tomb of Lord Red Mask","floor":38,"gold_loss":0},{"damage_healed":0,"gold_gain":0,"player_choice":"Copied","damage_taken":0,"max_hp_gain":0,"max_hp_loss":0,"event_name":"Duplicator","floor":46,"gold_loss":0,"cards_obtained":["Limit Break"]}],"is_beta":false,"boss_relics":[{"not_picked":["Lizard Tail","Astrolabe"],"picked":"Pandora\u0027s Box"},{"not_picked":["Runic Cube","White Beast Statue"],"picked":"Runic Pyramid"}],"items_purged_floors":[19,27,45],"is_endless":false,"potions_floor_spawned":[1,5,11,12,18,20,25,30,36,44,47],"killed_by":"Sphere and 2 Shapes","ascension_level":0}