{"gold_per_floor":[113,125,137,148,168,168,178,25,105,119,137,137,169,179,179,258,258,229,263,276,20,20,20,38,48,48,48,48,60,60,60,60,136,136,148,160,160,179,195,195,205,205,256,256,273,287,287,60,60,60],"floor_reached":51,"playtime":2845,"items_purged":["Strike_R","Defend_R"],"score":1082,"play_id":"2643f923-cd12-4855-b20b-b5671c49b541","local_time":"20190901021127","is_ascension_mode":true,"campfire_choices":[{"data":"Flame Barrier","floor":6.0,"key":"SMITH"},{"data":"Inflame","floor":12.0,"key":"SMITH"},{"floor":15.0,"key":"REST"},{"floor":23.0,"key":"REST"},{"floor":27.0,"key":"REST"},{"data":"True Grit","floor":30.0,"key":"SMITH"},{"data":"Demon Form","floor":32.0,"key":"SMITH"},{"floor":40,"key":"REST"},{"data":"Intimidate","floor":42,"key":"SMITH"},{"data":"Rampage","floor":44,"key":"SMITH"},{"data":"Bash","floor":49,"key":"SMITH"}],"neow_cost":"NONE","seed_source_timestamp":1489627056242800,"circlet_count":0,"master_deck":["AscendersBane","Defend_R","Defend_R","Defend_R","Bash+1","Intimidate+1","Flame Barrier+1","Shrug It Off","True Grit+1","Rampage+1","Cleave","Reaper","Demon Form+1","Headbutt+1","Iron Wave+1","Pummel","Bite","Bite","Bite","Bite","Bite","Headbutt+1","Fiend Fire","Heavy Blade+1","Dark Shackles","Flash of Steel","Spot Weakness"],"special_seed":0,"relics":["Burning Blood","Whetstone","Gremlin Horn","Mango","Runic Pyramid","Red Mask","Red Skull","Peace Pipe","Art of War","Busted Crown","Strawberry"],"potions_floor_usage":[50,50],"damage_taken":[{"damage":11.0,"enemies":"Cultist","floor":1.0,"turns":4.0},{"damage":15.0,"enemies":"Small Slimes","floor":2.0,"turns":4.0},{"damage":0.0,"enemies":"2 Louse","floor":3.0,"turns":4.0},{"damage":26.0,"enemies":"Exordium Thugs","floor":4.0,"turns":6.0},{"damage":14.0,"enemies":"Blue Slaver","floor":5.0,"turns":6.0},{"damage":0.0,"enemies":"Exordium Wildlife","floor":7.0,"turns":4.0},{"damage":10.0,"enemies":"Large Slime","floor":10.0,"turns":9.0},{"damage":4.0,"enemies":"3 Louse","floor":11.0,"turns":4.0},{"damage":31.0,"enemies":"Lagavulin","floor":13.0,"turns":8.0},{"damage":19.0,"enemies":"Exordium Thugs","floor":14.0,"turns":5.0},{"damage":23.0,"enemies":"The Guardian","floor":16.0,"turns":14.0},{"damage":49.0,"enemies":"2 Thieves","floor":18.0,"turns":5.0},{"damage":42.0,"enemies":"Masked Bandits","floor":19.0,"turns":5.0},{"damage":7.0,"enemies":"Chosen","floor":20.0,"turns":6.0},{"damage":29.0,"enemies":"Snake Plant","floor":24.0,"turns":5.0},{"damage":15.0,"enemies":"3 Cultists","floor":25.0,"turns":4.0},{"damage":11.0,"enemies":"Snecko","floor":29.0,"turns":5.0},{"damage":58.0,"enemies":"Champ","floor":33.0,"turns":10.0},{"damage":27.0,"enemies":"3 Darklings","floor":35.0,"turns":5.0},{"damage":10.0,"enemies":"Orb Walker","floor":36.0,"turns":3.0},{"damage":28,"enemies":"Writhing Mass","floor":38,"turns":6},{"damage":46,"enemies":"Transient","floor":39,"turns":5},{"damage":20,"enemies":"Maw","floor":41,"turns":7},{"damage":23,"enemies":"Spire Growth","floor":45,"turns":4},{"damage":6,"enemies":"Jaw Worm Horde","floor":46,"turns":3},{"damage":70,"enemies":"Awakened One","floor":50,"turns":10}],"seed_played":"-6817090152862121239","potions_obtained":[{"floor":3.0,"key":"Energy Potion"},{"floor":7.0,"key":"SpeedPotion"},{"floor":11.0,"key":"Poison Potion"},{"floor":13.0,"key":"AttackPotion"},{"floor":18.0,"key":"PowerPotion"},{"floor":20.0,"key":"SneckoOil"},{"floor":24.0,"key":"FearPotion"},{"floor":29.0,"key":"Weak Potion"}],"is_trial":false,"path_per_floor":["M","M","M","M","M","R","M","$","T","M","M","R","E","M","R","B",null,"M","?","M","$","?","R","M","M","T","R","?","M","R","T","R","B",null,"M","M","?","M","M","R","M","R","T","R","M","M","?","$","R","B",null],"character_chosen":"IRONCLAD","items_purchased":["Whetstone","Red Skull","Pummel","Flash of Steel","Spot Weakness"],"campfire_rested":4,"item_purchase_floors":[8,21,21,48,48],"current_hp_per_floor":[63,54,60,40,32,32,38,38,38,34,36,36,25,18,44,27,74,39,14,20,20,20,38,25,36,36,54,54,59,59,59,59,43,57,49,56,56,55,25,43,62,62,69,69,60,66,66,66,66,51],"gold":60,"neow_bonus":"REMOVE_CARD","is_prod":false,"is_daily":false,"chose_seed":false,"campfire_upgraded":7,"win_rate":0,"timestamp":1567329087,"path_taken":["M","M","M","M","M","R","M","$","T","?","M","R","E","M","R","BOSS","M","?","M","$","?","R","?","M","T","R","?","M","R","?","R","BOSS","M","M","?","M","M","R","M","R","T","R","M","M","?","$","R","BOSS"],"build_version":"2019-07-17","purchased_purges":2,"victory":true,"max_hp_per_floor":[75,75,75,75,75,75,75,75,75,75,75,75,89,89,89,89,89,89,89,89,89,62,62,62,62,62,62,62,62,62,62,62,62,62,62,62,62,62,62,62,62,62,69,69,69,69,69,69,69,69],"card_choices":[{"not_picked":["Heavy Blade","True Grit"],"picked":"Intimidate","floor":1.0},{"not_picked":["Anger","Sever Soul"],"picked":"Flame Barrier","floor":2.0},{"not_picked":["Hemokinesis","Anger"],"picked":"Shrug It Off","floor":3.0},{"not_picked":["Dark Embrace","Heavy Blade"],"picked":"True Grit","floor":4.0},{"not_picked":["Twin Strike","Shrug It Off"],"picked":"Rampage","floor":5.0},{"not_picked":["Metallicize","Entrench","Twin Strike"],"picked":"SKIP","floor":7.0},{"not_picked":["Sword Boomerang","Juggernaut"],"picked":"Inflame","floor":10.0},{"not_picked":["Havoc","Twin Strike"],"picked":"Cleave","floor":11.0},{"not_picked":["Heavy Blade","Armaments"],"picked":"Reaper","floor":13.0},{"not_picked":["Dual Wield","Armaments","Clothesline"],"picked":"SKIP","floor":14.0},{"not_picked":["Berserk","Immolate"],"picked":"Demon Form","floor":16.0},{"not_picked":["Warcry","Havoc"],"picked":"Headbutt+1","floor":18.0},{"not_picked":["Fire Breathing+1","Armaments"],"picked":"Iron Wave+1","floor":19.0},{"not_picked":["Clothesline","Anger","Wild Strike+1"],"picked":"SKIP","floor":20.0},{"not_picked":["Entrench+1","Warcry+1"],"picked":"Headbutt+1","floor":24.0},{"not_picked":["Inflame","Anger","Feel No Pain"],"picked":"SKIP","floor":25.0},{"not_picked":["Clash","Inflame","Body Slam"],"picked":"SKIP","floor":29.0},{"not_picked":["Barricade","Exhume"],"picked":"Fiend Fire","floor":33.0},{"not_picked":["Thunderclap"],"picked":"SKIP","floor":35.0},{"not_picked":[],"picked":"Heavy Blade+1","floor":36.0},{"not_picked":[],"picked":"Dark Shackles","floor":37},{"not_picked":["Clothesline"],"picked":"SKIP","floor":38},{"not_picked":["Second Wind"],"picked":"SKIP","floor":39},{"not_picked":["Bloodletting"],"picked":"SKIP","floor":41},{"not_picked":["Clash+1"],"picked":"SKIP","floor":45},{"not_picked":["Spot Weakness"],"picked":"SKIP","floor":46}],"player_experience":1355740,"relics_obtained":[{"floor":9.0,"key":"Gremlin Horn"},{"floor":13.0,"key":"Mango"},{"floor":19.0,"key":"Red Mask"},{"floor":26.0,"key":"Peace Pipe"},{"floor":31.0,"key":"Art of War"},{"floor":43,"key":"Strawberry"}],"event_choices":[{"damage_healed":0.0,"max_hp_gain":0.0,"max_hp_loss":0.0,"gold_gain":0.0,"event_name":"Masked Bandits","player_choice":"Fought Bandits","floor":19.0,"gold_loss":0.0,"damage_taken":0.0},{"damage_healed":0.0,"max_hp_gain":0.0,"max_hp_loss":27.0,"gold_gain":0.0,"event_name":"Vampires","player_choice":"Became a vampire","floor":22.0,"gold_loss":0.0,"damage_taken":0.0,"cards_obtained":["Bite","Bite","Bite","Bite","Bite"]},{"damage_healed":0.0,"max_hp_gain":0.0,"max_hp_loss":0.0,"gold_gain":0.0,"event_name":"Ghosts","player_choice":"Ignored","floor":28.0,"gold_loss":0.0,"damage_taken":0.0},{"damage_healed":0,"gold_gain":0,"player_choice":"Memory 1","damage_taken":0,"max_hp_gain":0,"max_hp_loss":0,"event_name":"SensoryStone","floor":37,"gold_loss":0},{"cards_removed":["Inflame"],"damage_healed":0,"gold_gain":0,"player_choice":"Removed Power","damage_taken":0,"max_hp_gain":0,"max_hp_loss":0,"event_name":"Falling","floor":47,"gold_loss":0}],"is_beta":false,"boss_relics":[{"not_picked":["Orrery","Eternal Feather"],"picked":"Runic Pyramid"},{"not_picked":["Black Star","Empty Cage"],"picked":"Busted Crown"}],"items_purged_floors":[21,48],"is_endless":false,"potions_floor_spawned":[3,7,11,13,18,20,24,29,45,46],"ascension_level":14}