{"path_per_floor":["M","M","?","M","M","E","R","M","T","M","M","E","$","?","R"],"character_chosen":"IRONCLAD","items_purchased":[],"gold_per_floor":[119,130,130,140,154,181,181,199,223,241,258,292,292,318,318,318],"floor_reached":16,"campfire_rested":1,"playtime":543,"current_hp_per_floor":[73,77,70,75,80,66,66,51,51,55,55,39,39,15,41,0],"items_purged":[],"gold":318,"score":171,"play_id":"1abe5916-9344-4259-a685-e0059bb2b361","local_time":"20180515161346","is_prod":false,"is_daily":false,"chose_seed":false,"is_ascension_mode":true,"campfire_upgraded":1,"timestamp":1526415226,"path_taken":["M","M","?","?","M","E","R","M","T","M","M","E","$","?","R","BOSS"],"build_version":"2018-05-14v2","seed_source_timestamp":77796441588747,"purchased_purges":0,"victory":false,"master_deck":["Strike_R","Strike_R","Strike_R","Strike_R","Strike_R","Defend_R","Defend_R","Defend_R","Bash+1","AscendersBane","Flame Barrier","Flex","Twin Strike","Fiend Fire","Ghostly Armor","Whirlwind","Twin Strike","Perfected Strike"],"max_hp_per_floor":[88,88,88,88,88,88,88,88,88,88,88,88,88,88,88,88],"relics":["Burning Blood","Dodecahedron","Juzu Bracelet","Bronze Scales","Odd Mushroom"],"card_choices":[{"not_picked":["Clothesline","Flame Barrier","Sentinel"],"picked":"SKIP","floor":1},{"not_picked":["Clothesline","Sentinel"],"picked":"Flame Barrier","floor":1},{"not_picked":["Thunderclap","True Grit"],"picked":"Flex","floor":2},{"not_picked":["Clothesline","Flex","Entrench"],"picked":"SKIP","floor":4},{"not_picked":["Flame Barrier","Sever Soul"],"picked":"Twin Strike","floor":5},{"not_picked":["Anger","Iron Wave"],"picked":"Fiend Fire","floor":6},{"not_picked":["Headbutt","Body Slam","Second Wind"],"picked":"SKIP","floor":8},{"not_picked":["Wild Strike","Combust"],"picked":"Ghostly Armor","floor":10},{"not_picked":["Sword Boomerang","Cleave"],"picked":"Whirlwind","floor":11},{"not_picked":["Body Slam","Fire Breathing"],"picked":"Twin Strike","floor":12},{"not_picked":["Armaments","Sword Boomerang"],"picked":"Perfected Strike","floor":14}],"player_experience":767397,"potions_floor_usage":[6],"damage_taken":[{"damage":13,"enemies":"Jaw Worm","floor":1,"turns":4},{"damage":2,"enemies":"Small Slimes","floor":2,"turns":5},{"damage":1,"enemies":"Cultist","floor":4,"turns":3},{"damage":1,"enemies":"Looter","floor":5,"turns":4},{"damage":20,"enemies":"Gremlin Nob","floor":6,"turns":4},{"damage":21,"enemies":"Lots of Slimes","floor":8,"turns":5},{"damage":2,"enemies":"Exordium Wildlife","floor":10,"turns":4},{"damage":6,"enemies":"Looter","floor":11,"turns":3},{"damage":22,"enemies":"3 Sentries","floor":12,"turns":7},{"damage":30,"enemies":"The Mushroom Lair","floor":14,"turns":5},{"damage":43,"enemies":"Hexaghost","floor":16,"turns":9}],"relics_obtained":[{"floor":6,"key":"Dodecahedron"},{"floor":9,"key":"Juzu Bracelet"},{"floor":12,"key":"Bronze Scales"},{"floor":14,"key":"Odd Mushroom"}],"event_choices":[{"event_name":"Golden Wing","player_choice":"Card Removal","floor":3,"damage_taken":0},{"event_name":"Mushrooms","player_choice":"Fought Mushrooms","floor":14,"damage_taken":0}],"boss_relics":[],"potions_floor_spawned":[4,6,11,14],"seed_played":"-4440324555809307766","killed_by":"Hexaghost","ascension_level":10,"potions_obtained":[{"floor":4,"key":"Fire Potion"},{"floor":6,"key":"Weak Potion"},{"floor":11,"key":"Ancient Potion"},{"floor":14,"key":"Poison Potion"}],"is_trial":false}