{"gold_per_floor":[112,112,128,128,4,4,18,30,30,105,116,116,116,136,136,232,232,222,233,1,15,27,27,27,57,80,6,6,6,25,25,25,125,125,139,159,234,53,70,70,85,85,85,101,113,113,113,124,124,124],"floor_reached":51,"playtime":6303,"items_purged":["Strike_P","Defend_P"],"score":644,"play_id":"1d432c67-f069-4036-a25a-1eae71e80deb","local_time":"20190925185103","is_ascension_mode":true,"campfire_choices":[{"data":"Eruption","floor":6,"key":"SMITH"},{"data":"Conclude","floor":12,"key":"SMITH"},{"data":"Protect","floor":15,"key":"SMITH"},{"data":"Devotion","floor":23,"key":"SMITH"},{"data":"EmptyFist","floor":24,"key":"SMITH"},{"data":"WindmillStrike","floor":28,"key":"SMITH"},{"data":"Wireheading","floor":29,"key":"SMITH"},{"floor":32,"key":"REST"},{"floor":40,"key":"REST"},{"floor":42,"key":"REST"},{"floor":46,"key":"REST"},{"floor":49,"key":"REST"}],"neow_cost":"NONE","seed_source_timestamp":1319507288600,"circlet_count":0,"master_deck":["Defend_P","Defend_P","Eruption+1","Vigilance","JustLucky","Evaluate","MentalFortress","Sanctity","Conclude+1","CutThroughFate","Protect+1","EmptyFist+1","Nirvana","EmptyFist","ThirdEye","Devotion+1","Bandage Up","FollowUp","CrushJoints+1","Wireheading+1","WindmillStrike+1","Crescendo","Ragnarok","PathToVictory+1","ClearTheMind+1","Meditate+1","EmptyBody+1","Devotion+1","Establishment","ThirdEye","Protect+1","EmptyBody","Parasite"],"relics":["Velvet Choker","Darkstone Periapt","WingedGreaves","The Courier","Black Star","Lizard Tail","Meat on the Bone","MawBank","Astrolabe","Turnip"],"potions_floor_usage":[18,25,25,25,30,41,47,50],"damage_taken":[{"damage":1,"enemies":"2 Louse","floor":1,"turns":3},{"damage":2,"enemies":"Jaw Worm","floor":3,"turns":5},{"damage":0,"enemies":"Small Slimes","floor":7,"turns":4},{"damage":0,"enemies":"3 Louse","floor":8,"turns":2},{"damage":0,"enemies":"Exordium Wildlife","floor":11,"turns":2},{"damage":0,"enemies":"2 Fungi Beasts","floor":14,"turns":2},{"damage":25,"enemies":"The Guardian","floor":16,"turns":13},{"damage":6,"enemies":"2 Thieves","floor":18,"turns":4},{"damage":6,"enemies":"Shell Parasite","floor":19,"turns":6},{"damage":3,"enemies":"Chosen and Byrds","floor":21,"turns":6},{"damage":0,"enemies":"3 Cultists","floor":22,"turns":4},{"damage":30,"enemies":"Slavers","floor":25,"turns":3},{"damage":0,"enemies":"Snake Plant","floor":30,"turns":3},{"damage":54,"enemies":"Collector","floor":33,"turns":14},{"damage":30,"enemies":"Orb Walker","floor":35,"turns":5},{"damage":23,"enemies":"3 Darklings","floor":36,"turns":7},{"damage":14,"enemies":"Maw","floor":39,"turns":7},{"damage":39,"enemies":"Spire Growth","floor":41,"turns":6},{"damage":20,"enemies":"Sphere and 2 Shapes","floor":44,"turns":6},{"damage":27,"enemies":"Writhing Mass","floor":45,"turns":7},{"damage":0,"enemies":"Spire Growth","floor":47,"turns":1},{"damage":34,"enemies":"Maw","floor":48,"turns":9},{"damage":77,"enemies":"Donu and Deca","floor":50,"turns":13}],"seed_played":"-6651744786077352553","potions_obtained":[{"floor":7,"key":"Strength Potion"},{"floor":11,"key":"Dexterity Potion"},{"floor":21,"key":"Swift Potion"},{"floor":22,"key":"DuplicationPotion"},{"floor":25,"key":"AttackPotion"},{"floor":36,"key":"AttackPotion"},{"floor":44,"key":"StancePotion"},{"floor":45,"key":"SmokeBomb"}],"is_trial":false,"path_per_floor":["M","?","M","T","$","R","M","M","T","?","M","R","?","M","R","B",null,"M","M","$","M","M","R","R","E","T","$","R","R","M","?","R","B",null,"M","M","?","$","M","R","M","R","T","M","M","R","M","M","R","B",null],"character_chosen":"WATCHER","items_purchased":["MentalFortress","Sanctity","ThirdEye","Devotion","Bandage Up","Wireheading","WindmillStrike","Establishment","ThirdEye"],"campfire_rested":5,"item_purchase_floors":[5,5,20,20,20,27,27,38,38],"current_hp_per_floor":[64,64,62,62,62,62,62,62,62,51,51,51,51,51,51,26,65,59,53,53,54,58,58,58,32,32,32,32,32,36,36,55,17,65,39,32,26,26,24,43,20,39,39,35,30,51,51,33,54,35],"gold":124,"neow_bonus":"BOSS_RELIC","is_prod":false,"is_daily":false,"chose_seed":false,"campfire_upgraded":7,"win_rate":0,"timestamp":1569433863,"path_taken":["M","?","M","?","$","R","M","M","T","?","M","R","?","M","R","BOSS","M","M","$","M","M","R","R","E","T","$","R","R","M","?","R","BOSS","M","M","?","$","M","R","M","R","T","M","M","R","M","M","R","BOSS"],"build_version":"2019-09-24","purchased_purges":2,"victory":true,"max_hp_per_floor":[65,65,65,65,65,65,65,65,65,65,65,65,65,65,65,65,65,65,65,65,65,65,65,65,65,65,65,65,65,65,65,65,65,65,65,65,65,65,65,65,65,65,65,65,71,71,71,71,71,71],"card_choices":[{"not_picked":["FlyingSleeves","Indignation"],"picked":"JustLucky","floor":1},{"not_picked":["Scrawl","Crescendo"],"picked":"Evaluate","floor":3},{"not_picked":["Prostrate","WreathOfFlame"],"picked":"Conclude","floor":7},{"not_picked":["Vengeance","CrushJoints"],"picked":"CutThroughFate","floor":8},{"not_picked":["Consecrate","ForeignInfluence"],"picked":"Protect","floor":11},{"not_picked":["JustLucky","Halt"],"picked":"EmptyFist","floor":14},{"not_picked":["Ragnarok","Alpha"],"picked":"Nirvana","floor":16},{"not_picked":["FlowState","Weave"],"picked":"EmptyFist","floor":18},{"not_picked":["CleanseEvil","MentalFortress","EmptyFist+1"],"picked":"SKIP","floor":19},{"not_picked":["CarveReality","LessonLearned","Weave"],"picked":"SKIP","floor":21},{"not_picked":["Halt","ForeignInfluence"],"picked":"FollowUp","floor":22},{"not_picked":["WheelKick","JustLucky"],"picked":"CrushJoints+1","floor":25},{"not_picked":["PathToVictory","FlurryOfBlows"],"picked":"Crescendo","floor":30},{"not_picked":["Blasphemy","Nirvana"],"picked":"Ragnarok","floor":33},{"not_picked":["Halt+1","Evaluate"],"picked":"EmptyBody+1","floor":35},{"not_picked":["BattleHymn","Consecrate"],"picked":"Devotion+1","floor":36},{"not_picked":["EmptyFist+1","PathToVictory+1"],"picked":"Protect+1","floor":39},{"not_picked":["CutThroughFate","Protect+1","FollowUp+1"],"picked":"SKIP","floor":41},{"not_picked":["MentalFortress","FollowUp+1"],"picked":"EmptyBody","floor":44},{"not_picked":["EmptyMind","Conclude+1","WreathOfFlame+1"],"picked":"SKIP","floor":45},{"not_picked":["SashWhip","FlurryOfBlows+1","Indignation"],"picked":"SKIP","floor":48}],"player_experience":251428,"relics_obtained":[{"floor":4,"key":"Darkstone Periapt"},{"floor":9,"key":"WingedGreaves"},{"floor":25,"key":"Lizard Tail"},{"floor":25,"key":"Meat on the Bone"},{"floor":26,"key":"MawBank"},{"floor":43,"key":"Turnip"}],"event_choices":[{"cards_removed":["Strike_P"],"damage_healed":0,"gold_gain":0,"player_choice":"Forget","damage_taken":0,"max_hp_gain":0,"max_hp_loss":0,"event_name":"Living Wall","floor":2,"gold_loss":0},{"damage_healed":0,"gold_gain":75,"player_choice":"Gather Gold","damage_taken":11,"max_hp_gain":0,"max_hp_loss":0,"event_name":"World of Goop","floor":10,"gold_loss":0},{"damage_healed":0,"gold_gain":0,"player_choice":"Searched \u00271\u0027 times","damage_taken":0,"relics_obtained":["The Courier"],"max_hp_gain":0,"max_hp_loss":0,"event_name":"Dead Adventurer","floor":13,"gold_loss":0},{"damage_healed":0,"gold_gain":0,"player_choice":"Ignored","damage_taken":0,"max_hp_gain":0,"max_hp_loss":0,"event_name":"The Mausoleum","floor":31,"gold_loss":0},{"damage_healed":0,"gold_gain":75,"player_choice":"Touch","damage_taken":6,"max_hp_gain":0,"max_hp_loss":0,"event_name":"FaceTrader","floor":37,"gold_loss":0}],"is_beta":true,"boss_relics":[{"not_picked":["Runic Pyramid","Runic Dome"],"picked":"Black Star"},{"not_picked":["SacredBark","Snecko Eye"],"picked":"Astrolabe"}],"items_purged_floors":[20,38],"is_endless":false,"potions_floor_spawned":[7,11,21,22,25,36,44,45],"ascension_level":1}