{"gold_per_floor":[111,130,90,105,123,123,154,154,154,154,12,343,353,370,370,471,471,471,471,471,471,471,471,471,471,471,471,8,8,8,8,8,8,8,8,8,8,8,8,8,8,8,8,8,8,8,8,8,8,8],"floor_reached":51,"playtime":2566,"items_purged":["Strike_P"],"score":1237,"play_id":"821b89a2-c70a-40d3-9358-6c09341a40a5","local_time":"20190914224258","is_ascension_mode":true,"campfire_choices":[{"data":"SandsOfTime","floor":6.0,"key":"SMITH"},{"data":"Eruption","floor":8.0,"key":"SMITH"},{"data":"EmptyMind","floor":10.0,"key":"SMITH"},{"data":"ReachHeaven","floor":15.0,"key":"SMITH"},{"floor":23.0,"key":"REST"},{"data":"DeceiveReality","floor":25.0,"key":"SMITH"},{"data":"DevaForm","floor":32.0,"key":"SMITH"},{"data":"Protect","floor":40.0,"key":"SMITH"},{"data":"Omniscience","floor":42.0,"key":"SMITH"},{"floor":46.0,"key":"REST"},{"floor":49.0,"key":"REST"}],"neow_cost":"NONE","seed_source_timestamp":0,"circlet_count":0,"master_deck":["Strike_P+1","Strike_P+1","Strike_P+1","Defend_P+1","Defend_P+1","Defend_P+1","Defend_P+1","Eruption+1","Vigilance+1","Consecrate","SandsOfTime+1","EmptyMind+1","Protect+1","CutThroughFate","ReachHeaven+1","DeceiveReality+1","BattleHymn","WindmillStrike","Omniscience+1","DevaForm+1","Evaluate+1","MasterReality","InnerPeace+1","Blind","Enlightenment"],"special_seed":0,"relics":["HolyWater","Ornamental Fan","Mummified Hand","Old Coin","Ectoplasm","The Courier","Pantograph","Lee\u0027s Waffle","StoneCalendar","Centennial Puzzle","Singing Bowl","Ice Cream","Oddly Smooth Stone","Potion Belt"],"potions_floor_usage":[50,50],"damage_taken":[{"damage":2.0,"enemies":"Jaw Worm","floor":1.0,"turns":4.0},{"damage":0.0,"enemies":"Cultist","floor":2.0,"turns":2.0},{"damage":0.0,"enemies":"2 Louse","floor":4.0,"turns":2.0},{"damage":6.0,"enemies":"Blue Slaver","floor":5.0,"turns":5.0},{"damage":0.0,"enemies":"Lagavulin","floor":7.0,"turns":3.0},{"damage":0.0,"enemies":"3 Sentries","floor":12.0,"turns":3.0},{"damage":0.0,"enemies":"Looter","floor":13.0,"turns":2.0},{"damage":0.0,"enemies":"Large Slime","floor":14.0,"turns":4.0},{"damage":35.0,"enemies":"Hexaghost","floor":16.0,"turns":8.0},{"damage":0.0,"enemies":"Spheric Guardian","floor":18.0,"turns":2.0},{"damage":2.0,"enemies":"3 Byrds","floor":21.0,"turns":4.0},{"damage":31.0,"enemies":"Slavers","floor":24.0,"turns":4.0},{"damage":0.0,"enemies":"Snecko","floor":27.0,"turns":2.0},{"damage":0.0,"enemies":"Chosen and Byrds","floor":30.0,"turns":3.0},{"damage":3.0,"enemies":"3 Cultists","floor":31.0,"turns":5.0},{"damage":7.0,"enemies":"Champ","floor":33.0,"turns":9.0},{"damage":8.0,"enemies":"3 Shapes","floor":35.0,"turns":5.0},{"damage":0.0,"enemies":"Orb Walker","floor":38.0,"turns":2.0},{"damage":1.0,"enemies":"Jaw Worm Horde","floor":39.0,"turns":4.0},{"damage":13.0,"enemies":"Nemesis","floor":41.0,"turns":3.0},{"damage":23.0,"enemies":"Reptomancer","floor":44.0,"turns":8.0},{"damage":0.0,"enemies":"Sphere and 2 Shapes","floor":45.0,"turns":7.0},{"damage":7.0,"enemies":"Transient","floor":48.0,"turns":5.0},{"damage":0,"enemies":"Time Eater","floor":50,"turns":14}],"seed_played":"1731660827051822386","potions_obtained":[{"floor":1.0,"key":"Fire Potion"},{"floor":3.0,"key":"SteroidPotion"},{"floor":3.0,"key":"Regen Potion"},{"floor":7.0,"key":"Poison Potion"},{"floor":12.0,"key":"SteroidPotion"},{"floor":13.0,"key":"Swift Potion"},{"floor":14.0,"key":"DuplicationPotion"},{"floor":30.0,"key":"Explosive Potion"},{"floor":33.0,"key":"SkillPotion"},{"floor":38.0,"key":"AttackPotion"},{"floor":44.0,"key":"EssenceOfSteel"},{"floor":48.0,"key":"PowerPotion"}],"is_trial":false,"path_per_floor":["M","M","?","M","M","R","E","R","T","R","$","E","M","M","R","B",null,"M","?","?","M","?","R","E","R","T","M","$","?","M","M","R","B",null,"M","?","T","M","M","R","E","R","T","E","M","R","?","M","R","B",null],"character_chosen":"WATCHER","items_purchased":["ReachHeaven","Lee\u0027s Waffle","StoneCalendar","Centennial Puzzle"],"campfire_rested":3,"item_purchase_floors":[11,28,28,28],"current_hp_per_floor":[57,57,57,57,65,65,65,65,65,65,65,65,65,65,65,30,56,56,45,45,43,43,64,33,33,33,33,77,61,61,58,58,70,75,67,67,67,69,70,70,59,59,59,38,40,66,58,53,80,91],"gold":8,"neow_bonus":"UPGRADE_CARD","is_prod":false,"is_daily":false,"chose_seed":false,"campfire_upgraded":8,"win_rate":0,"timestamp":1568468578,"path_taken":["M","M","?","M","M","R","E","R","T","R","$","E","?","M","R","BOSS","M","?","?","M","?","R","E","R","T","M","$","?","M","M","R","BOSS","M","?","?","M","M","R","E","R","T","E","M","R","?","M","R","BOSS"],"build_version":"2019-09-12","purchased_purges":1,"victory":true,"max_hp_per_floor":[65,65,65,65,65,65,65,65,65,65,65,65,65,65,65,65,65,65,70,70,70,70,70,70,70,70,70,77,77,77,77,77,77,77,77,77,77,79,81,81,83,83,83,85,87,87,89,91,91,91],"card_choices":[{"not_picked":["ForeignInfluence","PathToVictory"],"picked":"Consecrate","floor":1.0},{"not_picked":["Scrawl","CrushJoints"],"picked":"SandsOfTime","floor":2.0},{"not_picked":["Sanctity","Crescendo"],"picked":"EmptyMind","floor":4.0},{"not_picked":["ThirdEye","Swivel"],"picked":"Protect","floor":5.0},{"not_picked":["ClearTheMind","Weave"],"picked":"CutThroughFate","floor":7.0},{"not_picked":["ThirdEye","CutThroughFate"],"picked":"DeceiveReality","floor":12.0},{"not_picked":["EmptyFist","EmptyMind"],"picked":"BattleHymn","floor":13.0},{"not_picked":["StepAndStrike","Clarity"],"picked":"WindmillStrike","floor":14.0},{"not_picked":["BattleHymn","FlowState"],"picked":"Omniscience","floor":16.0},{"not_picked":["FlyingSleeves","Consecrate","Wireheading"],"picked":"SKIP","floor":18.0},{"not_picked":["Consecrate","Weave","FlyingSleeves"],"picked":"SKIP","floor":21.0},{"not_picked":["Consecrate+1","FlurryOfBlows"],"picked":"DevaForm","floor":24.0},{"not_picked":["FollowUp","CarveReality+1"],"picked":"CutThroughFate","floor":27.0},{"not_picked":["ForeignInfluence","EmptyMind","Protect+1"],"picked":"SKIP","floor":30.0},{"not_picked":["MentalFortress","Consecrate"],"picked":"Evaluate+1","floor":31.0},{"not_picked":["Wish","Unraveling"],"picked":"MasterReality","floor":33.0},{"not_picked":["FlyingSleeves+1","Swivel+1"],"picked":"InnerPeace+1","floor":35.0},{"not_picked":["Sanctity","EmptyMind+1","EmptyFist+1"],"picked":"Singing Bowl","floor":38.0},{"not_picked":["ThirdEye+1","InnerPeace","FlyingSleeves"],"picked":"Singing Bowl","floor":39.0},{"not_picked":["FollowUp+1","EmptyMind","Protect+1"],"picked":"Singing Bowl","floor":41.0},{"not_picked":["Evaluate","Brilliance","FollowUp+1"],"picked":"Singing Bowl","floor":44.0},{"not_picked":["Sanctity+1","EmptyFist+1","CleanseEvil+1"],"picked":"Singing Bowl","floor":45.0},{"not_picked":["Bandage Up","Transmutation"],"picked":"Blind","floor":47.0},{"not_picked":["Jack Of All Trades","Discovery","Sadistic Nature"],"picked":"Singing Bowl","floor":47.0},{"not_picked":["Metamorphosis","PanicButton"],"picked":"Enlightenment","floor":47.0},{"not_picked":["EmptyBody+1","EmptyFist","CarveReality"],"picked":"Singing Bowl","floor":48.0}],"player_experience":630708,"relics_obtained":[{"floor":7.0,"key":"Ornamental Fan"},{"floor":9.0,"key":"Mummified Hand"},{"floor":12.0,"key":"Old Coin"},{"floor":24.0,"key":"The Courier"},{"floor":26.0,"key":"Pantograph"},{"floor":37.0,"key":"Singing Bowl"},{"floor":41.0,"key":"Ice Cream"},{"floor":43.0,"key":"Oddly Smooth Stone"},{"floor":44.0,"key":"Potion Belt"}],"event_choices":[{"damage_healed":0.0,"max_hp_gain":0.0,"max_hp_loss":0.0,"gold_gain":0.0,"event_name":"The Woman in Blue","player_choice":"Bought 3 Potions","floor":3.0,"gold_loss":0.0,"damage_taken":0.0},{"damage_healed":0.0,"max_hp_gain":5.0,"max_hp_loss":0.0,"gold_gain":0.0,"event_name":"Forgotten Altar","player_choice":"Shed Blood","floor":19.0,"gold_loss":0.0,"damage_taken":16.0},{"damage_healed":0.0,"max_hp_gain":0.0,"max_hp_loss":0.0,"gold_gain":0.0,"event_name":"Back to Basics","player_choice":"Simplicity","floor":20.0,"gold_loss":0.0,"damage_taken":0.0,"cards_upgraded":["Strike_P","Strike_P","Strike_P","Defend_P","Defend_P","Defend_P","Defend_P"]},{"damage_healed":0.0,"max_hp_gain":0.0,"max_hp_loss":0.0,"gold_gain":0.0,"event_name":"Ghosts","player_choice":"Ignored","floor":22.0,"gold_loss":0.0,"damage_taken":0.0},{"damage_healed":0.0,"max_hp_gain":0.0,"max_hp_loss":0.0,"gold_gain":0.0,"event_name":"Cursed Tome","player_choice":"Obtained Book","floor":29.0,"gold_loss":0.0,"damage_taken":16.0},{"cards_removed":["CutThroughFate"],"damage_healed":0.0,"max_hp_gain":0.0,"max_hp_loss":0.0,"gold_gain":0.0,"event_name":"Falling","player_choice":"Removed Attack","floor":36.0,"gold_loss":0.0,"damage_taken":0.0},{"damage_healed":0.0,"max_hp_gain":0.0,"max_hp_loss":0.0,"gold_gain":0.0,"event_name":"SensoryStone","player_choice":"Memory 3","floor":47.0,"gold_loss":0.0,"damage_taken":10.0}],"is_beta":true,"boss_relics":[{"not_picked":["Astrolabe","Runic Pyramid"],"picked":"Ectoplasm"},{"not_picked":["Runic Dome","SacredBark"],"picked":"HolyWater"}],"items_purged_floors":[11],"is_endless":false,"potions_floor_spawned":[1,7,12,13,14,18,30,33,38,44,48],"ascension_level":7}