{"gold_per_floor":[110,128,303,322,4,36,36,64,64,80,90,90,90,122,122,218,218,228,248,148,148,148,148,178,53,106,125,125,144,179,197,197,197],"floor_reached":33,"playtime":1240,"items_purged":["Doubt","Strike_B","Strike_B"],"score":442,"play_id":"1fae857d-8b75-4128-b9d0-472544f2f26c","local_time":"20190907124404","is_ascension_mode":true,"campfire_choices":[{"data":"Sunder","floor":7,"key":"SMITH"},{"data":"Defragment","floor":12,"key":"SMITH"},{"floor":15,"key":"REST"},{"data":"Zap","floor":23,"key":"SMITH"},{"data":"Hologram","floor":32,"key":"SMITH"}],"neow_cost":"NONE","seed_source_timestamp":483118885781366,"circlet_count":0,"master_deck":["Strike_B","Strike_B","Defend_B","Defend_B","Defend_B","Defend_B","Zap+1","Dualcast","Undo","Lockon","Turbo","Ball Lightning","Sunder+1","Defragment+1","Reinforced Body","Streamline","FTL","Seek","Chill+1","RitualDagger","Sweeping Beam+1","Shame","Capacitor+1","Doom and Gloom","Hologram+1"],"relics":["Cracked Core","ClockworkSouvenir","Blood Vial","Ornamental Fan","Letter Opener","Anchor","Cursed Key","Frozen Egg 2","Ancient Tea Set","Prayer Wheel"],"potions_floor_usage":[6,8,16,24,27,30,30],"damage_taken":[{"damage":0,"enemies":"2 Louse","floor":1,"turns":4},{"damage":1,"enemies":"Small Slimes","floor":2,"turns":3},{"damage":0,"enemies":"Cultist","floor":4,"turns":3},{"damage":21,"enemies":"Gremlin Nob","floor":6,"turns":4},{"damage":15,"enemies":"3 Sentries","floor":8,"turns":5},{"damage":0,"enemies":"Large Slime","floor":10,"turns":3},{"damage":0,"enemies":"Exordium Wildlife","floor":11,"turns":3},{"damage":18,"enemies":"Gremlin Nob","floor":14,"turns":4},{"damage":10,"enemies":"The Guardian","floor":16,"turns":8},{"damage":5,"enemies":"Shell Parasite","floor":18,"turns":6},{"damage":0,"enemies":"3 Byrds","floor":19,"turns":5},{"damage":7,"enemies":"Slavers","floor":24,"turns":6},{"damage":17,"enemies":"Snake Plant","floor":27,"turns":4},{"damage":2,"enemies":"Chosen and Byrds","floor":29,"turns":4},{"damage":13,"enemies":"Gremlin Leader","floor":30,"turns":5},{"damage":7,"enemies":"Shelled Parasite and Fungi","floor":31,"turns":5},{"damage":59,"enemies":"Collector","floor":33,"turns":9}],"seed_played":"-6627976167474705034","potions_obtained":[{"floor":1,"key":"Swift Potion"},{"floor":8,"key":"SkillPotion"},{"floor":10,"key":"EssenceOfSteel"},{"floor":16,"key":"Regen Potion"},{"floor":18,"key":"FairyPotion"},{"floor":24,"key":"PowerPotion"},{"floor":27,"key":"Swift Potion"},{"floor":31,"key":"LiquidBronze"}],"is_trial":false,"path_per_floor":["M","M","?","M","$","E","R","E","T","M","M","R","?","E","R","B",null,"M","M","$","?","?","R","E","$","T","M","$","M","E","M","R","B"],"character_chosen":"DEFECT","items_purchased":["ClockworkSouvenir","PowerPotion"],"campfire_rested":1,"item_purchase_floors":[5,5],"current_hp_per_floor":[68,67,67,67,67,46,46,33,33,35,37,37,37,21,43,35,65,62,64,64,58,58,58,68,68,68,53,53,53,42,37,37,0],"gold":197,"neow_bonus":"THREE_CARDS","is_prod":false,"is_daily":false,"chose_seed":false,"campfire_upgraded":4,"win_rate":0,"timestamp":1567827844,"path_taken":["M","M","?","M","$","E","R","E","T","M","M","R","?","E","R","BOSS","M","M","$","?","?","R","E","?","T","?","$","M","E","M","R","BOSS"],"build_version":"2019-07-17","purchased_purges":3,"victory":false,"max_hp_per_floor":[75,75,75,75,75,75,75,75,75,75,75,75,75,75,75,75,75,75,75,75,75,75,75,75,75,75,75,75,75,75,75,75,75],"card_choices":[{"not_picked":["Recycle","Turbo"],"picked":"Undo","floor":0},{"not_picked":["Go for the Eyes","Leap"],"picked":"Lockon","floor":1},{"not_picked":["Gash","Leap"],"picked":"Turbo","floor":2},{"not_picked":["Streamline","Rainbow"],"picked":"Ball Lightning","floor":4},{"not_picked":["Storm","Hologram"],"picked":"Sunder","floor":6},{"not_picked":["Rebound","Compile Driver"],"picked":"Defragment","floor":8},{"not_picked":["Blizzard","Static Discharge"],"picked":"Reinforced Body","floor":10},{"not_picked":["Compile Driver","Hologram"],"picked":"Streamline","floor":11},{"not_picked":["Ball Lightning","Rainbow"],"picked":"FTL","floor":14},{"not_picked":["Machine Learning","All For One"],"picked":"Seek","floor":16},{"not_picked":["Sweeping Beam","Redo"],"picked":"Chill+1","floor":18},{"not_picked":["Streamline","Coolheaded","Barrage"],"picked":"SKIP","floor":19},{"not_picked":["Ball Lightning","Meteor Strike"],"picked":"Sweeping Beam+1","floor":24},{"not_picked":["Barrage+1","Reinforced Body"],"picked":"Capacitor+1","floor":27},{"not_picked":["Rebound","Beam Cell+1"],"picked":"Doom and Gloom","floor":29},{"not_picked":["Stack","Sweeping Beam","BootSequence"],"picked":"SKIP","floor":30},{"not_picked":["Rip and Tear","Leap"],"picked":"Hologram","floor":31},{"not_picked":["Chaos","Fusion+1","Rebound+1"],"picked":"SKIP","floor":31}],"player_experience":354964,"relics_obtained":[{"floor":6,"key":"Blood Vial"},{"floor":8,"key":"Ornamental Fan"},{"floor":9,"key":"Letter Opener"},{"floor":14,"key":"Anchor"},{"floor":24,"key":"Frozen Egg 2"},{"floor":26,"key":"Ancient Tea Set"},{"floor":30,"key":"Prayer Wheel"}],"event_choices":[{"damage_healed":0,"gold_gain":175,"player_choice":"AGREE","damage_taken":0,"max_hp_gain":0,"max_hp_loss":0,"event_name":"Liars Game","floor":3,"gold_loss":0,"cards_obtained":["Doubt"]},{"damage_healed":0,"gold_gain":0,"player_choice":"0 cards matched","damage_taken":0,"max_hp_gain":0,"max_hp_loss":0,"event_name":"Match and Keep!","floor":13,"gold_loss":0,"cards_obtained":[]},{"damage_healed":0,"gold_gain":0,"player_choice":"Joined the Cult","damage_taken":6,"max_hp_gain":0,"max_hp_loss":0,"event_name":"Nest","floor":21,"gold_loss":0,"cards_obtained":["RitualDagger"]},{"damage_healed":0,"gold_gain":0,"player_choice":"Ignored","damage_taken":0,"max_hp_gain":0,"max_hp_loss":0,"event_name":"Vampires","floor":22,"gold_loss":0}],"is_beta":false,"boss_relics":[{"not_picked":["Inserter","Velvet Choker"],"picked":"Cursed Key"}],"items_purged_floors":[5,20,25],"is_endless":false,"potions_floor_spawned":[1,8,10,16,18,24,27,29,31],"killed_by":"Collector","ascension_level":9}