{"gold_per_floor":[113,127,137,10,24,55,55,80,80,80,111,129,139,156,156,253,253,263,274,274,4,17,17,49,49,129,129,146,146,8,27,27,123,123,135,154,154],"floor_reached":37,"playtime":5128,"items_purged":["Strike_B","Strike_B"],"score":475,"play_id":"ee6fc57e-bd51-4331-bd78-6cbdc4bf4479","local_time":"20190813213402","is_ascension_mode":true,"campfire_choices":[{"floor":7,"key":"REST"},{"floor":10,"key":"REST"},{"floor":15,"key":"REST"},{"floor":23,"key":"REST"},{"floor":25,"key":"REST"},{"floor":27,"key":"REST"},{"data":"Coolheaded","floor":29,"key":"SMITH"},{"data":"Loop","floor":32,"key":"SMITH"}],"neow_cost":"NONE","seed_source_timestamp":5807634025100,"circlet_count":0,"master_deck":["Strike_B","Defend_B","Defend_B","Defend_B","Defend_B","Zap","Dualcast","Coolheaded+1","Capacitor","Ball Lightning","Cold Snap","Machine Learning","Capacitor","Go for the Eyes","Loop+1","Sweeping Beam","Seek","Reinforced Body+1","Chill","Redo+1","White Noise","Capacitor","Fission","Redo+1","Consume+1"],"relics":["Cracked Core","NeowsBlessing","Strawberry","The Courier","Thread and Needle","Ginger","Nuclear Battery","Membership Card","Anchor","Ornamental Fan","Question Card","Oddly Smooth Stone","Lee\u0027s Waffle","Eternal Feather"],"potions_floor_usage":[5,6,16,24,24,31,33],"damage_taken":[{"damage":0,"enemies":"Cultist","floor":1,"turns":1},{"damage":0,"enemies":"Small Slimes","floor":2,"turns":1},{"damage":0,"enemies":"Jaw Worm","floor":3,"turns":1},{"damage":0,"enemies":"Lots of Slimes","floor":5,"turns":1},{"damage":25,"enemies":"Lagavulin","floor":6,"turns":8},{"damage":28,"enemies":"3 Sentries","floor":8,"turns":8},{"damage":21,"enemies":"Gremlin Nob","floor":11,"turns":4},{"damage":3,"enemies":"2 Fungi Beasts","floor":12,"turns":4},{"damage":0,"enemies":"Exordium Wildlife","floor":13,"turns":4},{"damage":5,"enemies":"Blue Slaver","floor":14,"turns":2},{"damage":31,"enemies":"Slime Boss","floor":16,"turns":11},{"damage":1,"enemies":"Shell Parasite","floor":18,"turns":8},{"damage":24,"enemies":"3 Byrds","floor":19,"turns":7},{"damage":17,"enemies":"Sentry and Sphere","floor":22,"turns":10},{"damage":42,"enemies":"Book of Stabbing","floor":24,"turns":8},{"damage":0,"enemies":"Centurion and Healer","floor":28,"turns":11},{"damage":0,"enemies":"Snake Plant","floor":31,"turns":7},{"damage":23,"enemies":"Champ","floor":33,"turns":11},{"damage":26,"enemies":"3 Shapes","floor":35,"turns":8},{"damage":0,"enemies":"Orb Walker","floor":36,"turns":4},{"damage":39,"enemies":"4 Shapes","floor":37,"turns":3}],"seed_played":"7133888309054124821","potions_obtained":[{"floor":3,"key":"PowerPotion"},{"floor":5,"key":"GamblersBrew"},{"floor":11,"key":"Dexterity Potion"},{"floor":13,"key":"Strength Potion"},{"floor":28,"key":"Weak Potion"},{"floor":31,"key":"FearPotion"},{"floor":33,"key":"FocusPotion"}],"is_trial":false,"path_per_floor":["M","M","M","$","M","E","R","E","T","R","E","M","M","M","R","B",null,"M","M","?","$","M","R","E","R","T","R","M","R","$","M","R","B",null,"M","M","M"],"character_chosen":"DEFECT","items_purchased":["Explosive Potion","Membership Card","Anchor","Oddly Smooth Stone","Lee\u0027s Waffle"],"campfire_rested":6,"item_purchase_floors":[4,21,21,30,30],"current_hp_per_floor":[75,75,75,75,75,57,81,53,53,77,56,53,53,48,72,41,82,81,57,57,57,40,64,22,46,46,70,70,70,89,89,89,66,89,63,63,24],"gold":154,"neow_bonus":"THREE_ENEMY_KILL","is_prod":false,"is_daily":false,"chose_seed":false,"campfire_upgraded":2,"win_rate":0,"timestamp":1565728442,"path_taken":["M","M","?","$","M","E","R","E","T","R","E","M","M","M","R","BOSS","M","M","?","$","M","R","E","R","T","R","M","R","$","?","R","BOSS","M","M","M"],"build_version":"2019-07-17","purchased_purges":2,"victory":false,"max_hp_per_floor":[75,75,75,75,75,82,82,82,82,82,82,82,82,82,82,82,82,82,82,82,82,82,82,82,82,82,82,82,82,89,89,89,89,89,89,89,89],"card_choices":[{"not_picked":["Conserve Battery","Chaos"],"picked":"Coolheaded","floor":1},{"not_picked":["Conserve Battery","Go for the Eyes"],"picked":"Capacitor","floor":2},{"not_picked":["Sunder","Melter"],"picked":"Ball Lightning","floor":3},{"not_picked":["Sweeping Beam","Steam Power"],"picked":"Cold Snap","floor":5},{"not_picked":["Ball Lightning","Leap"],"picked":"Machine Learning","floor":6},{"not_picked":["Stack","Genetic Algorithm"],"picked":"Capacitor","floor":8},{"not_picked":["Conserve Battery","Ball Lightning"],"picked":"Go for the Eyes","floor":11},{"not_picked":["Turbo","Reboot"],"picked":"Loop","floor":12},{"not_picked":["Turbo","Go for the Eyes","Rebound"],"picked":"SKIP","floor":13},{"not_picked":["Scrape","Go for the Eyes"],"picked":"Sweeping Beam","floor":14},{"not_picked":["Hyperbeam","Meteor Strike"],"picked":"Seek","floor":16},{"not_picked":["Turbo","Capacitor"],"picked":"Reinforced Body+1","floor":18},{"not_picked":["Recycle","Leap+1"],"picked":"Chill","floor":19},{"not_picked":["Leap","Lockon","Steam"],"picked":"SKIP","floor":22},{"not_picked":["Conserve Battery","Melter"],"picked":"Redo+1","floor":24},{"not_picked":["FTL","Barrage","Stack"],"picked":"White Noise","floor":28},{"not_picked":["Auto Shields","Sweeping Beam","Rebound+1"],"picked":"Capacitor","floor":31},{"not_picked":["Thunder Strike","Reboot","Amplify"],"picked":"Fission","floor":33},{"not_picked":["Sweeping Beam+1","Rebound","Beam Cell"],"picked":"Redo+1","floor":35},{"not_picked":["Doom and Gloom+1","Auto Shields+1","Genetic Algorithm"],"picked":"Consume+1","floor":36}],"player_experience":134644,"relics_obtained":[{"floor":6,"key":"Strawberry"},{"floor":8,"key":"The Courier"},{"floor":9,"key":"Thread and Needle"},{"floor":11,"key":"Ginger"},{"floor":24,"key":"Ornamental Fan"},{"floor":26,"key":"Question Card"}],"event_choices":[{"cards_removed":["Strike_B"],"damage_healed":0,"gold_gain":0,"player_choice":"Purged","damage_taken":0,"max_hp_gain":0,"max_hp_loss":0,"event_name":"Purifier","floor":20,"gold_loss":0}],"is_beta":false,"boss_relics":[{"not_picked":["Orrery","Empty Cage"],"picked":"Nuclear Battery"},{"not_picked":["Black Star","Philosopher\u0027s Stone"],"picked":"Eternal Feather"}],"items_purged_floors":[4,21],"is_endless":false,"potions_floor_spawned":[3,5,11,13,14,28,31,33],"killed_by":"4 Shapes","ascension_level":3}