{"gold_per_floor":[359,374,449,44,44,44,77,77,77,110,10,27,43,61,61,140,140,160,85,85,85,85,85,105,117,170,85,85,112,112,128,128,207,207,217,229,240,24,42,42,77,97,97,97,97,114,26,41,41,41],"floor_reached":50,"playtime":2647,"items_purged":["Strike_G","Strike_G"],"score":979,"play_id":"673ba929-623d-4272-ba47-97eaac82ac5e","local_time":"20181120203708","is_ascension_mode":true,"campfire_choices":[{"floor":6.0,"key":"REST"},{"floor":8.0,"key":"REST"},{"data":"Neutralize","floor":15.0,"key":"SMITH"},{"floor":23.0,"key":"REST"},{"floor":28.0,"key":"REST"},{"floor":30.0,"key":"REST"},{"floor":32.0,"key":"REST"},{"floor":40.0,"key":"REST"},{"floor":49.0,"key":"REST"}],"neow_cost":"PERCENT_DAMAGE","seed_source_timestamp":90701991208366,"circlet_count":0,"master_deck":["AscendersBane","Defend_G","Defend_G","Defend_G","Defend_G","Defend_G","Strike_G","Survivor","Neutralize+1","Dagger Throw","Infinite Blades","Dagger Spray","Terror","Flying Knee","Backflip","Deflect","Tools of the Trade+1","Dagger Spray+1","Footwork+1","Dagger Spray","Riddle With Holes","Adrenaline","Envenom+1","Dagger Throw+1","Leg Sweep","Malaise","Footwork+1","Slice+1","Infinite Blades+1","Footwork+1"],"special_seed":0,"relics":["Ring of the Snake","Shuriken","Anchor","Frozen Egg 2","Art of War","Fusion Hammer","Tiny Chest","Juzu Bracelet","Oddly Smooth Stone","WristBlade","Sling","PreservedInsect","Mummified Hand"],"potions_floor_usage":[50],"damage_taken":[{"damage":3.0,"enemies":"2 Louse","floor":1.0,"turns":4.0},{"damage":4.0,"enemies":"Jaw Worm","floor":2.0,"turns":5.0},{"damage":29.0,"enemies":"Gremlin Nob","floor":7.0,"turns":4.0},{"damage":17.0,"enemies":"Lagavulin","floor":10.0,"turns":7.0},{"damage":0.0,"enemies":"Small Slimes","floor":12.0,"turns":3.0},{"damage":4.0,"enemies":"Exordium Wildlife","floor":13.0,"turns":6.0},{"damage":1.0,"enemies":"Looter","floor":14.0,"turns":3.0},{"damage":10.0,"enemies":"Hexaghost","floor":16.0,"turns":8.0},{"damage":0.0,"enemies":"Chosen","floor":18.0,"turns":5.0},{"damage":8.0,"enemies":"Colosseum Slavers","floor":22.0,"turns":4.0},{"damage":4.0,"enemies":"2 Thieves","floor":24.0,"turns":4.0},{"damage":14.0,"enemies":"3 Cultists","floor":25.0,"turns":5.0},{"damage":12.0,"enemies":"Gremlin Leader","floor":29.0,"turns":5.0},{"damage":13.0,"enemies":"Centurion and Healer","floor":31.0,"turns":7.0},{"damage":13.0,"enemies":"Champ","floor":33.0,"turns":11.0},{"damage":3.0,"enemies":"Orb Walker","floor":35.0,"turns":4.0},{"damage":3.0,"enemies":"3 Shapes","floor":36.0,"turns":11.0},{"damage":6.0,"enemies":"Transient","floor":37.0,"turns":6.0},{"damage":14.0,"enemies":"Writhing Mass","floor":39.0,"turns":11.0},{"damage":30.0,"enemies":"Reptomancer","floor":41.0,"turns":6.0},{"damage":0.0,"enemies":"3 Darklings","floor":42.0,"turns":4.0},{"damage":3.0,"enemies":"4 Shapes","floor":46.0,"turns":7.0},{"damage":22.0,"enemies":"Sphere and 2 Shapes","floor":48.0,"turns":5.0},{"damage":40,"enemies":"Time Eater","floor":50,"turns":8}],"seed_played":"3425345161977943885","potions_obtained":[{"floor":2.0,"key":"SkillPotion"},{"floor":7.0,"key":"Swift Potion"},{"floor":12.0,"key":"Regen Potion"},{"floor":13.0,"key":"LiquidBronze"},{"floor":24.0,"key":"Poison Potion"},{"floor":31.0,"key":"GhostInAJar"},{"floor":33.0,"key":"SpeedPotion"},{"floor":41.0,"key":"Poison Potion"},{"floor":46.0,"key":"EssenceOfSteel"}],"is_trial":false,"path_per_floor":["M","M","?","$","?","R","E","R","T","E","$","M","M","M","R","B",null,"M","?","?","?","?","R","M","M","T","?","R","E","R","M","R","B",null,"M","M","M","$","M","R","E","M","T","?","?","M","$","M","R","B"],"character_chosen":"THE_SILENT","items_purchased":["Shuriken","Dagger Spray","Sling","Infinite Blades+1"],"campfire_rested":8,"item_purchase_floors":[4,4,38,47],"current_hp_per_floor":[41,37,26,26,26,45,16,35,35,18,18,18,29,28,28,18,54,54,54,54,54,46,65,61,47,47,47,66,54,66,53,66,53,63,60,57,51,51,37,56,26,26,26,26,26,23,23,1,20,0],"gold":41,"neow_bonus":"TWO_FIFTY_GOLD","is_prod":false,"is_daily":false,"chose_seed":false,"campfire_upgraded":1,"win_rate":0,"timestamp":1542775028,"path_taken":["M","M","?","$","?","R","E","R","T","E","?","M","?","M","R","BOSS","M","?","?","?","?","R","?","M","T","?","R","E","R","M","R","BOSS","M","M","M","$","M","R","E","M","T","?","?","M","?","M","R","BOSS"],"build_version":"2018-11-15","purchased_purges":2,"victory":false,"max_hp_per_floor":[66,66,66,66,66,66,66,66,66,66,66,66,66,66,66,66,66,66,66,66,66,66,66,66,66,66,66,66,66,66,66,66,66,66,66,66,66,66,66,66,66,66,66,66,66,66,66,66,66,66],"card_choices":[{"not_picked":["Blade Dance","Outmaneuver"],"picked":"Dagger Throw","floor":1.0},{"not_picked":["Eviscerate","Prepared"],"picked":"Infinite Blades","floor":2.0},{"not_picked":["Tools of the Trade","Slice"],"picked":"Terror","floor":7.0},{"not_picked":["Poisoned Stab","Bouncing Flask"],"picked":"Flying Knee","floor":10.0},{"not_picked":["Acrobatics","Deadly Poison"],"picked":"Backflip","floor":12.0},{"not_picked":["Acrobatics","Bane"],"picked":"Deflect","floor":13.0},{"not_picked":["Underhanded Strike","Concentrate","Dodge and Roll"],"picked":"SKIP","floor":14.0},{"not_picked":["Corpse Explosion","Night Terror"],"picked":"Tools of the Trade+1","floor":16.0},{"not_picked":["Bouncing Flask","Bane"],"picked":"Dagger Spray+1","floor":18.0},{"not_picked":["Reflex","Deflect"],"picked":"Dagger Spray","floor":24.0},{"not_picked":["Deflect","Slice"],"picked":"Riddle With Holes","floor":25.0},{"not_picked":["Dagger Throw","Bane","Blade Dance"],"picked":"SKIP","floor":29.0},{"not_picked":["Quick Slash+1","Underhanded Strike"],"picked":"Adrenaline","floor":31.0},{"not_picked":["Unload","Glass Knife"],"picked":"Envenom+1","floor":33.0},{"not_picked":["PiercingWail","Deflect"],"picked":"Dagger Throw+1","floor":35.0},{"not_picked":["Sucker Punch","PiercingWail","Slice"],"picked":"SKIP","floor":36.0},{"not_picked":["Flying Knee","Slice"],"picked":"Leg Sweep","floor":37.0},{"not_picked":["Glass Knife","Poisoned Stab","Flying Knee"],"picked":"SKIP","floor":39.0},{"not_picked":["All Out Attack+1","Blur"],"picked":"Malaise","floor":41.0},{"not_picked":["Underhanded Strike+1","Sucker Punch"],"picked":"Footwork+1","floor":42.0},{"not_picked":["Blade Dance","Flying Knee"],"picked":"Slice+1","floor":46.0},{"not_picked":["Concentrate+1","Slice"],"picked":"Footwork+1","floor":48.0}],"player_experience":571964,"relics_obtained":[{"floor":7.0,"key":"Anchor"},{"floor":9.0,"key":"Frozen Egg 2"},{"floor":10.0,"key":"Art of War"},{"floor":26.0,"key":"Tiny Chest"},{"floor":29.0,"key":"Oddly Smooth Stone"},{"floor":41.0,"key":"PreservedInsect"},{"floor":43.0,"key":"Mummified Hand"}],"event_choices":[{"damage_healed":0.0,"max_hp_gain":0.0,"max_hp_loss":0.0,"gold_gain":75.0,"event_name":"World of Goop","player_choice":"Gather Gold","floor":3.0,"gold_loss":0.0,"damage_taken":11.0},{"damage_healed":0.0,"max_hp_gain":0.0,"max_hp_loss":0.0,"gold_gain":0.0,"event_name":"Golden Idol","player_choice":"Ignored","floor":5.0,"gold_loss":0.0,"damage_taken":0.0},{"cards_removed":["Strike_G"],"damage_healed":0.0,"max_hp_gain":0.0,"max_hp_loss":0.0,"gold_gain":0.0,"event_name":"Beggar","player_choice":"Gave Gold","floor":19.0,"gold_loss":75.0,"damage_taken":0.0},{"damage_healed":0.0,"max_hp_gain":0.0,"max_hp_loss":0.0,"gold_gain":0.0,"event_name":"Cursed Tome","player_choice":"Ignored","floor":20.0,"gold_loss":0.0,"damage_taken":0.0},{"damage_healed":0.0,"max_hp_gain":0.0,"max_hp_loss":0.0,"gold_gain":0.0,"event_name":"The Library","player_choice":"Read","floor":21.0,"gold_loss":0.0,"damage_taken":0.0,"cards_obtained":["Footwork"]},{"damage_healed":0.0,"max_hp_gain":0.0,"max_hp_loss":0.0,"gold_gain":0.0,"event_name":"Colosseum","player_choice":"Fight","floor":22.0,"gold_loss":0.0,"damage_taken":0.0},{"damage_healed":0.0,"max_hp_gain":0.0,"max_hp_loss":0.0,"gold_gain":0.0,"event_name":"Colosseum","player_choice":"Fled From Nobs","floor":22.0,"gold_loss":0.0,"damage_taken":0.0},{"damage_healed":0.0,"max_hp_gain":0.0,"max_hp_loss":0.0,"gold_gain":0.0,"event_name":"Addict","player_choice":"Obtained Relic","floor":27.0,"gold_loss":85.0,"damage_taken":0.0,"relics_obtained":["Juzu Bracelet"]},{"cards_removed":["Strike_G"],"damage_healed":0.0,"max_hp_gain":0.0,"max_hp_loss":0.0,"gold_gain":0.0,"event_name":"Falling","player_choice":"Removed Attack","floor":44.0,"gold_loss":0.0,"damage_taken":0.0},{"damage_healed":0.0,"max_hp_gain":0.0,"max_hp_loss":0.0,"gold_gain":0.0,"event_name":"Mysterious Sphere","player_choice":"Ignored","floor":45.0,"gold_loss":0.0,"damage_taken":0.0}],"is_beta":true,"boss_relics":[{"not_picked":["Runic Dome","Runic Pyramid"],"picked":"Fusion Hammer"},{"not_picked":["Tiny House","Empty Cage"],"picked":"WristBlade"}],"items_purged_floors":[4,11],"is_endless":false,"potions_floor_spawned":[2,7,12,13,22,24,31,33,41,46],"killed_by":"Time Eater","ascension_level":18}