{"gold_per_floor":[115,135,146,71,88,108,108,9,9,9,9,9,109,127,127,256,256,274,274,35,75,89,89,12,12,12,12,12,26,40,58,58,58],"floor_reached":33,"playtime":2778,"items_purged":["Strike_P"],"score":237,"play_id":"ad32aeec-3610-406c-bda6-56d07200c483","local_time":"20190914115723","is_ascension_mode":false,"campfire_choices":[{"data":"Eruption","floor":7,"key":"SMITH"},{"data":"Prostrate","floor":10,"key":"SMITH"},{"floor":15,"key":"REST"},{"floor":23,"key":"REST"},{"floor":25,"key":"REST"},{"data":"DeceiveReality","floor":28,"key":"SMITH"},{"floor":32,"key":"REST"}],"neow_cost":"NONE","seed_source_timestamp":580358462000,"circlet_count":0,"master_deck":["Strike_P","Strike_P","Strike_P","Defend_P","Defend_P+1","Defend_P","Defend_P","Eruption+1","Vigilance","FlurryOfBlows","Prostrate+1","Protect","Sanctity+1","Consecrate","FearNoEvil","JustLucky","DeceiveReality+1","BattleHymn","InnerPeace","Sanctity+1","Consecrate+1","Evaluate+1","Crescendo+1","Adaptation+1"],"relics":["HolyWater","Juzu Bracelet","War Paint","Golden Idol","Enchiridion","Toxic Egg 2","Red Mask","Bottled Flame"],"potions_floor_usage":[6,16,21,21,31,33],"damage_taken":[{"damage":0,"enemies":"Cultist","floor":1,"turns":2},{"damage":6,"enemies":"Jaw Worm","floor":2,"turns":3},{"damage":0,"enemies":"Small Slimes","floor":3,"turns":2},{"damage":2,"enemies":"2 Fungi Beasts","floor":5,"turns":4},{"damage":11,"enemies":"Gremlin Gang","floor":6,"turns":5},{"damage":0,"enemies":"Blue Slaver","floor":14,"turns":3},{"damage":33,"enemies":"Slime Boss","floor":16,"turns":15},{"damage":1,"enemies":"3 Byrds","floor":18,"turns":6},{"damage":33,"enemies":"Masked Bandits","floor":21,"turns":5},{"damage":0,"enemies":"Chosen","floor":22,"turns":6},{"damage":0,"enemies":"Sentry and Sphere","floor":29,"turns":5},{"damage":28,"enemies":"Snake Plant","floor":30,"turns":6},{"damage":2,"enemies":"Snecko","floor":31,"turns":6},{"damage":53,"enemies":"Champ","floor":33,"turns":17}],"seed_played":"5025813829346067403","potions_obtained":[{"floor":3,"key":"PowerPotion"},{"floor":14,"key":"SpeedPotion"},{"floor":16,"key":"Block Potion"},{"floor":18,"key":"Energy Potion"},{"floor":30,"key":"Explosive Potion"},{"floor":31,"key":"SteroidPotion"}],"is_trial":false,"path_per_floor":["M","M","M","$","M","M","R","$","T","R","?","?","?","M","R","B",null,"M","?","$","?","M","R","$","R","T","?","R","M","M","M","R","B"],"character_chosen":"WATCHER","items_purchased":["FearNoEvil","JustLucky","Toxic Egg 2","Evaluate+1"],"campfire_rested":4,"item_purchase_floors":[8,8,20,24],"current_hp_per_floor":[71,65,65,65,63,52,52,52,52,52,45,45,45,45,64,31,66,65,49,49,16,16,35,35,54,54,54,54,54,26,24,43,0],"gold":58,"neow_bonus":"TEN_PERCENT_HP_BONUS","is_prod":false,"is_daily":false,"chose_seed":false,"campfire_upgraded":3,"win_rate":0.0,"timestamp":1568458643,"path_taken":["M","M","M","?","M","M","R","$","T","R","?","?","?","M","R","BOSS","M","?","$","?","M","R","$","R","T","?","R","M","M","M","R","BOSS"],"build_version":"2019-09-12","purchased_purges":1,"victory":false,"max_hp_per_floor":[71,71,71,71,71,71,71,71,71,71,71,66,66,66,66,66,66,66,66,66,66,66,66,66,66,66,66,66,66,66,66,66,66],"card_choices":[{"not_picked":["Halt","WaveOfTheHand"],"picked":"FlurryOfBlows","floor":1},{"not_picked":["Collect","Weave"],"picked":"Prostrate","floor":2},{"not_picked":["Fasting","EmptyFist"],"picked":"Protect","floor":3},{"not_picked":["Halt","Vengeance"],"picked":"Sanctity","floor":5},{"not_picked":["EmptyMind","Establishment"],"picked":"Consecrate","floor":6},{"not_picked":["WindmillStrike","Protect"],"picked":"DeceiveReality","floor":14},{"not_picked":["Vault","Nirvana"],"picked":"BattleHymn","floor":16},{"not_picked":["JustLucky","Protect"],"picked":"InnerPeace","floor":18},{"not_picked":["FollowUp","Vengeance+1"],"picked":"Sanctity+1","floor":21},{"not_picked":["Tantrum+1","FearNoEvil+1"],"picked":"Consecrate+1","floor":22},{"not_picked":["EmptyMind+1","Halt+1"],"picked":"Crescendo+1","floor":29},{"not_picked":["Consecrate","EmptyMind+1"],"picked":"Adaptation+1","floor":30},{"not_picked":["Prostrate+1","Crescendo+1","Consecrate+1"],"picked":"SKIP","floor":31}],"player_experience":209558,"relics_obtained":[{"floor":9,"key":"Juzu Bracelet"},{"floor":19,"key":"Enchiridion"},{"floor":21,"key":"Red Mask"},{"floor":26,"key":"Bottled Flame"}],"event_choices":[{"damage_healed":0,"gold_gain":0,"player_choice":"Success","damage_taken":7,"relics_obtained":["War Paint"],"max_hp_gain":0,"max_hp_loss":0,"event_name":"Scrap Ooze","floor":11,"gold_loss":0},{"damage_healed":0,"gold_gain":0,"player_choice":"Lose Max HP","damage_taken":0,"relics_obtained":["Golden Idol"],"max_hp_gain":0,"max_hp_loss":5,"event_name":"Golden Idol","floor":12,"gold_loss":0},{"damage_healed":0,"gold_gain":100,"player_choice":"Pray","damage_taken":0,"max_hp_gain":0,"max_hp_loss":0,"event_name":"Golden Shrine","floor":13,"gold_loss":0},{"damage_healed":0,"gold_gain":0,"player_choice":"Obtained Book","damage_taken":16,"max_hp_gain":0,"max_hp_loss":0,"event_name":"Cursed Tome","floor":19,"gold_loss":0},{"damage_healed":0,"gold_gain":0,"player_choice":"Fought Bandits","damage_taken":0,"max_hp_gain":0,"max_hp_loss":0,"event_name":"Masked Bandits","floor":21,"gold_loss":0}],"is_beta":true,"boss_relics":[{"not_picked":["Fusion Hammer","Coffee Dripper"],"picked":"HolyWater"}],"items_purged_floors":[4],"is_endless":false,"potions_floor_spawned":[3,14,16,18,30,31],"killed_by":"Champ","ascension_level":0}