{"gold_per_floor":[118,128,128,143,156,156,214,289,315,327,359,371,69,80,80,185,185,196,196,210,110,110,140,15,15,15,29,29,42,42,53,53,153,153,163,13,26,26,37,37,51,51,128,178,198,198,212,226,226,226],"floor_reached":50,"playtime":2689,"items_purged":["Strike_P","Writhe","Defend_P","Defend_P"],"score":565,"play_id":"412659a2-38fe-40dc-9073-bfae1810879e","local_time":"20190911224009","is_ascension_mode":true,"campfire_choices":[{"data":"ReachHeaven","floor":6,"key":"SMITH"},{"data":"Eruption","floor":10,"key":"SMITH"},{"floor":12,"key":"REST"},{"data":"DeceiveReality","floor":15,"key":"SMITH"},{"floor":25,"key":"REST"},{"floor":28,"key":"REST"},{"floor":32,"key":"REST"},{"floor":40,"key":"REST"},{"floor":42,"key":"REST"},{"floor":49,"key":"REST"}],"neow_cost":"PERCENT_DAMAGE","seed_source_timestamp":135758320088639,"circlet_count":0,"master_deck":["Strike_P","Strike_P+1","Strike_P","Defend_P+1","Defend_P","Eruption+1","Vigilance","ReachHeaven+1","Sanctity+1","ClearTheMind","FlyingSleeves","Devotion","TalkToTheHand+1","DeceiveReality+1","ClearTheMind+1","Ragnarok+1","WindmillStrike+1","ThirdEye+1","BowlingBash","Evaluate+1","LessonLearned","Wireheading+1","SandsOfTime"],"special_seed":0,"relics":["PureWater","Tiny Chest","MawBank","Whetstone","Sozu","Potion Belt","Bag of Preparation","Kunai","StrikeDummy","Fusion Hammer","Singing Bowl","Orichalcum"],"potions_floor_usage":[5,16,16],"damage_taken":[{"damage":0.0,"enemies":"Cultist","floor":1.0,"turns":2.0},{"damage":7.0,"enemies":"Jaw Worm","floor":2.0,"turns":4.0},{"damage":1.0,"enemies":"2 Louse","floor":4.0,"turns":3.0},{"damage":0,"enemies":"2 Fungi Beasts","floor":5,"turns":2},{"damage":25,"enemies":"3 Sentries","floor":7,"turns":7},{"damage":10,"enemies":"Looter","floor":11,"turns":5},{"damage":0,"enemies":"Blue Slaver","floor":14,"turns":2},{"damage":14,"enemies":"Hexaghost","floor":16,"turns":9},{"damage":5,"enemies":"Shell Parasite","floor":18,"turns":6},{"damage":0,"enemies":"Spheric Guardian","floor":20,"turns":2},{"damage":30,"enemies":"Gremlin Leader","floor":23,"turns":7},{"damage":14,"enemies":"Snake Plant","floor":27,"turns":5},{"damage":22,"enemies":"Shelled Parasite and Fungi","floor":29,"turns":7},{"damage":1,"enemies":"Centurion and Healer","floor":31,"turns":3},{"damage":12,"enemies":"Champ","floor":33,"turns":12},{"damage":19,"enemies":"3 Shapes","floor":35,"turns":8},{"damage":7,"enemies":"3 Darklings","floor":37,"turns":3},{"damage":25,"enemies":"Writhing Mass","floor":39,"turns":7},{"damage":3,"enemies":"Maw","floor":41,"turns":6},{"damage":0,"enemies":"Spire Growth","floor":45,"turns":4},{"damage":19,"enemies":"4 Shapes","floor":47,"turns":7},{"damage":31,"enemies":"Writhing Mass","floor":48,"turns":7},{"damage":35,"enemies":"Donu and Deca","floor":50,"turns":7}],"seed_played":"-5578532337391210152","potions_obtained":[{"floor":1.0,"key":"Swift Potion"},{"floor":4.0,"key":"Explosive Potion"},{"floor":7,"key":"Regen Potion"}],"is_trial":false,"path_per_floor":["M","M","?","M","M","R","E","?","T","R","M","R","$","M","R","B",null,"M","?","M","$","?","E","$","R","T","M","R","M","T","M","R","B",null,"M","$","M","?","M","R","M","R","T","T","M","?","M","M","R","B"],"character_chosen":"WATCHER","items_purchased":["Whetstone","DeceiveReality"],"campfire_rested":7,"item_purchase_floors":[13,13],"current_hp_per_floor":[47,40,61,60,60,60,35,24,24,24,14,33,33,33,33,34,65,60,60,60,60,60,30,30,49,49,35,54,32,32,31,50,38,65,46,46,39,39,14,33,30,49,49,49,49,51,34,5,26,0],"gold":226,"neow_bonus":"THREE_RARE_CARDS","is_prod":false,"is_daily":false,"chose_seed":false,"campfire_upgraded":3,"win_rate":0,"timestamp":1568209209,"path_taken":["M","M","?","M","M","R","E","?","T","R","M","R","$","M","R","BOSS","M","?","M","$","?","E","$","R","T","M","R","M","?","M","R","BOSS","M","$","M","?","M","R","M","R","T","?","M","?","M","M","R","BOSS"],"build_version":"2019-09-10","purchased_purges":4,"victory":false,"max_hp_per_floor":[65,65,65,65,65,65,65,65,65,65,65,65,65,65,65,65,65,65,65,65,65,65,65,65,65,65,65,65,65,65,65,65,65,65,65,65,65,65,65,65,65,65,65,65,65,67,69,71,71,71],"card_choices":[{"not_picked":["FlowState","Alpha"],"picked":"ReachHeaven","floor":0.0},{"not_picked":["JustLucky","Weave"],"picked":"Sanctity","floor":1.0},{"not_picked":["EmptyFist","ForeignInfluence"],"picked":"ClearTheMind","floor":2.0},{"not_picked":["EmptyFist","Sanctity","EmptyMind"],"picked":"SKIP","floor":4.0},{"not_picked":["Weave","DeusExMachina"],"picked":"FlyingSleeves","floor":5},{"not_picked":["FlyingSleeves","Protect"],"picked":"Devotion","floor":7},{"not_picked":["ForeignInfluence","JustLucky"],"picked":"TalkToTheHand","floor":11},{"not_picked":["Weave","Establishment"],"picked":"ClearTheMind","floor":14},{"not_picked":["DeusExMachina","Brilliance"],"picked":"Ragnarok","floor":16},{"not_picked":["Sanctity","Crescendo"],"picked":"WindmillStrike+1","floor":18},{"not_picked":["Evaluate","EmptyMind"],"picked":"ThirdEye+1","floor":20},{"not_picked":["ThirdEye","FollowUp","FlurryOfBlows"],"picked":"SKIP","floor":23},{"not_picked":["ThirdEye","WaveOfTheHand","Vengeance"],"picked":"SKIP","floor":27},{"not_picked":["Swivel","StepAndStrike+1"],"picked":"Evaluate+1","floor":29},{"not_picked":["Sanctity","WaveOfTheHand","ClearTheMind+1"],"picked":"SKIP","floor":31},{"not_picked":["Ragnarok","Blasphemy"],"picked":"LessonLearned","floor":33},{"not_picked":["Protect+1","Prostrate+1","Crescendo"],"picked":"SKIP","floor":35},{"not_picked":["CrushJoints","Prostrate+1"],"picked":"Wireheading+1","floor":37},{"not_picked":["TalkToTheHand+1","ThirdEye","SpiritShield+1"],"picked":"SKIP","floor":39},{"not_picked":["Conclude+1","PathToVictory+1","Consecrate"],"picked":"SKIP","floor":41},{"not_picked":["CutThroughFate+1","EmptyFist"],"picked":"SandsOfTime","floor":45},{"not_picked":["The Bomb","Blind","Panache"],"picked":"Singing Bowl","floor":46},{"not_picked":["Halt","EmptyBody","InnerPeace"],"picked":"Singing Bowl","floor":47},{"not_picked":["CrushJoints","StepAndStrike+1","PathToVictory"],"picked":"Singing Bowl","floor":48}],"player_experience":601299,"relics_obtained":[{"floor":7,"key":"Tiny Chest"},{"floor":9,"key":"MawBank"},{"floor":23,"key":"Bag of Preparation"},{"floor":26,"key":"Kunai"},{"floor":30,"key":"StrikeDummy"},{"floor":43,"key":"Singing Bowl"},{"floor":44,"key":"Orichalcum"}],"event_choices":[{"damage_healed":21.0,"max_hp_gain":0.0,"max_hp_loss":0.0,"gold_gain":0.0,"event_name":"Big Fish","player_choice":"Banana","floor":3.0,"gold_loss":0.0,"damage_taken":0.0},{"damage_healed":0,"gold_gain":75,"player_choice":"Gather Gold","damage_taken":11,"max_hp_gain":0,"max_hp_loss":0,"event_name":"World of Goop","floor":8,"gold_loss":0},{"damage_healed":0,"gold_gain":0,"player_choice":"Opened","damage_taken":0,"relics_obtained":["Potion Belt"],"max_hp_gain":0,"max_hp_loss":0,"event_name":"The Mausoleum","floor":19,"gold_loss":0,"cards_obtained":["Writhe"]},{"damage_healed":0,"gold_gain":0,"player_choice":"Read","damage_taken":0,"max_hp_gain":0,"max_hp_loss":0,"event_name":"The Library","floor":22,"gold_loss":0,"cards_obtained":["BowlingBash"]},{"damage_healed":0,"gold_gain":0,"player_choice":"Ignored","damage_taken":0,"max_hp_gain":0,"max_hp_loss":0,"event_name":"Mysterious Sphere","floor":38,"gold_loss":0},{"damage_healed":0,"gold_gain":0,"player_choice":"Memory 1","damage_taken":0,"max_hp_gain":0,"max_hp_loss":0,"event_name":"SensoryStone","floor":46,"gold_loss":0}],"is_beta":true,"boss_relics":[{"not_picked":["SacredBark","Velvet Choker"],"picked":"Sozu"},{"not_picked":["Astrolabe","Snecko Eye"],"picked":"Fusion Hammer"}],"items_purged_floors":[13,21,24,36],"is_endless":false,"potions_floor_spawned":[1,4,7,29,33,35,39,41,47,48],"killed_by":"Donu and Deca","ascension_level":3}