{"gold_per_floor":[111,111,111,111,123,123,157,157,157,192,192,220,220,233,233,311,311,322,22,22,22,39,39,66,66,92,104,104,132,148,174,174,174],"floor_reached":33,"playtime":1353,"items_purged":["Strike_R"],"score":551,"play_id":"c969a5e1-27ce-4b9e-a609-5ca915160fea","local_time":"20190831140207","is_ascension_mode":true,"campfire_choices":[{"data":"Bash","floor":6,"key":"SMITH"},{"data":"Fiend Fire","floor":11,"key":"SMITH"},{"data":"Shrug It Off","floor":15,"key":"SMITH"},{"data":"Dark Embrace","floor":23,"key":"SMITH"},{"data":"Anger","floor":25,"key":"SMITH"},{"data":"Shrug It Off","floor":28,"key":"SMITH"},{"data":"Whirlwind","floor":32,"key":"SMITH"}],"neow_cost":"NONE","seed_source_timestamp":1447667772874600,"circlet_count":0,"master_deck":["AscendersBane","Strike_R+1","Strike_R+1","Strike_R+1","Defend_R+1","Defend_R+1","Defend_R+1","Defend_R+1","Bash+1","Headbutt","Shrug It Off+1","Pummel","Fiend Fire+1","Anger+1","Disarm+1","Dark Embrace+1","Decay","Disarm+1","Feel No Pain+1","Shrug It Off+1","Whirlwind+1"],"relics":["Burning Blood","NeowsBlessing","The Courier","Dodecahedron","Darkstone Periapt","Sundial","Red Skull","Velvet Choker","Orichalcum","Juzu Bracelet","Oddly Smooth Stone","War Paint","Art of War","Bag of Marbles"],"potions_floor_usage":[24,29],"damage_taken":[{"damage":0,"enemies":"2 Louse","floor":1,"turns":1},{"damage":0,"enemies":"Small Slimes","floor":5,"turns":1},{"damage":0,"enemies":"Gremlin Nob","floor":7,"turns":1},{"damage":24,"enemies":"3 Sentries","floor":10,"turns":11},{"damage":8,"enemies":"Gremlin Nob","floor":12,"turns":3},{"damage":0,"enemies":"Cultist","floor":14,"turns":2},{"damage":30,"enemies":"Slime Boss","floor":16,"turns":8},{"damage":9,"enemies":"Chosen","floor":18,"turns":5},{"damage":3,"enemies":"Spheric Guardian","floor":22,"turns":3},{"damage":18,"enemies":"Gremlin Leader","floor":24,"turns":6},{"damage":0,"enemies":"Chosen and Byrds","floor":27,"turns":5},{"damage":25,"enemies":"Slavers","floor":29,"turns":4},{"damage":18,"enemies":"Sentry and Sphere","floor":30,"turns":4},{"damage":57,"enemies":"Champ","floor":33,"turns":13}],"seed_played":"-6731860457577425264","potions_obtained":[{"floor":5,"key":"SteroidPotion"},{"floor":12,"key":"BloodPotion"},{"floor":27,"key":"Ancient Potion"}],"is_trial":false,"path_per_floor":["M","?","?","?","M","R","E","?","T","E","R","E","?","M","R","B",null,"M","$","?","?","M","R","E","R","T","M","R","E","M","T","R","B"],"character_chosen":"IRONCLAD","items_purchased":["Orichalcum","Juzu Bracelet"],"campfire_rested":0,"item_purchase_floors":[19,19],"current_hp_per_floor":[74,79,72,72,78,78,80,80,80,62,62,60,44,50,50,26,67,64,64,64,70,73,73,61,61,61,67,67,69,57,57,57,0],"gold":174,"neow_bonus":"THREE_ENEMY_KILL","is_prod":false,"is_daily":false,"chose_seed":false,"campfire_upgraded":7,"win_rate":0,"timestamp":1567285327,"path_taken":["M","?","?","?","?","R","E","?","T","E","R","E","?","M","R","BOSS","M","$","?","?","M","R","E","R","T","M","R","E","M","?","R","BOSS"],"build_version":"2019-07-17","purchased_purges":1,"victory":false,"max_hp_per_floor":[75,80,80,80,80,80,80,80,80,80,80,80,80,80,80,80,80,80,80,80,86,86,86,86,86,86,86,86,86,86,86,86,86],"card_choices":[{"not_picked":["Flex","Rage"],"picked":"Headbutt","floor":1},{"not_picked":["Infernal Blade","Body Slam"],"picked":"Shrug It Off","floor":5},{"not_picked":["Heavy Blade","Sword Boomerang"],"picked":"Pummel","floor":7},{"not_picked":["Second Wind","Perfected Strike"],"picked":"Fiend Fire","floor":10},{"not_picked":["Warcry","Headbutt"],"picked":"Anger","floor":12},{"not_picked":["Twin Strike","Body Slam"],"picked":"Disarm","floor":14},{"not_picked":["Brutality","Double Tap"],"picked":"Dark Embrace","floor":16},{"not_picked":["Dual Wield","Clothesline","Carnage"],"picked":"SKIP","floor":18},{"not_picked":["Dropkick+1","Blood for Blood"],"picked":"Disarm","floor":22},{"not_picked":["Clash","True Grit"],"picked":"Feel No Pain+1","floor":24},{"not_picked":["Warcry","Headbutt"],"picked":"Shrug It Off","floor":27},{"not_picked":["Flex","Twin Strike"],"picked":"Whirlwind","floor":29},{"not_picked":["Sever Soul","Sword Boomerang","Anger"],"picked":"SKIP","floor":30}],"player_experience":1352700,"relics_obtained":[{"floor":4,"key":"The Courier"},{"floor":7,"key":"Dodecahedron"},{"floor":9,"key":"Darkstone Periapt"},{"floor":10,"key":"Sundial"},{"floor":12,"key":"Red Skull"},{"floor":24,"key":"Oddly Smooth Stone"},{"floor":26,"key":"War Paint"},{"floor":29,"key":"Art of War"},{"floor":31,"key":"Bag of Marbles"}],"event_choices":[{"damage_healed":0,"gold_gain":0,"player_choice":"Donut","damage_taken":0,"max_hp_gain":5,"max_hp_loss":0,"event_name":"Big Fish","floor":2,"gold_loss":0},{"cards_removed":["Strike_R"],"damage_healed":0,"gold_gain":0,"player_choice":"Card Removal","damage_taken":7,"max_hp_gain":0,"max_hp_loss":0,"event_name":"Golden Wing","floor":3,"gold_loss":0},{"damage_healed":0,"gold_gain":0,"player_choice":"Relic","damage_taken":0,"max_hp_gain":0,"max_hp_loss":0,"event_name":"Wheel of Change","floor":4,"gold_loss":0},{"damage_healed":0,"gold_gain":0,"player_choice":"Ignored","damage_taken":0,"max_hp_gain":0,"max_hp_loss":0,"event_name":"Liars Game","floor":8,"gold_loss":0},{"damage_healed":0,"gold_gain":0,"player_choice":"Entered Light","damage_taken":16,"max_hp_gain":0,"max_hp_loss":0,"event_name":"Shining Light","floor":13,"gold_loss":0,"cards_upgraded":["Defend_R","Defend_R"]},{"damage_healed":0,"gold_gain":0,"player_choice":"Simplicity","damage_taken":0,"max_hp_gain":0,"max_hp_loss":0,"event_name":"Back to Basics","floor":20,"gold_loss":0,"cards_upgraded":["Strike_R","Strike_R","Strike_R","Defend_R","Defend_R"]},{"damage_healed":0,"gold_gain":0,"player_choice":"Smashed Altar","damage_taken":0,"max_hp_gain":0,"max_hp_loss":0,"event_name":"Forgotten Altar","floor":21,"gold_loss":0,"cards_obtained":["Decay"]}],"is_beta":false,"boss_relics":[{"not_picked":["Lizard Tail","Runic Cube"],"picked":"Velvet Choker"}],"items_purged_floors":[19],"is_endless":false,"potions_floor_spawned":[5,12,14,16,18,22,27],"killed_by":"Champ","ascension_level":14}