{"gold_per_floor":[116,131,141,154,168,200,210,210,262,291,307,307,341,375,375,375],"floor_reached":16,"playtime":700,"items_purged":[],"score":205,"play_id":"79dea5f5-2790-485a-b4fd-68d86f1fff44","local_time":"20190826084411","is_ascension_mode":true,"campfire_choices":[{"data":"True Grit","floor":8,"key":"SMITH"},{"floor":15,"key":"REST"}],"neow_cost":"NONE","seed_source_timestamp":997238282927200,"circlet_count":0,"master_deck":["AscendersBane","Strike_R","Strike_R","Strike_R","Strike_R","Strike_R","Defend_R","Defend_R","Defend_R","Defend_R","Bash","Twin Strike","Cleave","Iron Wave","Anger","Disarm","True Grit+1","Pommel Strike","Shrug It Off","Armaments","Battle Trance"],"special_seed":0,"relics":["Burning Blood","Unceasing Top","Omamori","Bronze Scales","Golden Idol","Mummified Hand","Odd Mushroom"],"potions_floor_usage":[10],"damage_taken":[{"damage":6,"enemies":"Cultist","floor":1,"turns":3},{"damage":1,"enemies":"2 Louse","floor":2,"turns":3},{"damage":5,"enemies":"Small Slimes","floor":3,"turns":3},{"damage":1,"enemies":"2 Fungi Beasts","floor":4,"turns":3},{"damage":0,"enemies":"Large Slime","floor":5,"turns":4},{"damage":30,"enemies":"3 Sentries","floor":6,"turns":7},{"damage":5,"enemies":"Gremlin Gang","floor":7,"turns":3},{"damage":29,"enemies":"Lagavulin","floor":10,"turns":7},{"damage":9,"enemies":"Red Slaver","floor":11,"turns":3},{"damage":27,"enemies":"Gremlin Nob","floor":13,"turns":4},{"damage":10,"enemies":"The Mushroom Lair","floor":14,"turns":4},{"damage":40,"enemies":"Slime Boss","floor":16,"turns":8}],"seed_played":"230284944772753318","potions_obtained":[{"floor":1,"key":"Block Potion"},{"floor":3,"key":"FearPotion"},{"floor":10,"key":"FearPotion"}],"is_trial":false,"path_per_floor":["M","M","M","M","M","E","M","R","T","E","M","?","E","?","R","B"],"character_chosen":"IRONCLAD","items_purchased":[],"campfire_rested":1,"item_purchase_floors":[],"current_hp_per_floor":[80,85,86,88,88,64,65,65,65,42,39,39,18,14,38,0],"gold":375,"neow_bonus":"TEN_PERCENT_HP_BONUS","is_prod":false,"is_daily":false,"chose_seed":false,"campfire_upgraded":1,"win_rate":0,"timestamp":1566834251,"path_taken":["M","?","M","M","M","E","M","R","T","E","M","?","E","?","R","BOSS"],"build_version":"2019-07-17","purchased_purges":0,"victory":false,"max_hp_per_floor":[88,88,88,88,88,88,88,88,88,88,88,81,81,81,81,81],"card_choices":[{"not_picked":["Thunderclap","Sword Boomerang"],"picked":"Twin Strike","floor":1},{"not_picked":["Rupture","Twin Strike"],"picked":"Cleave","floor":2},{"not_picked":["Headbutt","Blood for Blood"],"picked":"Iron Wave","floor":3},{"not_picked":["Perfected Strike","Flex"],"picked":"Anger","floor":4},{"not_picked":["Fiend Fire","Body Slam"],"picked":"Disarm","floor":5},{"not_picked":["Infernal Blade","Perfected Strike"],"picked":"True Grit","floor":6},{"not_picked":["Headbutt","Fire Breathing"],"picked":"Pommel Strike","floor":7},{"not_picked":["Heavy Blade","Dark Embrace"],"picked":"Shrug It Off","floor":10},{"not_picked":["Twin Strike","Reckless Charge"],"picked":"Armaments","floor":11},{"not_picked":["Cleave","Twin Strike"],"picked":"Battle Trance","floor":13}],"player_experience":1337840,"relics_obtained":[{"floor":6,"key":"Unceasing Top"},{"floor":9,"key":"Omamori"},{"floor":10,"key":"Bronze Scales"},{"floor":13,"key":"Mummified Hand"},{"floor":14,"key":"Odd Mushroom"}],"event_choices":[{"damage_healed":0,"gold_gain":0,"player_choice":"Lose Max HP","damage_taken":0,"relics_obtained":["Golden Idol"],"max_hp_gain":0,"max_hp_loss":7,"event_name":"Golden Idol","floor":12,"gold_loss":0},{"damage_healed":0,"gold_gain":0,"player_choice":"Fought Mushrooms","damage_taken":0,"max_hp_gain":0,"max_hp_loss":0,"event_name":"Mushrooms","floor":14,"gold_loss":0}],"is_beta":false,"boss_relics":[],"items_purged_floors":[],"is_endless":false,"potions_floor_spawned":[1,3,5,10,11],"killed_by":"Slime Boss","ascension_level":13}