{"gold_per_floor":[119,136,9,22,39,39,74,86,86,86,161,161,186,196,196,300,300,318,8,8,20,20,46,46,61,61,90,40,40,14,31,31,130,130,144,144,19,38,93,93,93],"floor_reached":41,"playtime":1579,"items_purged":["Regret","Strike_G","Defend_G"],"score":727,"play_id":"4f6bae65-07de-45f9-96c0-313942cc7226","local_time":"20190917093547","is_ascension_mode":true,"campfire_choices":[{"data":"Neutralize","floor":6.0,"key":"SMITH"},{"data":"1","floor":12.0,"key":"LIFT"},{"floor":15.0,"key":"REST"},{"data":"2","floor":24,"key":"LIFT"},{"data":"3","floor":29,"key":"LIFT"},{"data":"Outmaneuver","floor":32,"key":"SMITH"},{"data":"Footwork","floor":40,"key":"SMITH"}],"neow_cost":"CURSE","seed_source_timestamp":273980824974877,"circlet_count":0,"master_deck":["AscendersBane","Defend_G","Defend_G","Defend_G","Defend_G","Survivor","Neutralize+1","Dagger Throw","Dodge and Roll","Flying Knee","Sucker Punch","Envenom","Cloak And Dagger","Well Laid Plans","Infinite Blades","Die Die Die","Footwork+1","Dodge and Roll","Slice","Escape Plan","Bite","Bite","Bite","Bite","Bite","Endless Agony","J.A.X.","Footwork","Outmaneuver+1","Deflect","Footwork","Blade Dance"],"special_seed":0,"relics":["Ring of the Snake","Unceasing Top","Girya","Gremlin Horn","Pear","WristBlade","StrikeDummy","Bottled Flame","Matryoshka","Cursed Key","The Specimen"],"potions_floor_usage":[18,27,33,39,39],"damage_taken":[{"damage":2.0,"enemies":"2 Louse","floor":1.0,"turns":4.0},{"damage":3.0,"enemies":"Jaw Worm","floor":2.0,"turns":3.0},{"damage":0.0,"enemies":"Cultist","floor":4.0,"turns":5.0},{"damage":2.0,"enemies":"Blue Slaver","floor":5.0,"turns":4.0},{"damage":4.0,"enemies":"Lagavulin","floor":7.0,"turns":9.0},{"damage":13.0,"enemies":"3 Louse","floor":8.0,"turns":4.0},{"damage":19.0,"enemies":"Gremlin Nob","floor":13.0,"turns":4.0},{"damage":0.0,"enemies":"2 Fungi Beasts","floor":14.0,"turns":3.0},{"damage":21.0,"enemies":"Hexaghost","floor":16.0,"turns":10.0},{"damage":18,"enemies":"Shell Parasite","floor":18,"turns":5},{"damage":8,"enemies":"Chosen","floor":21,"turns":5},{"damage":6,"enemies":"Gremlin Leader","floor":23,"turns":6},{"damage":11,"enemies":"Sentry and Sphere","floor":25,"turns":4},{"damage":15,"enemies":"Slavers","floor":27,"turns":6},{"damage":18,"enemies":"Centurion and Healer","floor":31,"turns":5},{"damage":37,"enemies":"Collector","floor":33,"turns":12},{"damage":13,"enemies":"3 Shapes","floor":35,"turns":4},{"damage":0,"enemies":"Orb Walker","floor":38,"turns":5},{"damage":28,"enemies":"2 Orb Walkers","floor":39,"turns":5},{"damage":35,"enemies":"Nemesis","floor":41,"turns":2}],"seed_played":"3845408857642605591","potions_obtained":[{"floor":1.0,"key":"SpeedPotion"},{"floor":4.0,"key":"Dexterity Potion"},{"floor":7.0,"key":"Strength Potion"},{"floor":16.0,"key":"Poison Potion"},{"floor":21,"key":"Weak Potion"},{"floor":23,"key":"Fire Potion"},{"floor":33,"key":"Explosive Potion"},{"floor":39,"key":"SteroidPotion"}],"is_trial":false,"path_per_floor":["M","M","$","M","M","R","E","M","T","?","?","R","E","M","R","B",null,"M","$","?","M","?","E","R","M","T","E","$","R","$","M","R","B",null,"M","?","$","M","?","R","E"],"character_chosen":"THE_SILENT","items_purchased":["Flying Knee","Footwork","Dodge and Roll","Slice","Escape Plan","FearPotion","Deflect"],"campfire_rested":1,"item_purchase_floors":[3,19,19,19,19,28,30],"current_hp_per_floor":[61,58,58,58,56,56,52,39,39,39,28,28,19,19,43,22,66,48,48,48,44,44,52,52,47,47,44,44,44,44,38,38,31,50,43,43,43,51,31,31,0],"gold":93,"neow_bonus":"ONE_RARE_RELIC","is_prod":false,"is_daily":false,"chose_seed":false,"campfire_upgraded":3,"win_rate":0,"timestamp":1568738147,"path_taken":["M","M","$","M","M","R","E","M","T","?","?","R","E","M","R","BOSS","M","$","?","M","?","E","R","M","T","E","$","R","?","M","R","BOSS","M","?","$","M","?","R","E"],"build_version":"2019-09-16v2","purchased_purges":3,"victory":false,"max_hp_per_floor":[70,70,70,70,70,70,70,70,70,70,70,70,80,80,80,80,80,80,80,56,56,56,56,56,56,56,56,56,56,56,56,56,56,56,56,53,53,53,53,53,53],"card_choices":[{"not_picked":["Tactician","Cloak And Dagger"],"picked":"Dagger Throw","floor":1.0},{"not_picked":["Catalyst","Terror"],"picked":"Dodge and Roll","floor":2.0},{"not_picked":["Backflip","Catalyst"],"picked":"Sucker Punch","floor":4.0},{"not_picked":["Catalyst","PiercingWail"],"picked":"Envenom","floor":5.0},{"not_picked":["Dagger Spray","Dodge and Roll"],"picked":"Cloak And Dagger","floor":7.0},{"not_picked":["Acrobatics","Deadly Poison"],"picked":"Well Laid Plans","floor":8.0},{"not_picked":["Night Terror","Skewer"],"picked":"Infinite Blades","floor":13.0},{"not_picked":["Bouncing Flask","Quick Slash","Deadly Poison"],"picked":"SKIP","floor":14.0},{"not_picked":["Burst","Corpse Explosion"],"picked":"Die Die Die","floor":16.0},{"not_picked":["Flying Knee","Dash","Quick Slash"],"picked":"SKIP","floor":18},{"not_picked":["Terror","Reflex"],"picked":"Endless Agony","floor":21},{"not_picked":["Quick Slash","All Out Attack"],"picked":"Footwork","floor":23},{"not_picked":["Bane","Prepared"],"picked":"Outmaneuver","floor":25},{"not_picked":["Flechettes","Sucker Punch","Poisoned Stab"],"picked":"SKIP","floor":27},{"not_picked":["Expertise","Backflip","Heel Hook"],"picked":"SKIP","floor":31},{"not_picked":["Cloak And Dagger","Setup+1"],"picked":"Footwork","floor":35},{"not_picked":["Deadly Poison","Sucker Punch","Skewer"],"picked":"SKIP","floor":38},{"not_picked":["Outmaneuver","Slice"],"picked":"Blade Dance","floor":39}],"player_experience":651388,"relics_obtained":[{"floor":7.0,"key":"Girya"},{"floor":9.0,"key":"Gremlin Horn"},{"floor":13.0,"key":"Pear"},{"floor":23,"key":"StrikeDummy"},{"floor":26,"key":"Bottled Flame"},{"floor":27,"key":"Matryoshka"},{"floor":39,"key":"The Specimen"}],"event_choices":[{"damage_healed":0.0,"max_hp_gain":0.0,"max_hp_loss":0.0,"gold_gain":0.0,"event_name":"Golden Idol","player_choice":"Ignored","floor":10.0,"gold_loss":0.0,"damage_taken":0.0},{"damage_healed":0.0,"max_hp_gain":0.0,"max_hp_loss":0.0,"gold_gain":75.0,"event_name":"World of Goop","player_choice":"Gather Gold","floor":11.0,"gold_loss":0.0,"damage_taken":11.0},{"damage_healed":0,"gold_gain":0,"player_choice":"Became a vampire","damage_taken":0,"max_hp_gain":0,"max_hp_loss":24,"event_name":"Vampires","floor":20,"gold_loss":0,"cards_obtained":["Bite","Bite","Bite","Bite","Bite"]},{"damage_healed":0,"gold_gain":0,"player_choice":"Obtain J.A.X.","damage_taken":0,"max_hp_gain":0,"max_hp_loss":0,"event_name":"Drug Dealer","floor":22,"gold_loss":0,"cards_obtained":["J.A.X."]},{"damage_healed":0,"gold_gain":0,"player_choice":"Max HP","damage_taken":0,"max_hp_gain":0,"max_hp_loss":3,"event_name":"Winding Halls","floor":36,"gold_loss":0},{"damage_healed":0,"gold_gain":0,"player_choice":"Fight","damage_taken":0,"max_hp_gain":0,"max_hp_loss":0,"event_name":"Mysterious Sphere","floor":39,"gold_loss":0}],"is_beta":true,"boss_relics":[{"not_picked":["Coffee Dripper","Black Star"],"picked":"WristBlade"},{"not_picked":["Calling Bell","HoveringKite"],"picked":"Cursed Key"}],"items_purged_floors":[3,19,37],"is_endless":false,"potions_floor_spawned":[1,4,7,16,21,23,33,39],"killed_by":"Nemesis","ascension_level":12}