{"gold_per_floor":[119,133,150,150,164,177,21,21,21,21,21,37,37,52,52,176,176,200,220,239,264,264,264,264,120,145,169,16,116,130,153,153,153],"floor_reached":33,"playtime":3026,"items_purged":["Strike_P"],"score":293,"play_id":"b012b09a-1cb4-4f56-a59c-b8711c1c01f1","local_time":"20190909215830","is_ascension_mode":false,"campfire_choices":[{"floor":8,"key":"REST"},{"data":"Eruption","floor":11,"key":"SMITH"},{"data":"Collect","floor":15,"key":"SMITH"},{"data":"Halt","floor":23,"key":"SMITH"},{"data":"Protect","floor":24,"key":"SMITH"},{"floor":32,"key":"REST"}],"neow_cost":"NONE","seed_source_timestamp":27011056964100,"circlet_count":0,"master_deck":["Defend_P","Defend_P","Defend_P","Defend_P","Eruption+1","Vigilance","Protect+1","Collect+1","EmptyFist","FearNoEvil","ForeignInfluence","Crescendo+1","ReachHeaven","FlurryOfBlows+1","WaveOfTheHand+1","Evaluate+1","CarveReality+1","Halt+1","ThirdEye+1","Sanctity","Devotion","Consecrate+1","FollowUp"],"relics":["PureWater","Blood Vial","WingedGreaves","Golden Idol","Astrolabe","Centennial Puzzle","Oddly Smooth Stone"],"potions_floor_usage":[14,16,16,21,21,30,33],"damage_taken":[{"damage":0,"enemies":"Small Slimes","floor":1,"turns":2},{"damage":0,"enemies":"Cultist","floor":2,"turns":2},{"damage":0,"enemies":"2 Louse","floor":3,"turns":3},{"damage":16,"enemies":"Lots of Slimes","floor":5,"turns":5},{"damage":17,"enemies":"Exordium Thugs","floor":6,"turns":7},{"damage":0,"enemies":"3 Louse","floor":12,"turns":3},{"damage":0,"enemies":"Looter","floor":14,"turns":2},{"damage":0,"enemies":"Slime Boss","floor":16,"turns":3},{"damage":2,"enemies":"Spheric Guardian","floor":18,"turns":3},{"damage":0,"enemies":"Shell Parasite","floor":19,"turns":4},{"damage":0,"enemies":"Centurion and Healer","floor":20,"turns":4},{"damage":18,"enemies":"3 Cultists","floor":21,"turns":4},{"damage":20,"enemies":"Cultist and Chosen","floor":27,"turns":8},{"damage":4,"enemies":"Centurion and Healer","floor":30,"turns":6},{"damage":1,"enemies":"Shelled Parasite and Fungi","floor":31,"turns":6},{"damage":52,"enemies":"Collector","floor":33,"turns":12}],"seed_played":"-4029184157673658190","potions_obtained":[{"floor":1,"key":"FearPotion"},{"floor":6,"key":"PowerPotion"},{"floor":12,"key":"Strength Potion"},{"floor":14,"key":"Explosive Potion"},{"floor":20,"key":"AttackPotion"},{"floor":27,"key":"DuplicationPotion"},{"floor":31,"key":"SkillPotion"}],"is_trial":false,"path_per_floor":["M","M","M","?","M","M","$","R","T","$","R","M","?","M","R","B",null,"M","M","M","M","?","R","R","$","T","M","$","?","M","M","R","B"],"character_chosen":"WATCHER","items_purchased":["Blood Vial","Devotion","Oddly Smooth Stone"],"campfire_rested":2,"item_purchase_floors":[7,25,28],"current_hp_per_floor":[71,71,71,71,55,38,38,59,59,59,59,61,61,63,63,65,66,64,66,66,48,48,48,48,48,48,30,30,30,28,29,48,0],"gold":153,"neow_bonus":"TEN_PERCENT_HP_BONUS","is_prod":false,"is_daily":false,"chose_seed":false,"campfire_upgraded":4,"win_rate":0.0,"timestamp":1568062710,"path_taken":["M","M","M","?","M","M","$","R","T","?","R","M","?","M","R","BOSS","M","M","M","M","?","R","R","$","T","?","$","?","M","?","R","BOSS"],"build_version":"2019-09-09","purchased_purges":1,"victory":false,"max_hp_per_floor":[71,71,71,71,71,71,71,71,71,71,71,71,66,66,66,66,66,66,66,66,66,66,66,66,66,66,66,66,66,66,66,66,66],"card_choices":[{"not_picked":["SandsOfTime","ClearTheMind"],"picked":"Protect","floor":1},{"not_picked":["WindmillStrike","Consecrate"],"picked":"Collect","floor":2},{"not_picked":["JustLucky","CleanseEvil"],"picked":"EmptyFist","floor":3},{"not_picked":["Halt","BowlingBash"],"picked":"FearNoEvil","floor":5},{"not_picked":["CarveReality","Weave","Collect"],"picked":"SKIP","floor":6},{"not_picked":["EmptyMind","CutThroughFate"],"picked":"ForeignInfluence","floor":12},{"not_picked":["EmptyMind","Prostrate"],"picked":"Crescendo","floor":14},{"not_picked":["Ragnarok","LessonLearned"],"picked":"ReachHeaven","floor":16},{"not_picked":["FlyingSleeves+1","JustLucky"],"picked":"CarveReality+1","floor":18},{"not_picked":["Consecrate","Tantrum"],"picked":"Halt","floor":19},{"not_picked":["CutThroughFate","Protect"],"picked":"ThirdEye+1","floor":20},{"not_picked":["Consecrate","FlyingSleeves"],"picked":"Sanctity","floor":21},{"not_picked":["EmptyFist","BowlingBash"],"picked":"Consecrate+1","floor":27},{"not_picked":["Scrawl","BowlingBash","Blasphemy"],"picked":"SKIP","floor":30},{"not_picked":["Scrawl","FlyingSleeves"],"picked":"FollowUp","floor":31}],"player_experience":195740,"relics_obtained":[{"floor":9,"key":"WingedGreaves"},{"floor":26,"key":"Centennial Puzzle"}],"event_choices":[{"damage_healed":0,"gold_gain":0,"player_choice":"Ignored","damage_taken":0,"max_hp_gain":0,"max_hp_loss":0,"event_name":"NoteForYourself","floor":4,"gold_loss":0},{"damage_healed":0,"gold_gain":0,"player_choice":"Lose Max HP","damage_taken":0,"relics_obtained":["Golden Idol"],"max_hp_gain":0,"max_hp_loss":5,"event_name":"Golden Idol","floor":13,"gold_loss":0},{"damage_healed":0,"gold_gain":0,"player_choice":"Forge","damage_taken":0,"max_hp_gain":0,"max_hp_loss":0,"event_name":"Accursed Blacksmith","floor":22,"gold_loss":0,"cards_upgraded":["Crescendo"]},{"damage_healed":0,"gold_gain":100,"player_choice":"Pray","damage_taken":0,"max_hp_gain":0,"max_hp_loss":0,"event_name":"Golden Shrine","floor":29,"gold_loss":0}],"is_beta":true,"boss_relics":[{"not_picked":["SlaversCollar","Runic Dome"],"picked":"Astrolabe"}],"items_purged_floors":[25],"is_endless":false,"potions_floor_spawned":[1,6,12,14,20,27,31],"killed_by":"Collector","ascension_level":0}