{"gold_per_floor":[116,116,135,151,151,151,179,179,251,263,289,289,319,335,335,406,406,426,442,69,84,84,84,112,112,112,112,112,131,131,56,56,127,127,138,149,165,185,196,196],"floor_reached":40,"playtime":2240,"items_purged":["Multi-Cast"],"score":813,"play_id":"4fbbb680-4afa-44de-896d-645faa2cba57","local_time":"20190217002200","is_ascension_mode":true,"campfire_choices":[{"floor":8.0,"key":"REST"},{"floor":12.0,"key":"REST"},{"data":"Go for the Eyes","floor":15.0,"key":"SMITH"},{"floor":23,"key":"REST"},{"data":"Zap","floor":25,"key":"SMITH"},{"floor":27,"key":"REST"},{"data":"Coolheaded","floor":30,"key":"SMITH"},{"data":"Hologram","floor":32,"key":"SMITH"}],"neow_cost":"NONE","seed_source_timestamp":429650099704800,"circlet_count":0,"master_deck":["AscendersBane","Strike_B+1","Strike_B+1","Defend_B+1","Defend_B+1","Defend_B+1","Defend_B+1","Zap+1","Dualcast","BootSequence","Conserve Battery","Glacier","Defragment","Defragment","Ball Lightning","Go for the Eyes+1","Electrodynamics","Ball Lightning","Hologram+1","Coolheaded+1","Multi-Cast","Consume+1","Echo Form","Reinforced Body+1","Reinforced Body"],"special_seed":0,"relics":["Cracked Core","NeowsBlessing","Ancient Tea Set","Pear","Bronze Scales","Bag of Preparation","Inserter","DataDisk","ClockworkSouvenir","Pantograph","Girya","Cursed Key"],"potions_floor_usage":[37,39],"damage_taken":[{"damage":0.0,"enemies":"2 Louse","floor":1.0,"turns":1.0},{"damage":0.0,"enemies":"Cultist","floor":3.0,"turns":1.0},{"damage":0.0,"enemies":"Small Slimes","floor":4.0,"turns":1.0},{"damage":34.0,"enemies":"3 Sentries","floor":7.0,"turns":12.0},{"damage":0.0,"enemies":"Looter","floor":10.0,"turns":5.0},{"damage":14.0,"enemies":"Lagavulin","floor":11.0,"turns":9.0},{"damage":10.0,"enemies":"3 Sentries","floor":13.0,"turns":8.0},{"damage":0.0,"enemies":"Exordium Wildlife","floor":14.0,"turns":4.0},{"damage":27.0,"enemies":"Hexaghost","floor":16.0,"turns":10.0},{"damage":29.0,"enemies":"3 Byrds","floor":18.0,"turns":3.0},{"damage":9.0,"enemies":"Chosen","floor":19.0,"turns":5.0},{"damage":6,"enemies":"3 Cultists","floor":21,"turns":3},{"damage":15,"enemies":"Slavers","floor":24,"turns":5},{"damage":0,"enemies":"Snake Plant","floor":29,"turns":3},{"damage":8,"enemies":"Automaton","floor":33,"turns":10},{"damage":40,"enemies":"3 Darklings","floor":35,"turns":4},{"damage":12,"enemies":"Orb Walker","floor":36,"turns":3},{"damage":6,"enemies":"Maw","floor":37,"turns":6},{"damage":0,"enemies":"4 Shapes","floor":38,"turns":2},{"damage":4,"enemies":"Transient","floor":39,"turns":6},{"damage":30,"enemies":"Nemesis","floor":40,"turns":2}],"seed_played":"-7766896032194270206","potions_obtained":[{"floor":2.0,"key":"Weak Potion"},{"floor":2.0,"key":"Energy Potion"},{"floor":7.0,"key":"Dexterity Potion"},{"floor":21,"key":"PowerPotion"},{"floor":37,"key":"Explosive Potion"},{"floor":39,"key":"Ancient Potion"}],"is_trial":false,"path_per_floor":["M","?","M","M","?","?","E","R","T","M","E","R","E","M","R","B",null,"M","M","$","M","?","R","E","R","T","R","?","M","R","$","R","B",null,"M","M","M","M","M","E"],"character_chosen":"DEFECT","items_purchased":["DataDisk","ClockworkSouvenir"],"campfire_rested":4,"item_purchase_floors":[20,20],"current_hp_per_floor":[64,64,64,64,69,46,12,34,44,44,30,55,45,45,45,18,69,40,31,31,25,25,50,35,35,35,60,60,60,60,60,60,77,84,44,32,26,26,22,0],"gold":196,"neow_bonus":"THREE_ENEMY_KILL","is_prod":false,"is_daily":false,"chose_seed":false,"campfire_upgraded":4,"win_rate":0,"timestamp":1550391720,"path_taken":["M","?","?","M","?","?","E","R","T","M","E","R","E","M","R","BOSS","M","M","$","M","?","R","E","R","T","R","?","M","R","$","R","BOSS","M","M","M","M","M","E"],"build_version":"2019-01-23","purchased_purges":1,"victory":false,"max_hp_per_floor":[71,71,71,71,76,76,76,76,86,86,86,86,86,86,86,86,86,86,86,86,86,86,86,86,86,86,86,86,86,86,86,86,86,86,86,86,86,86,86,86],"card_choices":[{"not_picked":["Steam","Redo"],"picked":"BootSequence","floor":1.0},{"not_picked":["Compile Driver","Tempest"],"picked":"Conserve Battery","floor":3.0},{"not_picked":["Doom and Gloom","Rebound"],"picked":"Glacier","floor":4.0},{"not_picked":["Creative AI","Beam Cell","Steam"],"picked":"SKIP","floor":7.0},{"not_picked":["Steam","Capacitor"],"picked":"Defragment","floor":10.0},{"not_picked":["Beam Cell","Steam"],"picked":"Defragment","floor":11.0},{"not_picked":["Multi-Cast","Blizzard"],"picked":"Ball Lightning","floor":13.0},{"not_picked":["Chaos","Turbo"],"picked":"Go for the Eyes","floor":14.0},{"not_picked":["Reboot","Amplify"],"picked":"Electrodynamics","floor":16.0},{"not_picked":["Force Field","Rebound"],"picked":"Ball Lightning","floor":18.0},{"not_picked":["Genetic Algorithm","Capacitor+1"],"picked":"Hologram","floor":19.0},{"not_picked":["Cold Snap","Streamline"],"picked":"Coolheaded","floor":21},{"not_picked":["Steam","BootSequence"],"picked":"Consume+1","floor":24},{"not_picked":["Blizzard+1","Cold Snap","Steam"],"picked":"SKIP","floor":29},{"not_picked":["Thunder Strike","Multi-Cast"],"picked":"Echo Form","floor":33},{"not_picked":["Double Energy","Leap"],"picked":"Reinforced Body+1","floor":35},{"not_picked":["Gash+1","Ball Lightning","Coolheaded"],"picked":"SKIP","floor":36},{"not_picked":["Turbo","Rip and Tear"],"picked":"Reinforced Body","floor":37},{"not_picked":["Reprogram","Doom and Gloom","Steam"],"picked":"SKIP","floor":38},{"not_picked":["Reprogram+1","Ball Lightning","Leap"],"picked":"SKIP","floor":39}],"player_experience":987366,"relics_obtained":[{"floor":7.0,"key":"Ancient Tea Set"},{"floor":9.0,"key":"Pear"},{"floor":11.0,"key":"Bronze Scales"},{"floor":13.0,"key":"Bag of Preparation"},{"floor":24,"key":"Pantograph"},{"floor":26,"key":"Girya"}],"event_choices":[{"damage_healed":0.0,"max_hp_gain":0.0,"max_hp_loss":0.0,"gold_gain":0.0,"event_name":"Lab","player_choice":"Got Potions","floor":2.0,"gold_loss":0.0,"damage_taken":0.0},{"damage_healed":0.0,"max_hp_gain":5.0,"max_hp_loss":0.0,"gold_gain":0.0,"event_name":"Big Fish","player_choice":"Donut","floor":5.0,"gold_loss":0.0,"damage_taken":0.0},{"damage_healed":0.0,"max_hp_gain":0.0,"max_hp_loss":0.0,"gold_gain":0.0,"event_name":"Shining Light","player_choice":"Entered Light","floor":6.0,"gold_loss":0.0,"damage_taken":23.0,"cards_upgraded":["Defend_B","Strike_B"]},{"damage_healed":0,"gold_gain":0,"cards_transformed":["Strike_B","Strike_B"],"player_choice":"Became Test Subject","damage_taken":0,"max_hp_gain":0,"max_hp_loss":0,"event_name":"Drug Dealer","floor":22,"gold_loss":0,"cards_obtained":["Multi-Cast","Multi-Cast"]},{"damage_healed":0,"gold_gain":0,"player_choice":"Simplicity","damage_taken":0,"max_hp_gain":0,"max_hp_loss":0,"event_name":"Back to Basics","floor":28,"gold_loss":0,"cards_upgraded":["Strike_B","Defend_B","Defend_B","Defend_B"]}],"is_beta":false,"boss_relics":[{"not_picked":["Eternal Feather","Calling Bell"],"picked":"Inserter"},{"not_picked":["FrozenCore","Black Star"],"picked":"Cursed Key"}],"items_purged_floors":[31],"is_endless":false,"potions_floor_spawned":[7,11,13,14,21,29,37,38,39],"killed_by":"Nemesis","ascension_level":18}