{"gold_per_floor":[115,115,190,33,47,74,74,91,91,91,105,134,134,153,153,254,254,238,65,265,281,298,298,213,213,294,294,309,320,333,345,345,345],"floor_reached":33,"playtime":2105,"items_purged":["Strike_R","Bash"],"score":439,"play_id":"6d037f84-8514-48ed-aff9-bda45815b95b","local_time":"20181001182337","is_ascension_mode":true,"campfire_choices":[{"floor":7,"key":"REST"},{"data":"Armaments","floor":10,"key":"SMITH"},{"floor":13,"key":"REST"},{"floor":15,"key":"REST"},{"data":"Searing Blow","floor":23,"key":"SMITH"},{"data":"Searing Blow+1","floor":25,"key":"SMITH"},{"data":"Searing Blow+2","floor":27,"key":"SMITH"},{"floor":32,"key":"REST"}],"neow_cost":"PERCENT_DAMAGE","seed_source_timestamp":3724789503896,"circlet_count":0,"master_deck":["Strike_R","Strike_R","Strike_R","Defend_R+1","Defend_R","Defend_R+1","Defend_R","AscendersBane","Searing Blow+3","Armaments+1","Uppercut","Headbutt","Battle Trance","Brutality+1","Corruption+1","Sentinel","True Grit+1"],"relics":["Burning Blood","Frozen Egg 2","Question Card","War Paint","Runic Cube","Shuriken","Sundial"],"potions_floor_usage":[6,30,33,33],"damage_taken":[{"damage":12,"enemies":"Jaw Worm","floor":1,"turns":3},{"damage":1,"enemies":"Cultist","floor":5,"turns":3},{"damage":35,"enemies":"Lagavulin","floor":6,"turns":10},{"damage":2,"enemies":"2 Louse","floor":8,"turns":3},{"damage":9,"enemies":"Gremlin Gang","floor":11,"turns":6},{"damage":39,"enemies":"3 Sentries","floor":12,"turns":12},{"damage":12,"enemies":"Exordium Wildlife","floor":14,"turns":4},{"damage":48,"enemies":"The Guardian","floor":16,"turns":12},{"damage":31,"enemies":"2 Thieves","floor":18,"turns":4},{"damage":7,"enemies":"Chosen","floor":21,"turns":6},{"damage":14,"enemies":"Snecko","floor":22,"turns":5},{"damage":24,"enemies":"Snake Plant","floor":28,"turns":3},{"damage":15,"enemies":"Chosen and Byrds","floor":29,"turns":6},{"damage":16,"enemies":"Sentry and Sphere","floor":30,"turns":5},{"damage":4,"enemies":"3 Cultists","floor":31,"turns":5},{"damage":68,"enemies":"Champ","floor":33,"turns":11}],"seed_played":"-906285921583638264","potions_obtained":[{"floor":1,"key":"PowerPotion"},{"floor":6,"key":"BloodPotion"},{"floor":12,"key":"Ancient Potion"},{"floor":14,"key":"Block Potion"},{"floor":30,"key":"SteroidPotion"},{"floor":31,"key":"Swift Potion"}],"is_trial":false,"path_per_floor":["M","?","?","$","M","E","R","M","T","R","M","E","R","M","R","B",null,"M","$","?","M","M","R","?","R","T","R","M","M","M","M","R"],"character_chosen":"IRONCLAD","items_purchased":["Armaments","Uppercut","Corruption+1"],"campfire_rested":4,"item_purchase_floors":[4,4,19],"current_hp_per_floor":[58,58,47,47,52,23,51,55,55,55,52,19,47,41,69,27,79,54,54,54,53,45,45,45,45,45,45,27,18,17,19,47,0],"gold":345,"neow_bonus":"TWENTY_PERCENT_HP_BONUS","is_prod":false,"is_daily":false,"chose_seed":false,"campfire_upgraded":4,"win_rate":0,"timestamp":1538432617,"path_taken":["M","?","?","?","?","E","R","M","T","R","M","E","R","M","R","BOSS","M","$","?","M","M","R","?","R","T","R","M","?","M","M","R","BOSS"],"build_version":"2018-09-27","purchased_purges":2,"victory":false,"max_hp_per_floor":[96,96,96,96,96,96,96,96,96,96,96,96,96,96,96,96,96,96,96,96,96,96,96,96,96,96,96,96,96,96,96,96,96],"card_choices":[{"not_picked":["Sword Boomerang","Heavy Blade"],"picked":"Searing Blow","floor":1},{"not_picked":["Dual Wield","Clothesline","Warcry"],"picked":"SKIP","floor":5},{"not_picked":["Twin Strike","Clothesline"],"picked":"Headbutt","floor":6},{"not_picked":["Combust+1","Rupture+1","Carnage"],"picked":"SKIP","floor":8},{"not_picked":["Carnage","Burning Pact","Headbutt","Juggernaut+1"],"picked":"SKIP","floor":11},{"not_picked":["Havoc","Flex","Thunderclap"],"picked":"Battle Trance","floor":12},{"not_picked":["Thunderclap","Clash","Iron Wave","Bloodletting"],"picked":"SKIP","floor":14},{"not_picked":["Barricade+1","Juggernaut+1","Reaper"],"picked":"Brutality+1","floor":16},{"not_picked":["Rampage","Thunderclap","Headbutt","Inflame+1"],"picked":"SKIP","floor":18},{"not_picked":["Wild Strike","Seeing Red","Clash+1","Inflame+1"],"picked":"SKIP","floor":21},{"not_picked":["Carnage","Pommel Strike","Power Through+1","Heavy Blade+1"],"picked":"SKIP","floor":22},{"not_picked":["Cleave","Iron Wave","Shockwave+1"],"picked":"Sentinel","floor":28},{"not_picked":["Rupture+1","Burning Pact","True Grit","Twin Strike"],"picked":"SKIP","floor":29},{"not_picked":["Inflame+1","Sword Boomerang","Flex"],"picked":"True Grit+1","floor":30},{"not_picked":["Dropkick","Perfected Strike","Body Slam","Heavy Blade"],"picked":"SKIP","floor":31}],"player_experience":841802,"relics_obtained":[{"floor":6,"key":"Frozen Egg 2"},{"floor":9,"key":"Question Card"},{"floor":12,"key":"War Paint"},{"floor":26,"key":"Sundial"}],"event_choices":[{"event_name":"Purifier","player_choice":"One Purge","floor":2,"damage_taken":0},{"event_name":"World of Goop","player_choice":"Gather Gold","floor":3,"damage_taken":0},{"event_name":"The Joust","player_choice":"Bet on Owner","floor":20,"damage_taken":0},{"event_name":"Addict","player_choice":"Obtained Relic","floor":24,"damage_taken":0}],"is_beta":true,"boss_relics":[{"not_picked":["Coffee Dripper","Snecko Eye"],"picked":"Runic Cube"}],"items_purged_floors":[4,19],"is_endless":false,"potions_floor_spawned":[1,6,12,14,18,22,30,31],"killed_by":"Champ","ascension_level":12}