{"gold_per_floor":[115,127,152,152,171,171,209,225,225,225,268,3,3,36,36,166,166,184,21,39,62,78,78,91,91,137,137,237,237,237,262,262,388,388,408,368,386,386,386,386,447,447,472,484,496,521,574,82,82,82],"floor_reached":51,"playtime":2013,"items_purged":["Defend_B","Writhe"],"score":905,"play_id":"3a6db8d6-b8a2-4ebb-806c-43dc39c94a3c","local_time":"20190829213957","is_ascension_mode":true,"campfire_choices":[{"data":"Zap","floor":6.0,"key":"SMITH"},{"data":"Static Discharge","floor":13.0,"key":"SMITH"},{"data":"Dualcast","floor":15.0,"key":"SMITH"},{"data":"Fusion","floor":23.0,"key":"SMITH"},{"floor":27.0,"key":"REST"},{"floor":30.0,"key":"REST"},{"floor":32.0,"key":"REST"},{"data":"Hologram","floor":40.0,"key":"SMITH"},{"data":"Defend_B","floor":42.0,"key":"SMITH"},{"data":"Defend_B","floor":44.0,"key":"SMITH"},{"floor":49.0,"key":"REST"}],"neow_cost":"NONE","seed_source_timestamp":0,"circlet_count":0,"master_deck":["Defend_B+1","Defend_B+1","Defend_B+1","Zap+1","Dualcast+1","Tempest+1","Streamline","Ball Lightning","Static Discharge+1","Chill","Hologram+1","Sweeping Beam","Electrodynamics","Reboot","Coolheaded+1","Echo Form+1","Lockon+1","Flash of Steel","Fusion+1","Auto Shields+1","Defragment+1","Reinforced Body","Cold Snap+1","Force Field"],"special_seed":0,"relics":["Cracked Core","NeowsBlessing","Lantern","Golden Idol","Bronze Scales","Peace Pipe","Bottled Lightning","Kunai","Happy Flower","Astrolabe","Juzu Bracelet","Cursed Key","Mango","MawBank","Darkstone Periapt","War Paint"],"potions_floor_usage":[50,50,50],"damage_taken":[{"damage":0.0,"enemies":"Cultist","floor":1.0,"turns":1.0},{"damage":0.0,"enemies":"2 Louse","floor":2.0,"turns":1.0},{"damage":0.0,"enemies":"Small Slimes","floor":5.0,"turns":1.0},{"damage":22.0,"enemies":"3 Sentries","floor":7.0,"turns":4.0},{"damage":8.0,"enemies":"Blue Slaver","floor":8.0,"turns":3.0},{"damage":8.0,"enemies":"Gremlin Nob","floor":11.0,"turns":3.0},{"damage":11.0,"enemies":"Lagavulin","floor":14.0,"turns":6.0},{"damage":24.0,"enemies":"The Guardian","floor":16.0,"turns":8.0},{"damage":15.0,"enemies":"2 Thieves","floor":18.0,"turns":3.0},{"damage":0.0,"enemies":"3 Byrds","floor":20.0,"turns":2.0},{"damage":20.0,"enemies":"Centurion and Healer","floor":21.0,"turns":5.0},{"damage":24.0,"enemies":"Snecko","floor":22.0,"turns":3.0},{"damage":0.0,"enemies":"3 Cultists","floor":24.0,"turns":2.0},{"damage":16.0,"enemies":"Snake Plant","floor":31.0,"turns":1.0},{"damage":12.0,"enemies":"Champ","floor":33.0,"turns":9.0},{"damage":0.0,"enemies":"Orb Walker","floor":35.0,"turns":3.0},{"damage":1.0,"enemies":"3 Shapes","floor":37.0,"turns":4.0},{"damage":23.0,"enemies":"2 Orb Walkers","floor":41.0,"turns":3.0},{"damage":32.0,"enemies":"Writhing Mass","floor":46.0,"turns":4.0},{"damage":32.0,"enemies":"Giant Head","floor":47.0,"turns":7.0},{"damage":21,"enemies":"Awakened One","floor":50,"turns":15}],"seed_played":"-3137022428712670876","potions_obtained":[{"floor":1.0,"key":"FocusPotion"},{"floor":7.0,"key":"FocusPotion"},{"floor":11.0,"key":"FearPotion"},{"floor":16.0,"key":"Fire Potion"},{"floor":20.0,"key":"FearPotion"},{"floor":22.0,"key":"FocusPotion"},{"floor":36.0,"key":"Fruit Juice"},{"floor":36.0,"key":"Block Potion"},{"floor":36.0,"key":"GamblersBrew"},{"floor":41.0,"key":"SpeedPotion"}],"is_trial":false,"path_per_floor":["M","M","T","?","M","R","E","M","T","?","E","$","R","E","R","B",null,"M","$","M","M","M","R","M","?","T","R","?","?","R","M","R","B",null,"M","?","M","?","?","R","?","R","T","R","?","M","E","$","R","B",null],"character_chosen":"DEFECT","items_purchased":["Kunai","Sweeping Beam","Flash of Steel","War Paint","Explosive Potion","Weak Potion","EssenceOfSteel","Force Field"],"campfire_rested":4,"item_purchase_floors":[12,12,19,48,48,48,48,48],"current_hp_per_floor":[75,75,75,57,57,57,35,27,27,52,44,44,44,33,33,9,75,60,60,60,40,16,16,16,16,16,38,38,38,60,44,66,54,75,75,80,79,76,76,76,67,67,67,67,67,35,3,3,30,9],"gold":82,"neow_bonus":"THREE_ENEMY_KILL","is_prod":false,"is_daily":false,"chose_seed":false,"campfire_upgraded":7,"win_rate":1,"timestamp":1567082397,"path_taken":["M","?","?","?","M","R","E","M","T","?","E","?","R","E","R","BOSS","M","$","M","M","M","R","M","?","T","R","?","?","R","M","R","BOSS","M","?","M","?","?","R","?","R","T","R","?","M","E","$","R","BOSS"],"build_version":"2019-07-17","purchased_purges":2,"victory":true,"max_hp_per_floor":[75,75,75,75,75,75,75,75,75,75,75,75,75,75,75,75,75,75,75,75,75,75,75,75,75,75,75,75,75,75,75,75,75,75,75,80,80,76,76,76,90,90,90,90,90,90,90,90,90,90],"card_choices":[{"not_picked":["Storm","Conserve Battery"],"picked":"Tempest","floor":1.0},{"not_picked":["Steam","Beam Cell"],"picked":"Streamline","floor":2.0},{"not_picked":["White Noise","Steam"],"picked":"Ball Lightning","floor":5.0},{"not_picked":["Stack","Rebound"],"picked":"Static Discharge","floor":7.0},{"not_picked":["Storm","Hologram"],"picked":"Chill","floor":8.0},{"not_picked":["Blizzard","Static Discharge"],"picked":"Hologram","floor":11.0},{"not_picked":["Redo","FTL"],"picked":"Electrodynamics","floor":14.0},{"not_picked":["Amplify","Fission"],"picked":"Reboot","floor":16.0},{"not_picked":["Coolheaded","Darkness","Rebound"],"picked":"SKIP","floor":18.0},{"not_picked":["Fusion","Storm","Sweeping Beam"],"picked":"SKIP","floor":20.0},{"not_picked":["Storm","Sweeping Beam"],"picked":"Fusion","floor":20.0},{"not_picked":["Barrage+1","Cold Snap","Storm"],"picked":"SKIP","floor":21.0},{"not_picked":["Chaos","Undo+1"],"picked":"Auto Shields+1","floor":22.0},{"not_picked":["Turbo+1","Redo","Gash"],"picked":"SKIP","floor":24.0},{"not_picked":["Scrape","Coolheaded","Skim"],"picked":"SKIP","floor":31.0},{"not_picked":["Redo","Capacitor+1"],"picked":"Defragment+1","floor":35.0},{"not_picked":["Turbo","Compile Driver+1"],"picked":"Streamline+1","floor":37.0},{"not_picked":["Steam","Rip and Tear"],"picked":"Reinforced Body","floor":46.0},{"not_picked":["Heatsinks","Capacitor"],"picked":"Cold Snap+1","floor":47.0}],"player_experience":331931,"relics_obtained":[{"floor":3.0,"key":"Lantern"},{"floor":7.0,"key":"Bronze Scales"},{"floor":9.0,"key":"Peace Pipe"},{"floor":11.0,"key":"Bottled Lightning"},{"floor":14.0,"key":"Happy Flower"},{"floor":26.0,"key":"Juzu Bracelet"},{"floor":41.0,"key":"Mango"},{"floor":43.0,"key":"MawBank"},{"floor":47.0,"key":"Darkstone Periapt"}],"event_choices":[{"damage_healed":0.0,"max_hp_gain":0.0,"max_hp_loss":0.0,"gold_gain":0.0,"event_name":"Golden Idol","player_choice":"Take Damage","floor":4.0,"gold_loss":0.0,"damage_taken":18.0,"relics_obtained":["Golden Idol"]},{"damage_healed":25.0,"max_hp_gain":0.0,"max_hp_loss":0.0,"gold_gain":0.0,"event_name":"Big Fish","player_choice":"Banana","floor":10.0,"gold_loss":0.0,"damage_taken":0.0},{"damage_healed":0.0,"max_hp_gain":0.0,"max_hp_loss":0.0,"gold_gain":0.0,"event_name":"Cursed Tome","player_choice":"Ignored","floor":25.0,"gold_loss":0.0,"damage_taken":0.0},{"damage_healed":0.0,"max_hp_gain":0.0,"max_hp_loss":0.0,"gold_gain":100.0,"event_name":"Golden Shrine","player_choice":"Pray","floor":28.0,"gold_loss":0.0,"damage_taken":0.0},{"cards_removed":["Strike_B"],"damage_healed":0.0,"max_hp_gain":0.0,"max_hp_loss":0.0,"gold_gain":0.0,"event_name":"Purifier","player_choice":"Purged","floor":29.0,"gold_loss":0.0,"damage_taken":0.0},{"damage_healed":0.0,"max_hp_gain":0.0,"max_hp_loss":0.0,"gold_gain":0.0,"event_name":"The Woman in Blue","player_choice":"Bought 3 Potions","floor":36.0,"gold_loss":0.0,"damage_taken":0.0},{"damage_healed":0.0,"max_hp_gain":0.0,"max_hp_loss":4.0,"gold_gain":0.0,"event_name":"Winding Halls","player_choice":"Max HP","floor":38.0,"gold_loss":0.0,"damage_taken":0.0},{"damage_healed":0.0,"max_hp_gain":0.0,"max_hp_loss":0.0,"gold_gain":0.0,"event_name":"Tomb of Lord Red Mask","player_choice":"Ignored","floor":39.0,"gold_loss":0.0,"damage_taken":0.0},{"damage_healed":0.0,"max_hp_gain":0.0,"max_hp_loss":0.0,"gold_gain":0.0,"event_name":"Mysterious Sphere","player_choice":"Fight","floor":41.0,"gold_loss":0.0,"damage_taken":0.0},{"cards_removed":["Streamline"],"damage_healed":0.0,"max_hp_gain":0.0,"max_hp_loss":0.0,"gold_gain":0.0,"event_name":"Falling","player_choice":"Removed Attack","floor":45.0,"gold_loss":0.0,"damage_taken":0.0}],"is_beta":false,"boss_relics":[{"not_picked":["FrozenCore","Coffee Dripper"],"picked":"Astrolabe"},{"not_picked":["Empty Cage","Nuclear Battery"],"picked":"Cursed Key"}],"items_purged_floors":[19,48],"is_endless":false,"potions_floor_spawned":[1,7,11,16,20,21,22,41],"ascension_level":2}