{"gold_per_floor":[111,111,141,166,177,204,204,230,254,254,277,277,291,320,320,423,423,442,455,380,403,205,205],"floor_reached":23,"playtime":723,"items_purged":["Recycle"],"score":205,"play_id":"5ae7a7a7-fba8-4ebe-90c1-0580749851b2","local_time":"20181211210355","is_ascension_mode":false,"campfire_choices":[{"floor":7,"key":"REST"},{"floor":10,"key":"REST"},{"data":"Zap","floor":12,"key":"SMITH"},{"data":"Go for the Eyes","floor":15,"key":"SMITH"}],"neow_cost":"NONE","seed_source_timestamp":85679980050702,"circlet_count":0,"master_deck":["Zap+1","Dualcast","Go for the Eyes+1","Self Repair","Gash+1","Undo","Conserve Battery","Creative AI","Rebound","Melter","Barrage","Leap","Rebound","Steam","Darkness","Storm","Seek"],"relics":["Cracked Core","Regal Pillow","Tiny Chest","Smiling Mask","Mummified Hand","PreservedInsect","Whetstone","Ancient Tea Set","Centennial Puzzle","Pandora\u0027s Box","Juzu Bracelet"],"potions_floor_usage":[16,16],"damage_taken":[{"damage":5,"enemies":"Small Slimes","floor":1,"turns":2},{"damage":0,"enemies":"2 Louse","floor":5,"turns":2},{"damage":30,"enemies":"Lagavulin","floor":6,"turns":6},{"damage":52,"enemies":"Gremlin Nob","floor":8,"turns":6},{"damage":7,"enemies":"Jaw Worm","floor":13,"turns":3},{"damage":11,"enemies":"3 Sentries","floor":14,"turns":5},{"damage":49,"enemies":"Hexaghost","floor":16,"turns":12},{"damage":11,"enemies":"Shell Parasite","floor":18,"turns":5},{"damage":23,"enemies":"2 Thieves","floor":19,"turns":4},{"damage":52,"enemies":"Slavers","floor":23,"turns":4}],"seed_played":"-3172993021033700368","potions_obtained":[{"floor":5,"key":"Weak Potion"},{"floor":13,"key":"PowerPotion"},{"floor":14,"key":"Strength Potion"},{"floor":19,"key":"FearPotion"}],"is_trial":false,"path_per_floor":["M","?","?","T","M","E","R","E","T","R","T","R","M","E","R","B",null,"M","M","?","T","$","E"],"character_chosen":"DEFECT","items_purchased":["Seek"],"campfire_rested":2,"item_purchase_floors":[22],"current_hp_per_floor":[70,55,55,55,55,25,62,17,17,54,54,54,54,50,50,8,75,71,48,48,48,48,0],"gold":205,"neow_bonus":"RANDOM_COMMON_RELIC","is_prod":false,"is_daily":false,"chose_seed":false,"campfire_upgraded":2,"win_rate":0,"timestamp":1544580235,"path_taken":["M","?","?","?","M","E","R","E","T","R","?","R","M","E","R","BOSS","M","M","?","?","$","E"],"build_version":"2018-12-10","purchased_purges":1,"victory":false,"max_hp_per_floor":[75,75,75,75,75,75,75,75,75,75,75,75,75,75,75,75,75,75,75,75,75,75,75],"card_choices":[{"not_picked":["Stack","Rebound"],"picked":"Go for the Eyes","floor":1},{"not_picked":["Coolheaded","Chaos","Turbo"],"picked":"SKIP","floor":5},{"not_picked":["Genetic Algorithm","Recycle"],"picked":"Self Repair","floor":6},{"not_picked":["Recycle","Rebound"],"picked":"Gash","floor":8},{"not_picked":["Redo","Beam Cell"],"picked":"Undo","floor":13},{"not_picked":["BootSequence","Reprogram"],"picked":"Conserve Battery","floor":14},{"not_picked":["Biased Cognition","Core Surge"],"picked":"Creative AI","floor":16},{"not_picked":["Rebound","Go for the Eyes","Coolheaded"],"picked":"SKIP","floor":18},{"not_picked":["Ball Lightning","Self Repair"],"picked":"Storm","floor":19}],"player_experience":888419,"relics_obtained":[{"floor":4,"key":"Smiling Mask"},{"floor":6,"key":"Mummified Hand"},{"floor":8,"key":"PreservedInsect"},{"floor":9,"key":"Whetstone"},{"floor":11,"key":"Ancient Tea Set"},{"floor":14,"key":"Centennial Puzzle"},{"floor":21,"key":"Juzu Bracelet"}],"event_choices":[{"damage_healed":0,"gold_gain":0,"player_choice":"Entered Light","damage_taken":15,"max_hp_gain":0,"max_hp_loss":0,"event_name":"Shining Light","floor":2,"gold_loss":0,"cards_upgraded":["Defend_B","Strike_B"]},{"damage_healed":0,"gold_gain":0,"player_choice":"Box","damage_taken":0,"relics_obtained":["Tiny Chest"],"max_hp_gain":0,"max_hp_loss":0,"event_name":"Big Fish","floor":3,"gold_loss":0,"cards_obtained":["Regret"]},{"cards_removed":["Regret"],"damage_healed":0,"gold_gain":0,"player_choice":"Gave Gold","damage_taken":0,"max_hp_gain":0,"max_hp_loss":0,"event_name":"Beggar","floor":20,"gold_loss":75}],"is_beta":true,"boss_relics":[{"not_picked":["Tiny House","FrozenCore"],"picked":"Pandora\u0027s Box"}],"items_purged_floors":[22],"is_endless":false,"potions_floor_spawned":[5,13,14,19],"killed_by":"Slavers","ascension_level":0}