{"gold_per_floor":[112,112,131,3,23,23,33,61,130,130,205,205,222,239,239,338,338,348,348,348,129,149,149,183,183,183,183,203,103,114,126,126,229,229,245,260,260,260,275,275,295,325,348,78,94,94,114,133,133,133],"floor_reached":50,"playtime":3894,"items_purged":["Strike_P","Strike_P","Defend_P"],"score":677,"play_id":"774effe1-0ec9-4403-9fd0-9cc1cb0ee65b","local_time":"20190914005355","is_ascension_mode":true,"campfire_choices":[{"data":"CarveReality","floor":6.0,"key":"SMITH"},{"floor":10.0,"key":"REST"},{"data":"Establishment","floor":12.0,"key":"SMITH"},{"floor":15.0,"key":"REST"},{"floor":23.0,"key":"REST"},{"data":"EmptyMind","floor":25.0,"key":"SMITH"},{"floor":32.0,"key":"REST"},{"data":"DevaForm","floor":40.0,"key":"SMITH"},{"floor":46.0,"key":"REST"},{"floor":49.0,"key":"REST"}],"neow_cost":"NONE","seed_source_timestamp":99511075254492,"circlet_count":0,"master_deck":["Defend_P","Defend_P","Defend_P","Eruption","Vigilance","CutThroughFate","CarveReality+1","Establishment+1","Conclude","CutThroughFate","FlyingSleeves","ClearTheMind","DevaForm+1","Protect+1","Clarity","InnerPeace","EmptyMind+1","StepAndStrike+1","SandsOfTime+1","FearNoEvil+1","DevaForm","ThirdEye+1","FlurryOfBlows+1","Protect+1","Meditate+1","EmptyMind+1","WindmillStrike+1","CleanseEvil+1"],"special_seed":0,"relics":["PureWater","Pen Nib","Turnip","Bag of Preparation","Letter Opener","Sozu","Oddly Smooth Stone","Dream Catcher","Molten Egg 2","SlaversCollar","White Beast Statue","Blood Vial","Strawberry"],"potions_floor_usage":[],"damage_taken":[{"damage":4.0,"enemies":"Small Slimes","floor":1.0,"turns":2.0},{"damage":16.0,"enemies":"Jaw Worm","floor":3.0,"turns":3.0},{"damage":0.0,"enemies":"Cultist","floor":5.0,"turns":2.0},{"damage":1.0,"enemies":"Exordium Thugs","floor":7.0,"turns":4.0},{"damage":25.0,"enemies":"3 Sentries","floor":8.0,"turns":7.0},{"damage":0.0,"enemies":"Looter","floor":13.0,"turns":1.0},{"damage":0.0,"enemies":"3 Louse","floor":14.0,"turns":1.0},{"damage":41.0,"enemies":"The Guardian","floor":16.0,"turns":10.0},{"damage":6.0,"enemies":"3 Byrds","floor":18.0,"turns":5.0},{"damage":10.0,"enemies":"2 Thieves","floor":22.0,"turns":4.0},{"damage":0.0,"enemies":"Gremlin Leader","floor":24.0,"turns":6.0},{"damage":0.0,"enemies":"Snecko","floor":28.0,"turns":5.0},{"damage":0.0,"enemies":"Centurion and Healer","floor":30.0,"turns":7.0},{"damage":10.0,"enemies":"Shelled Parasite and Fungi","floor":31.0,"turns":5.0},{"damage":4.0,"enemies":"Champ","floor":33.0,"turns":9.0},{"damage":35.0,"enemies":"3 Darklings","floor":35.0,"turns":3.0},{"damage":0.0,"enemies":"Orb Walker","floor":36.0,"turns":5.0},{"damage":12.0,"enemies":"Transient","floor":39.0,"turns":5.0},{"damage":13.0,"enemies":"4 Shapes","floor":41.0,"turns":4.0},{"damage":16.0,"enemies":"Reptomancer","floor":42.0,"turns":7.0},{"damage":10.0,"enemies":"Writhing Mass","floor":45.0,"turns":10.0},{"damage":0.0,"enemies":"Spire Growth","floor":47.0,"turns":4.0},{"damage":11.0,"enemies":"Jaw Worm Horde","floor":48.0,"turns":3.0},{"damage":50,"enemies":"Time Eater","floor":50,"turns":14}],"seed_played":"-9113447270967539068","potions_obtained":[{"floor":3.0,"key":"SkillPotion"},{"floor":5.0,"key":"SpeedPotion"},{"floor":8.0,"key":"Explosive Potion"},{"floor":14.0,"key":"SpeedPotion"}],"is_trial":false,"path_per_floor":["M","?","M","$","M","R","M","E","T","R","?","R","M","M","R","B",null,"M","?","?","$","M","R","E","R","T","?","M","$","M","M","R","B",null,"M","M","?","?","M","R","M","E","T","$","M","R","M","M","R","B"],"character_chosen":"WATCHER","items_purchased":["Establishment","Strength Potion","Oddly Smooth Stone","Strawberry"],"campfire_rested":6,"item_purchase_floors":[4,4,21,44],"current_hp_per_floor":[55,52,36,36,36,36,35,10,10,29,23,23,23,23,42,1,49,43,32,32,32,22,43,43,43,43,43,43,43,43,33,54,50,65,30,30,61,58,46,46,33,17,17,24,16,35,37,28,47,0],"gold":133,"neow_bonus":"RANDOM_COMMON_RELIC","is_prod":false,"is_daily":false,"chose_seed":false,"campfire_upgraded":4,"win_rate":0,"timestamp":1568390035,"path_taken":["M","?","M","$","M","R","M","E","T","R","?","R","?","M","R","BOSS","M","?","?","$","M","R","E","R","T","?","M","?","?","M","R","BOSS","M","M","?","?","?","R","M","E","T","$","M","R","M","M","R","BOSS"],"build_version":"2019-09-12","purchased_purges":3,"victory":false,"max_hp_per_floor":[65,65,65,65,65,65,65,65,65,65,65,65,65,65,65,65,65,65,70,70,70,70,70,70,70,70,70,70,70,70,70,70,70,70,70,70,61,58,58,58,58,58,58,65,65,65,65,65,65,65],"card_choices":[{"not_picked":["ClearTheMind","PathToVictory"],"picked":"CutThroughFate","floor":1.0},{"not_picked":["Fasting","FlyingSleeves"],"picked":"CarveReality","floor":3.0},{"not_picked":["FollowUp","Wireheading","Swivel"],"picked":"SKIP","floor":5.0},{"not_picked":["Scrawl","Clarity"],"picked":"Conclude","floor":7.0},{"not_picked":["Conclude","Weave"],"picked":"CutThroughFate","floor":8.0},{"not_picked":["CrushJoints","Halt"],"picked":"FlyingSleeves","floor":13.0},{"not_picked":["Sanctity","StepAndStrike"],"picked":"ClearTheMind","floor":14.0},{"not_picked":["Alpha","FlowState"],"picked":"DevaForm","floor":16.0},{"not_picked":["Fasting+1","Tantrum+1"],"picked":"Protect+1","floor":18.0},{"not_picked":["FlyingSleeves","CutThroughFate"],"picked":"EmptyMind","floor":22.0},{"not_picked":["EmptyFist","Unraveling","Consecrate+1"],"picked":"SKIP","floor":24.0},{"not_picked":["Halt","Tantrum+1"],"picked":"StepAndStrike+1","floor":28.0},{"not_picked":["PathToVictory+1","Halt"],"picked":"SandsOfTime+1","floor":30.0},{"not_picked":["FollowUp+1","BowlingBash+1","Prostrate"],"picked":"SKIP","floor":31.0},{"not_picked":["BattleHymn","CrushJoints+1"],"picked":"FearNoEvil+1","floor":32.0},{"not_picked":["DeusExMachina","Omniscience"],"picked":"DevaForm","floor":33.0},{"not_picked":["JustLucky+1","Crescendo"],"picked":"ThirdEye+1","floor":35.0},{"not_picked":["Consecrate+1","StepAndStrike+1"],"picked":"FlurryOfBlows+1","floor":36.0},{"not_picked":["JustLucky+1","Crescendo+1","Halt"],"picked":"SKIP","floor":39.0},{"not_picked":["Weave+1","Wallop+1","JustLucky+1"],"picked":"SKIP","floor":41.0},{"not_picked":["FearNoEvil+1","FollowUp+1"],"picked":"Protect+1","floor":42.0},{"not_picked":["ClearTheMind","FearNoEvil+1"],"picked":"Meditate+1","floor":45.0},{"not_picked":["Sanctity+1","Halt+1"],"picked":"EmptyMind+1","floor":46.0},{"not_picked":["Consecrate+1","JustLucky+1","Scrawl"],"picked":"SKIP","floor":47.0},{"not_picked":["Perseverance","JustLucky+1"],"picked":"WindmillStrike+1","floor":48.0},{"not_picked":["Scrawl+1","Consecrate+1"],"picked":"CleanseEvil+1","floor":49.0}],"player_experience":622920,"relics_obtained":[{"floor":8.0,"key":"Bag of Preparation"},{"floor":9.0,"key":"Letter Opener"},{"floor":24.0,"key":"Dream Catcher"},{"floor":26.0,"key":"Molten Egg 2"},{"floor":42.0,"key":"White Beast Statue"},{"floor":43.0,"key":"Blood Vial"}],"event_choices":[{"damage_healed":0.0,"max_hp_gain":0.0,"max_hp_loss":0.0,"gold_gain":0.0,"event_name":"Scrap Ooze","player_choice":"Success","floor":2.0,"gold_loss":0.0,"damage_taken":3.0,"relics_obtained":["Turnip"]},{"damage_healed":0.0,"max_hp_gain":0.0,"max_hp_loss":0.0,"gold_gain":75.0,"event_name":"FaceTrader","player_choice":"Touch","floor":11.0,"gold_loss":0.0,"damage_taken":6.0},{"damage_healed":0.0,"max_hp_gain":5.0,"max_hp_loss":0.0,"gold_gain":0.0,"event_name":"Forgotten Altar","player_choice":"Shed Blood","floor":19.0,"gold_loss":0.0,"damage_taken":16.0},{"damage_healed":0.0,"max_hp_gain":0.0,"max_hp_loss":0.0,"gold_gain":0.0,"cards_transformed":["Strike_P","Strike_P"],"event_name":"Drug Dealer","player_choice":"Became Test Subject","floor":20.0,"gold_loss":0.0,"damage_taken":0.0,"cards_obtained":["Clarity","InnerPeace"]},{"damage_healed":0.0,"max_hp_gain":0.0,"max_hp_loss":0.0,"gold_gain":0.0,"event_name":"Cursed Tome","player_choice":"Ignored","floor":27.0,"gold_loss":0.0,"damage_taken":0.0},{"damage_healed":61.0,"max_hp_gain":0.0,"max_hp_loss":9.0,"gold_gain":0.0,"event_name":"The Moai Head","player_choice":"Heal","floor":37.0,"gold_loss":0.0,"damage_taken":0.0},{"damage_healed":0.0,"max_hp_gain":0.0,"max_hp_loss":3.0,"gold_gain":0.0,"event_name":"Winding Halls","player_choice":"Max HP","floor":38.0,"gold_loss":0.0,"damage_taken":0.0}],"is_beta":true,"boss_relics":[{"not_picked":["Empty Cage","HolyWater"],"picked":"Sozu"},{"not_picked":["Pandora\u0027s Box","Velvet Choker"],"picked":"SlaversCollar"}],"items_purged_floors":[21,29,44],"is_endless":false,"potions_floor_spawned":[3,5,8,14,24,28,30,33,36,41,42,45,47,48],"killed_by":"Time Eater","ascension_level":6}