{"gold_per_floor":[115,127,139,149,165,165,165,240,240,252,252,262,274,286,286,387,387,407,418,418,246,266,266,219,232,232,232,157,170,204,204,204,204],"floor_reached":33,"playtime":1676,"items_purged":["Defend_R"],"score":288,"play_id":"8c71daeb-c1cc-47fe-b5e5-c29fdf0fe0a9","local_time":"20190612191419","is_ascension_mode":false,"campfire_choices":[{"data":"Perfected Strike","floor":6.0,"key":"SMITH"},{"data":"Pommel Strike","floor":11.0,"key":"SMITH"},{"floor":15.0,"key":"REST"},{"data":"Intimidate","floor":23.0,"key":"SMITH"},{"floor":27.0,"key":"REST"},{"floor":32,"key":"REST"}],"neow_cost":"NONE","seed_source_timestamp":0,"circlet_count":0,"master_deck":["Strike_R","Strike_R","Strike_R","Strike_R","Strike_R","Defend_R","Defend_R","Defend_R","Bash","Exhume","Pommel Strike+1","Perfected Strike+1","Headbutt","Whirlwind","Feed","Double Tap","Intimidate+1","Battle Trance+1","Perfected Strike"],"special_seed":0,"relics":["Burning Blood"],"potions_floor_usage":[30],"damage_taken":[{"damage":6.0,"enemies":"Cultist","floor":1.0,"turns":3.0},{"damage":5.0,"enemies":"Small Slimes","floor":2.0,"turns":3.0},{"damage":8.0,"enemies":"Jaw Worm","floor":3.0,"turns":3.0},{"damage":6.0,"enemies":"2 Fungi Beasts","floor":4.0,"turns":3.0},{"damage":19.0,"enemies":"Large Slime","floor":5.0,"turns":7.0},{"damage":14.0,"enemies":"3 Louse","floor":10.0,"turns":4.0},{"damage":7.0,"enemies":"Exordium Wildlife","floor":12.0,"turns":3.0},{"damage":0.0,"enemies":"Lots of Slimes","floor":13.0,"turns":1.0},{"damage":26.0,"enemies":"Gremlin Gang","floor":14.0,"turns":4.0},{"damage":14.0,"enemies":"Slime Boss","floor":16.0,"turns":11.0},{"damage":16.0,"enemies":"Chosen","floor":18.0,"turns":5.0},{"damage":6.0,"enemies":"3 Byrds","floor":19.0,"turns":6.0},{"damage":54.0,"enemies":"Shelled Parasite and Fungi","floor":22.0,"turns":8.0},{"damage":22.0,"enemies":"Centurion and Healer","floor":25.0,"turns":6.0},{"damage":38.0,"enemies":"3 Cultists","floor":29.0,"turns":6.0},{"damage":39,"enemies":"Book of Stabbing","floor":30,"turns":4},{"damage":84,"enemies":"Automaton","floor":33,"turns":6}],"seed_played":"5225983083265542863","potions_obtained":[{"floor":1.0,"key":"SteroidPotion"},{"floor":10.0,"key":"Poison Potion"},{"floor":12.0,"key":"LiquidBronze"},{"floor":16.0,"key":"Regen Potion"},{"floor":22.0,"key":"LiquidBronze"},{"floor":29.0,"key":"PowerPotion"},{"floor":30,"key":"Fire Potion"}],"is_trial":false,"path_per_floor":["M","M","M","M","M","R","?","?","T","M","R","M","M","M","R","B",null,"M","M","?","$","M","R","$","M","T","R","?","M","E","?","R","B"],"character_chosen":"IRONCLAD","items_purchased":["Havoc","Intimidate","Perfected Strike"],"campfire_rested":3,"item_purchase_floors":[21,21,24],"current_hp_per_floor":[80,80,78,78,65,65,70,62,62,54,54,53,59,39,64,62,91,81,84,84,84,54,54,54,41,41,71,71,42,9,9,39,0],"gold":204,"neow_bonus":"ONE_RANDOM_RARE_CARD","is_prod":false,"is_daily":false,"chose_seed":false,"campfire_upgraded":3,"win_rate":0,"timestamp":1560392059,"path_taken":["M","M","M","?","M","R","?","?","T","M","R","M","?","M","R","BOSS","M","M","?","$","M","R","$","M","T","R","?","M","E","?","R","BOSS"],"build_version":"2019-01-23","purchased_purges":1,"victory":false,"max_hp_per_floor":[80,80,80,80,80,80,85,85,85,85,85,85,85,85,85,91,91,91,94,94,94,97,97,97,100,100,100,100,103,103,103,103,103],"card_choices":[{"not_picked":["Anger","Clothesline"],"picked":"Pommel Strike","floor":1.0},{"not_picked":["Sword Boomerang","Pommel Strike"],"picked":"Perfected Strike","floor":2.0},{"not_picked":["Rage","Blood for Blood","Rupture"],"picked":"SKIP","floor":3.0},{"not_picked":["Flex","Reckless Charge","Cleave"],"picked":"SKIP","floor":4.0},{"not_picked":["Hemokinesis","Dual Wield","Anger"],"picked":"SKIP","floor":5.0},{"not_picked":["Heavy Blade","Carnage"],"picked":"Headbutt","floor":10.0},{"not_picked":["Hemokinesis","Feel No Pain"],"picked":"Whirlwind","floor":12.0},{"not_picked":["Second Wind","Rage","Iron Wave"],"picked":"SKIP","floor":13.0},{"not_picked":["Flex","Burning Pact"],"picked":"Feed","floor":14.0},{"not_picked":["Barricade","Fiend Fire"],"picked":"Double Tap","floor":16.0},{"not_picked":["Heavy Blade","Whirlwind","Clothesline"],"picked":"SKIP","floor":18.0},{"not_picked":["Hemokinesis","Clothesline","Thunderclap"],"picked":"SKIP","floor":19.0},{"not_picked":["Body Slam","Dual Wield"],"picked":"Battle Trance+1","floor":22.0},{"not_picked":["Burning Pact+1","Heavy Blade","Headbutt"],"picked":"SKIP","floor":25.0},{"not_picked":["Infernal Blade","Sentinel+1","Entrench"],"picked":"SKIP","floor":29.0},{"not_picked":["Flex","Thunderclap","Cleave"],"picked":"SKIP","floor":30}],"player_experience":1295300,"relics_obtained":[],"event_choices":[{"damage_healed":0.0,"max_hp_gain":5.0,"max_hp_loss":0.0,"gold_gain":0.0,"event_name":"Big Fish","player_choice":"Donut","floor":7.0,"gold_loss":0.0,"damage_taken":0.0},{"damage_healed":0.0,"max_hp_gain":0.0,"max_hp_loss":0.0,"gold_gain":75.0,"event_name":"FaceTrader","player_choice":"Touch","floor":8.0,"gold_loss":0.0,"damage_taken":8.0},{"damage_healed":0.0,"max_hp_gain":0.0,"max_hp_loss":0.0,"gold_gain":0.0,"event_name":"Cursed Tome","player_choice":"Ignored","floor":20.0,"gold_loss":0.0,"damage_taken":0.0},{"cards_removed":["Havoc"],"damage_healed":0.0,"max_hp_gain":0.0,"max_hp_loss":0.0,"gold_gain":0.0,"event_name":"Beggar","player_choice":"Gave Gold","floor":28.0,"gold_loss":75.0,"damage_taken":0.0}],"is_beta":false,"boss_relics":[{"not_picked":["Busted Crown","Runic Pyramid","Orrery"]}],"items_purged_floors":[21],"is_endless":false,"potions_floor_spawned":[1,10,12,13,16,18,22,29,30],"killed_by":"Automaton","ascension_level":0}