{"path_per_floor":["M","?","?","T","M","R","M","R","T","R","E","M","R","?","R","B",null,"M","?","$","M","?","E","R","?","T","?","$","R","M","T","R","B",null,"M","M","?","M","$","R","?","?","T","$","M","R","?","M","R"],"character_chosen":"IRONCLAD","items_purchased":["Flex","Bottled Tornado","Pear"],"gold_per_floor":[116,116,81,127,145,145,162,162,210,210,240,251,251,281,281,386,386,404,404,351,365,365,395,395,395,441,441,366,366,376,376,376,471,471,482,496,496,512,13,13,13,113,140,140,157,157,157,169,169],"floor_reached":50,"campfire_rested":2,"playtime":2010,"current_hp_per_floor":[79,37,57,57,55,59,59,63,63,67,49,48,54,54,60,42,80,71,71,71,64,48,40,48,32,32,32,32,66,62,62,72,45,80,80,70,70,33,43,53,42,42,42,42,37,49,49,43,82],"items_purged":["Bash"],"gold":169,"score":545,"play_id":"df60c92b-4372-40bc-bcab-7f922187391f","local_time":"20180318182401","is_prod":false,"is_daily":false,"is_ascension_mode":true,"campfire_upgraded":7,"timestamp":1521411841,"path_taken":["M","?","?","?","M","R","M","R","T","R","E","M","R","?","R","BOSS","M","?","$","M","?","E","R","?","T","?","$","R","M","?","R","BOSS","M","M","?","M","$","R","?","?","T","$","M","R","?","M","R","BOSS"],"build_version":"2018-03-16","purchased_purges":1,"victory":false,"master_deck":["Strike_R","Strike_R","Strike_R","Defend_R+1","Defend_R","Defend_R","Defend_R","Bash+1","Twin Strike+1","Spot Weakness+1","Thunderclap","Shrug It Off","Flex+1","Whirlwind+1","Brutality","Twin Strike+1","Offering+1","Flex+1","Clash","Pummel","Dark Shackles","Bloodletting","Spot Weakness","Demon Form+1","Dual Wield","Double Tap","Shrug It Off+1","Pummel","Madness","Madness","Shrug It Off+1"],"max_hp_per_floor":[80,80,80,80,80,80,80,80,80,80,80,80,80,80,80,80,80,80,80,80,80,80,80,80,80,80,80,80,80,80,80,80,80,80,80,80,80,80,90,90,90,90,90,90,90,90,90,90,90],"relics":["Eternal Feather","Anchor","Prayer Wheel","Vajra","Juzu Bracelet","Sozu","Enchiridion","Red Skull","War Paint","Girya","Runic Dome","Bottled Tornado","Pear","Bronze Scales"],"card_choices":[{"not_picked":["Warcry","Cleave"],"picked":"Twin Strike"},{"not_picked":["Double Tap","Sword Boomerang"],"picked":"Spot Weakness"},{"not_picked":["Rupture","Headbutt"],"picked":"Thunderclap"},{"not_picked":["Body Slam","Warcry"],"picked":"Shrug It Off"},{"not_picked":["Wild Strike","Feel No Pain"],"picked":"Flex"},{"not_picked":["Second Wind","Infernal Blade"],"picked":"Whirlwind"},{"not_picked":["Bludgeon","Juggernaut"],"picked":"Brutality"},{"not_picked":["Pommel Strike","Feel No Pain"],"picked":"Twin Strike"},{"not_picked":["Shrug It Off","Armaments"],"picked":"Clash"},{"not_picked":["Fiend Fire","Feel No Pain"],"picked":"Pummel"},{"not_picked":["Rupture","Twin Strike"],"picked":"Bloodletting"},{"not_picked":["Headbutt","Havoc"],"picked":"Dual Wield"},{"not_picked":["Fiend Fire","Juggernaut"],"picked":"Double Tap"},{"not_picked":["Ghostly Armor","Wild Strike"],"picked":"Shrug It Off"},{"not_picked":["Havoc","Pommel Strike"],"picked":"Pummel"},{"not_picked":["Sword Boomerang","Uppercut"],"picked":"Shrug It Off"}],"player_experience":594535,"potions_floor_usage":[11,38,50],"damage_taken":[{"damage":1,"enemies":"Cultist","floor":1,"turns":3},{"damage":2,"enemies":"Jaw Worm","floor":5,"turns":2},{"damage":0,"enemies":"Small Slimes","floor":7,"turns":2},{"damage":18,"enemies":"Lagavulin","floor":11,"turns":5},{"damage":1,"enemies":"Looter","floor":12,"turns":2},{"damage":18,"enemies":"Slime Boss","floor":16,"turns":6},{"damage":9,"enemies":"2 Thieves","floor":18,"turns":3},{"damage":7,"enemies":"Shell Parasite","floor":21,"turns":3},{"damage":8,"enemies":"Slavers","floor":23,"turns":3},{"damage":4,"enemies":"Sentry and Sphere","floor":30,"turns":2},{"damage":27,"enemies":"Collector","floor":33,"turns":5},{"damage":0,"enemies":"Flame Bruiser 1 Orb","floor":35,"turns":3},{"damage":10,"enemies":"3 Shapes","floor":36,"turns":1},{"damage":37,"enemies":"Maw","floor":38,"turns":4},{"damage":5,"enemies":"3 Darklings","floor":45,"turns":2},{"damage":6,"enemies":"Flame Bruiser 2 Orb","floor":48,"turns":3},{"damage":91,"enemies":"Time Eater","floor":50,"turns":5}],"event_choices":[{"event_name":"Scrap Ooze","player_choice":"success","floor":2,"damage_taken":42},{"event_name":"The Cleric","player_choice":"Healed","floor":3,"damage_taken":0},{"event_name":"Dead Adventurer","player_choice":"Searched \u00271\u0027 times","floor":14,"damage_taken":0},{"event_name":"Transmorgrifier","player_choice":"Transform","floor":19,"damage_taken":0},{"event_name":"Cursed Tome","player_choice":"Obtained Book","floor":22,"damage_taken":0},{"event_name":"Knowing Skull","player_choice":"CARD ","floor":25,"damage_taken":0},{"event_name":"Match and Keep!","player_choice":"3 cards matched","floor":27,"damage_taken":0},{"event_name":"Tomb of Lord Red Mask","player_choice":"Ignored","floor":37,"damage_taken":0},{"event_name":"Winding Halls","player_choice":"Embrace Madness","floor":41,"damage_taken":0},{"event_name":"Golden Shrine","player_choice":"Pray","floor":42,"damage_taken":0},{"event_name":"Purifier","player_choice":"One Purge","floor":47,"damage_taken":0}],"boss_relics":[{"not_picked":["Orrery","Tiny House"],"picked":"Sozu"},{"not_picked":["Black Star","Question Card"],"picked":"Runic Dome"}],"potions_floor_spawned":[5,7,11,16,23,33,36,48],"seed_played":"5839161783991020874","killed_by":"Time Eater","ascension_level":4,"is_trial":false}