{"gold_per_floor":[114,130,130,149,149,149,161,161,161,35,49,65,65,81,81,185,185,203,216,139,150,150,150,165,165,165,181,181,192,206,226,226,322,322,337,337,352,371,293,322,322,0,23,40,86,96,116,47,47,47],"floor_reached":51,"playtime":3965,"items_purged":["Strike_R","Armaments+1"],"score":702,"play_id":"864bd0ce-89b6-4050-a753-da6f1a819ff5","local_time":"20190626155908","is_ascension_mode":false,"campfire_choices":[{"data":"Bash","floor":6.0,"key":"SMITH"},{"data":"Armaments","floor":8.0,"key":"SMITH"},{"data":"Metallicize","floor":15.0,"key":"SMITH"},{"data":"Metallicize","floor":23.0,"key":"SMITH"},{"data":"Metallicize","floor":25.0,"key":"SMITH"},{"data":"Impervious","floor":28.0,"key":"SMITH"},{"data":"Shockwave","floor":32,"key":"SMITH"},{"floor":41,"key":"REST"},{"floor":49,"key":"REST"}],"neow_cost":"","seed_source_timestamp":0,"circlet_count":0,"master_deck":["Strike_R+1","Strike_R+1","Strike_R","Defend_R","Defend_R","Defend_R+1","Bash+1","Body Slam","Fire Breathing","Shrug It Off","Flame Barrier+1","Metallicize+1","Impervious+1","Metallicize+1","Metallicize+1","Shockwave+1","Shrug It Off","Entrench+1","Reaper+1","Body Slam","Flame Barrier+1","Impervious","Disarm+1","Body Slam+1","Feel No Pain+1","Metallicize","Disarm","Apotheosis","Body Slam+1","Ghostly Armor+1","Uppercut"],"special_seed":0,"relics":["Burning Blood","Pantograph","Mummified Hand","Empty Cage","Calipers","Fusion Hammer","Matryoshka","Whetstone","War Paint","Bird Faced Urn"],"potions_floor_usage":[35,40,40,45,50],"damage_taken":[{"damage":1.0,"enemies":"Cultist","floor":1.0,"turns":3.0},{"damage":7.0,"enemies":"2 Louse","floor":2.0,"turns":3.0},{"damage":8.0,"enemies":"Jaw Worm","floor":4.0,"turns":3.0},{"damage":9.0,"enemies":"Exordium Wildlife","floor":7.0,"turns":5.0},{"damage":4.0,"enemies":"Red Slaver","floor":11.0,"turns":5.0},{"damage":0.0,"enemies":"Large Slime","floor":12.0,"turns":4.0},{"damage":1.0,"enemies":"Exordium Thugs","floor":14.0,"turns":4.0},{"damage":53.0,"enemies":"The Guardian","floor":16.0,"turns":10.0},{"damage":23.0,"enemies":"3 Byrds","floor":18.0,"turns":6.0},{"damage":4.0,"enemies":"2 Thieves","floor":19.0,"turns":4.0},{"damage":0.0,"enemies":"Cultist and Chosen","floor":21.0,"turns":8.0},{"damage":13.0,"enemies":"Centurion and Healer","floor":24.0,"turns":9.0},{"damage":0.0,"enemies":"Snecko","floor":27.0,"turns":6.0},{"damage":0.0,"enemies":"Snake Plant","floor":29.0,"turns":7.0},{"damage":0,"enemies":"3 Cultists","floor":30,"turns":7},{"damage":3,"enemies":"Snecko","floor":31,"turns":8},{"damage":42,"enemies":"Champ","floor":33,"turns":21},{"damage":2,"enemies":"3 Shapes","floor":35,"turns":6},{"damage":0,"enemies":"3 Darklings","floor":37,"turns":5},{"damage":17,"enemies":"Transient","floor":38,"turns":5},{"damage":50,"enemies":"Reptomancer","floor":40,"turns":6},{"damage":0,"enemies":"Spire Growth","floor":44,"turns":3},{"damage":6,"enemies":"2 Orb Walkers","floor":45,"turns":6},{"damage":0,"enemies":"Jaw Worm Horde","floor":46,"turns":4},{"damage":2,"enemies":"Sphere and 2 Shapes","floor":47,"turns":7},{"damage":36,"enemies":"Awakened One","floor":50,"turns":11}],"seed_played":"-1162916265871222527","potions_obtained":[{"floor":1.0,"key":"SteroidPotion"},{"floor":2.0,"key":"SkillPotion"},{"floor":14.0,"key":"Poison Potion"},{"floor":18.0,"key":"Swift Potion"},{"floor":19.0,"key":"Ancient Potion"},{"floor":24.0,"key":"Fruit Juice"},{"floor":30,"key":"Explosive Potion"},{"floor":37,"key":"SpeedPotion"},{"floor":38,"key":"PowerPotion"},{"floor":40,"key":"Explosive Potion"},{"floor":47,"key":"Strength Potion"}],"is_trial":false,"path_per_floor":["M","M","?","M","?","R","M","R","T","$","M","M","$","M","R","B",null,"M","M","$","M","?","R","M","R","T","M","R","M","M","M","R","B",null,"M","?","M","M","$","E","R","$","T","M","?","M","M","$","R","B",null],"character_chosen":"IRONCLAD","items_purchased":["Shrug It Off","Metallicize","Metallicize","Apotheosis","Body Slam","Uppercut"],"campfire_rested":2,"item_purchase_floors":[10,20,39,42,42,48],"current_hp_per_floor":[80,79,63,61,61,61,58,58,58,58,60,66,66,71,71,33,80,63,65,65,71,71,71,64,64,64,75,75,81,85,85,85,53,85,85,85,85,77,77,61,85,85,85,85,85,85,85,85,85,65],"gold":47,"neow_bonus":"","is_prod":false,"is_daily":false,"chose_seed":false,"campfire_upgraded":7,"win_rate":0.0,"timestamp":1561561148,"path_taken":["M","?","?","M","?","R","?","R","T","?","M","M","$","M","R","BOSS","M","M","$","M","?","R","M","R","T","M","R","M","M","M","R","BOSS","M","?","?","M","$","E","R","$","T","M","?","M","M","?","R","BOSS"],"build_version":"2019-01-23","purchased_purges":2,"victory":true,"max_hp_per_floor":[80,80,80,80,80,80,80,80,80,80,80,80,80,80,80,80,80,80,80,80,80,80,80,80,80,80,85,85,85,85,85,85,85,85,85,85,85,85,85,85,85,85,85,85,85,85,85,85,85,85],"card_choices":[{"not_picked":["Thunderclap","Twin Strike"],"picked":"Body Slam","floor":1.0},{"not_picked":["Warcry","Anger","Perfected Strike"],"picked":"SKIP","floor":2.0},{"not_picked":["Twin Strike","Corruption"],"picked":"Fire Breathing","floor":4.0},{"not_picked":["Burning Pact","Hemokinesis"],"picked":"Armaments","floor":7.0},{"not_picked":["Iron Wave","Flex"],"picked":"Flame Barrier","floor":11.0},{"not_picked":["Anger","Cleave"],"picked":"Metallicize","floor":12.0},{"not_picked":["Twin Strike","Pommel Strike"],"picked":"Fire Breathing","floor":14.0},{"not_picked":["Feed","Offering"],"picked":"Impervious","floor":16.0},{"not_picked":["Body Slam","Headbutt","Thunderclap"],"picked":"SKIP","floor":18.0},{"not_picked":["Clash+1","Thunderclap","Cleave+1"],"picked":"SKIP","floor":19.0},{"not_picked":["Battle Trance","Dual Wield"],"picked":"Metallicize","floor":21.0},{"not_picked":["Power Through+1","Cleave"],"picked":"Shrug It Off","floor":24.0},{"not_picked":["Clash+1","Thunderclap+1"],"picked":"Entrench+1","floor":27.0},{"not_picked":["Blood for Blood","Corruption+1"],"picked":"Reaper","floor":29},{"not_picked":["Anger+1","Clash+1"],"picked":"Body Slam","floor":30},{"not_picked":["Dual Wield","Carnage+1"],"picked":"Flame Barrier+1","floor":31},{"not_picked":["Brutality","Reaper"],"picked":"Impervious","floor":33},{"not_picked":["True Grit+1","Pommel Strike+1"],"picked":"Disarm+1","floor":35},{"not_picked":["Iron Wave+1","True Grit+1"],"picked":"Body Slam+1","floor":37},{"not_picked":["Anger+1","Warcry"],"picked":"Feel No Pain+1","floor":38},{"not_picked":["Twin Strike","Feed"],"picked":"Disarm","floor":40},{"not_picked":["Pummel+1","Feel No Pain+1"],"picked":"Ghostly Armor+1","floor":44},{"not_picked":["Hemokinesis","Headbutt","Feel No Pain"],"picked":"SKIP","floor":46},{"not_picked":["Armaments","Combust+1","Sword Boomerang+1"],"picked":"SKIP","floor":47}],"player_experience":0,"relics_obtained":[{"floor":9.0,"key":"Mummified Hand"},{"floor":26.0,"key":"Calipers"},{"floor":40,"key":"Matryoshka"},{"floor":43,"key":"Whetstone"},{"floor":43,"key":"War Paint"},{"floor":45,"key":"Bird Faced Urn"}],"event_choices":[{"damage_healed":0.0,"max_hp_gain":0.0,"max_hp_loss":0.0,"gold_gain":0.0,"event_name":"Shining Light","player_choice":"Entered Light","floor":3.0,"gold_loss":0.0,"damage_taken":16.0,"cards_upgraded":["Strike_R","Strike_R"]},{"damage_healed":0.0,"max_hp_gain":0.0,"max_hp_loss":0.0,"gold_gain":0.0,"event_name":"WeMeetAgain","player_choice":"Gave Potion","floor":5.0,"gold_loss":0.0,"damage_taken":0.0,"relics_obtained":["Pantograph"]},{"damage_healed":0.0,"max_hp_gain":0.0,"max_hp_loss":0.0,"gold_gain":0.0,"event_name":"The Library","player_choice":"Read","floor":22.0,"gold_loss":0.0,"damage_taken":0.0,"cards_obtained":["Shockwave"]},{"cards_removed":["Fire Breathing"],"damage_healed":0,"gold_gain":0,"player_choice":"Offered Uncommon","damage_taken":0,"max_hp_gain":0,"max_hp_loss":0,"event_name":"Bonfire Elementals","floor":36,"gold_loss":0},{"damage_healed":0,"gold_gain":0,"player_choice":"Fight","damage_taken":0,"max_hp_gain":0,"max_hp_loss":0,"event_name":"Mysterious Sphere","floor":45,"gold_loss":0}],"is_beta":false,"boss_relics":[{"not_picked":["Runic Pyramid","Tiny House"],"picked":"Empty Cage"},{"not_picked":["Velvet Choker","Runic Cube"],"picked":"Fusion Hammer"}],"items_purged_floors":[10,42],"is_endless":false,"potions_floor_spawned":[1,2,14,18,19,24,30,37,38,40,47],"ascension_level":0}