{"gold_per_floor":[111,39,39,55,71,71,106,106,106,125,159,234,234,234],"floor_reached":14,"playtime":363,"items_purged":[],"score":147,"play_id":"a9597c15-98aa-4cbe-90ab-9c827f6d67dd","local_time":"20190325213915","is_ascension_mode":true,"campfire_choices":[{"data":"Footwork","floor":6,"key":"SMITH"},{"data":"Noxious Fumes","floor":8,"key":"SMITH"}],"neow_cost":"NONE","seed_source_timestamp":512470328077117,"circlet_count":0,"master_deck":["AscendersBane","Defend_G","Defend_G","Defend_G","Defend_G","Defend_G","Strike_G","Strike_G","Strike_G","Strike_G","Strike_G","Survivor","Neutralize","Quick Slash","Footwork+1","Blade Dance","Dodge and Roll+1","Noxious Fumes+1","Burst"],"relics":["Ring of the Snake","Golden Idol","Bottled Tornado","Gremlin Horn","Torii"],"potions_floor_usage":[7,14],"damage_taken":[{"damage":0,"enemies":"Cultist","floor":1,"turns":4},{"damage":4,"enemies":"Small Slimes","floor":4,"turns":4},{"damage":0,"enemies":"Jaw Worm","floor":5,"turns":4},{"damage":20,"enemies":"3 Sentries","floor":7,"turns":7},{"damage":11,"enemies":"3 Louse","floor":10,"turns":5},{"damage":14,"enemies":"Lagavulin","floor":11,"turns":10},{"damage":0,"enemies":"Exordium Wildlife","floor":14,"turns":4}],"seed_played":"-5407155975042611848","potions_obtained":[{"floor":1,"key":"PowerPotion"},{"floor":11,"key":"EssenceOfSteel"}],"is_trial":false,"path_per_floor":["M","$","?","M","M","R","E","R","T","M","E","?","?","M"],"character_chosen":"THE_SILENT","items_purchased":["Footwork"],"campfire_rested":0,"item_purchase_floors":[2],"current_hp_per_floor":[70,70,70,66,66,66,46,46,46,35,21,10,10,10],"gold":234,"neow_bonus":"TEN_PERCENT_HP_BONUS","is_prod":false,"is_daily":false,"chose_seed":false,"campfire_upgraded":2,"win_rate":0,"timestamp":1553571555,"path_taken":["M","?","?","M","M","R","E","R","T","M","E","?","?","M"],"build_version":"2019-01-23","purchased_purges":0,"victory":false,"max_hp_per_floor":[77,77,71,71,71,71,71,71,71,71,71,71,71,71],"card_choices":[{"not_picked":["Concentrate","Slice"],"picked":"Quick Slash","floor":1},{"not_picked":["Backflip","Quick Slash"],"picked":"Blade Dance","floor":4},{"not_picked":["Reflex","Poisoned Stab"],"picked":"Dodge and Roll","floor":5},{"not_picked":["Slice","Blur"],"picked":"Noxious Fumes","floor":7},{"not_picked":["Outmaneuver","Underhanded Strike","Flying Knee"],"picked":"SKIP","floor":10},{"not_picked":["Bane","Escape Plan"],"picked":"Burst","floor":11}],"player_experience":457673,"relics_obtained":[{"floor":7,"key":"Bottled Tornado"},{"floor":9,"key":"Gremlin Horn"},{"floor":11,"key":"Torii"}],"event_choices":[{"damage_healed":0,"gold_gain":0,"player_choice":"Lose Max HP","damage_taken":0,"relics_obtained":["Golden Idol"],"max_hp_gain":0,"max_hp_loss":6,"event_name":"Golden Idol","floor":3,"gold_loss":0},{"damage_healed":0,"gold_gain":75,"player_choice":"Gather Gold","damage_taken":11,"max_hp_gain":0,"max_hp_loss":0,"event_name":"World of Goop","floor":12,"gold_loss":0},{"damage_healed":0,"gold_gain":0,"player_choice":"Grow","damage_taken":0,"max_hp_gain":0,"max_hp_loss":0,"event_name":"Living Wall","floor":13,"gold_loss":0,"cards_upgraded":["Dodge and Roll"]}],"is_beta":false,"boss_relics":[],"items_purged_floors":[],"is_endless":false,"potions_floor_spawned":[1,11],"killed_by":"Exordium Wildlife","ascension_level":10}