{"gold_per_floor":[111,111,111,126,51,51,95,95,95,95,129,148,148,71,71,195,195,210,135,35,35,35],"floor_reached":22,"playtime":661,"items_purged":["Strike_G","Strike_G"],"score":301,"play_id":"fa1d3ea0-9d73-4729-8663-b80acc310655","local_time":"20190404202438","is_ascension_mode":true,"campfire_choices":[{"data":"Bouncing Flask","floor":6,"key":"SMITH"},{"floor":10,"key":"REST"},{"floor":13,"key":"REST"},{"data":"Caltrops","floor":15,"key":"SMITH"}],"neow_cost":"NONE","seed_source_timestamp":783600992618669,"circlet_count":0,"master_deck":["AscendersBane","Defend_G","Defend_G","Defend_G","Defend_G","Defend_G","Strike_G","Strike_G","Survivor","Neutralize","Bouncing Flask+1","Caltrops+1","Deflect","Dagger Throw","Deadly Poison","Blade Dance","Well Laid Plans","Envenom","Infinite Blades","Footwork","Dagger Throw","Backflip"],"relics":["Ring of the Snake","Lantern","Golden Idol","Dream Catcher","Bottled Tornado","Letter Opener","Tough Bandages","Orrery"],"potions_floor_usage":[11,22],"damage_taken":[{"damage":0,"enemies":"2 Louse","floor":1,"turns":3},{"damage":0,"enemies":"Jaw Worm","floor":4,"turns":3},{"damage":51,"enemies":"3 Sentries","floor":7,"turns":15},{"damage":26,"enemies":"Lagavulin","floor":11,"turns":5},{"damage":0,"enemies":"Cultist","floor":12,"turns":2},{"damage":9,"enemies":"Hexaghost","floor":16,"turns":7},{"damage":19,"enemies":"Shell Parasite","floor":18,"turns":5},{"damage":23,"enemies":"Colosseum Slavers","floor":22,"turns":5},{"damage":30,"enemies":"Colosseum Nobs","floor":22,"turns":4}],"seed_played":"2991786096238924619","potions_obtained":[{"floor":1,"key":"Ancient Potion"},{"floor":7,"key":"AttackPotion"},{"floor":16,"key":"Energy Potion"}],"is_trial":false,"path_per_floor":["M","?","?","M","$","R","E","T","T","R","E","M","R","$","R","B",null,"M","?","$","?","?"],"character_chosen":"THE_SILENT","items_purchased":["Well Laid Plans"],"campfire_rested":2,"item_purchase_floors":[14],"current_hp_per_floor":[63,63,68,68,68,68,17,17,17,38,12,12,33,33,33,24,59,40,40,40,63,10],"gold":35,"neow_bonus":"RANDOM_COMMON_RELIC","is_prod":false,"is_daily":false,"chose_seed":false,"campfire_upgraded":2,"win_rate":0,"timestamp":1554431078,"path_taken":["M","?","?","M","$","R","E","?","T","R","E","M","R","$","R","BOSS","M","?","$","?","?"],"build_version":"2019-01-23","purchased_purges":2,"victory":false,"max_hp_per_floor":[70,65,70,70,70,70,70,70,70,70,70,70,70,70,70,70,70,70,70,70,70,70],"card_choices":[{"not_picked":["Dagger Spray","Outmaneuver"],"picked":"Bouncing Flask","floor":1},{"not_picked":["Acrobatics","Sucker Punch","Outmaneuver"],"picked":"SKIP","floor":4},{"not_picked":["Accuracy","Eviscerate"],"picked":"Caltrops","floor":7},{"not_picked":["Acrobatics","Dagger Spray"],"picked":"Deflect","floor":10},{"not_picked":["Underhanded Strike","Backflip"],"picked":"Dagger Throw","floor":11},{"not_picked":["Burst","Acrobatics"],"picked":"Deadly Poison","floor":12},{"not_picked":["Skewer","Slice"],"picked":"Blade Dance","floor":13},{"not_picked":["Corpse Explosion","Glass Knife"],"picked":"Envenom","floor":16},{"not_picked":["Acrobatics","All Out Attack"],"picked":"Infinite Blades","floor":17},{"not_picked":["PiercingWail","Expertise"],"picked":"Footwork","floor":17},{"not_picked":["Terror","Acrobatics"],"picked":"Dagger Throw","floor":17},{"not_picked":["Calculated Gamble","All Out Attack"],"picked":"Backflip","floor":18}],"player_experience":493553,"relics_obtained":[{"floor":7,"key":"Dream Catcher"},{"floor":8,"key":"Bottled Tornado"},{"floor":9,"key":"Letter Opener"},{"floor":11,"key":"Tough Bandages"}],"event_choices":[{"damage_healed":0,"gold_gain":0,"player_choice":"Lose Max HP","damage_taken":0,"relics_obtained":["Golden Idol"],"max_hp_gain":0,"max_hp_loss":5,"event_name":"Golden Idol","floor":2,"gold_loss":0},{"damage_healed":0,"gold_gain":0,"player_choice":"Donut","damage_taken":0,"max_hp_gain":5,"max_hp_loss":0,"event_name":"Big Fish","floor":3,"gold_loss":0},{"cards_removed":["Strike_G"],"damage_healed":0,"gold_gain":0,"player_choice":"Gave Gold","damage_taken":0,"max_hp_gain":0,"max_hp_loss":0,"event_name":"Beggar","floor":19,"gold_loss":75},{"damage_healed":23,"gold_gain":0,"player_choice":"Heal","damage_taken":0,"max_hp_gain":0,"max_hp_loss":0,"event_name":"The Library","floor":21,"gold_loss":0},{"damage_healed":0,"gold_gain":0,"player_choice":"Fight","damage_taken":0,"max_hp_gain":0,"max_hp_loss":0,"event_name":"Colosseum","floor":22,"gold_loss":0},{"damage_healed":0,"gold_gain":0,"player_choice":"Fought Nobs","damage_taken":0,"max_hp_gain":0,"max_hp_loss":0,"event_name":"Colosseum","floor":22,"gold_loss":0}],"is_beta":false,"boss_relics":[{"not_picked":["Calling Bell","White Beast Statue"],"picked":"Orrery"}],"items_purged_floors":[5,20],"is_endless":false,"potions_floor_spawned":[1,7,16,18,22],"killed_by":"Colosseum Nobs","ascension_level":12}