{"path_per_floor":["M","?","M","?","M","E","R","E","T","M","R","M","M","M","R","B",null,"M","M","?","M","$","R","$","E","T","?","M","R","E","$","R","B",null,"M","?","?","T","$","R","E","M","T","R","?","M","E","M","R","B"],"character_chosen":"IRONCLAD","items_purchased":["Bludgeon","Bludgeon","Dead Branch","Impervious"],"gold_per_floor":[115,85,104,104,118,143,143,178,178,195,195,212,225,245,245,350,350,361,374,374,384,244,244,106,140,167,167,178,178,512,39,39,143,143,163,163,0,53,53,53,85,97,123,123,123,135,160,173,173,173],"floor_reached":51,"campfire_rested":3,"playtime":2722,"current_hp_per_floor":[78,78,78,78,80,54,54,30,30,27,51,30,21,19,43,8,80,75,80,80,80,80,80,80,69,69,69,77,77,70,70,70,57,91,91,80,80,80,80,80,80,86,86,86,86,84,71,71,95,38],"items_purged":[],"gold":173,"score":941,"play_id":"a14a9878-0a79-4f99-8262-cf27e558554c","local_time":"20180311115708","is_prod":false,"is_daily":false,"is_ascension_mode":true,"campfire_upgraded":6,"timestamp":1520783828,"path_taken":["M","?","M","?","?","E","R","E","T","M","R","M","M","M","R","BOSS","M","M","?","M","$","R","$","E","T","?","M","R","E","?","R","BOSS","M","?","?","?","?","R","E","M","T","R","?","M","E","?","R","BOSS"],"build_version":"2018-03-08-BETA","purchased_purges":1,"victory":true,"master_deck":["Strike_R","Strike_R","Strike_R","Strike_R","Strike_R","Defend_R","Defend_R","Defend_R","Bash+1","Perfected Strike","Thunderclap","Barricade","Perfected Strike","Corruption","Searing Blow","Armaments+1","Fiend Fire+1","Perfected Strike","Bludgeon+1","Bludgeon+1","Entrench","Impervious+1","Perfected Strike","Madness","Madness","Sever Soul+1","Bludgeon","Reaper"],"max_hp_per_floor":[80,80,80,80,80,80,80,80,80,80,80,80,80,80,80,80,80,80,80,80,80,80,80,80,82,82,82,84,84,86,86,86,91,91,91,91,91,91,91,91,93,93,93,93,93,93,93,95,95,98],"relics":["Burning Blood","Art of War","Vajra","Centennial Puzzle","Snecko Eye","Singing Bowl","Omamori","Old Coin","Dead Branch","Mark of Pain","Red Mask","Bag of Marbles","Ancient Tea Set","Blood Vial","Pen Nib"],"card_choices":[{"not_picked":["Sentinel","Iron Wave"],"picked":"Perfected Strike"},{"not_picked":["Bloodletting","Wild Strike"],"picked":"Thunderclap"},{"not_picked":["Havoc","Battle Trance"],"picked":"Barricade"},{"not_picked":["Second Wind","Havoc"],"picked":"Perfected Strike"},{"not_picked":["Body Slam","Iron Wave"],"picked":"Corruption"},{"not_picked":["Anger","Sentinel"],"picked":"Searing Blow"},{"not_picked":["Iron Wave","Wild Strike"],"picked":"Armaments"},{"not_picked":["Reaper","Limit Break"],"picked":"Fiend Fire"},{"not_picked":["Body Slam","Clash"],"picked":"True Grit"},{"not_picked":["Sentinel","Twin Strike"],"picked":"Perfected Strike"},{"not_picked":["Flex","Power Through"],"picked":"Sever Soul"},{"not_picked":["Seeing Red","Evolve"],"picked":"Bludgeon"},{"not_picked":["Pommel Strike","Flex"],"picked":"Reaper"}],"player_experience":584110,"potions_floor_usage":[47,47,50],"damage_taken":[{"damage":8.0,"enemies":"2 Louse","floor":1.0,"turns":3.0},{"damage":6.0,"enemies":"Cultist","floor":3.0,"turns":4.0},{"damage":2.0,"enemies":"Jaw Worm","floor":5.0,"turns":3.0},{"damage":32.0,"enemies":"Gremlin Nob","floor":6.0,"turns":4.0},{"damage":30.0,"enemies":"Lagavulin","floor":8.0,"turns":7.0},{"damage":9.0,"enemies":"2 Fungi Beasts","floor":10.0,"turns":3.0},{"damage":27.0,"enemies":"Exordium Thugs","floor":12.0,"turns":5.0},{"damage":15.0,"enemies":"Lots of Slimes","floor":13.0,"turns":4.0},{"damage":8.0,"enemies":"Blue Slaver","floor":14.0,"turns":2.0},{"damage":56.0,"enemies":"Hexaghost","floor":16.0,"turns":8.0},{"damage":11,"enemies":"Chosen","floor":18,"turns":3},{"damage":1,"enemies":"3 Byrds","floor":19,"turns":4},{"damage":0,"enemies":"3 Cultists","floor":21,"turns":3},{"damage":19,"enemies":"Book of Stabbing","floor":25,"turns":3},{"damage":0,"enemies":"Snecko","floor":28,"turns":2},{"damage":15,"enemies":"Slavers","floor":30,"turns":3},{"damage":24,"enemies":"Automaton","floor":33,"turns":9},{"damage":0,"enemies":"3 Darklings","floor":35,"turns":3},{"damage":8,"enemies":"2 Orb Walkers","floor":41,"turns":2},{"damage":0,"enemies":"Flame Bruiser 1 Orb","floor":42,"turns":2},{"damage":16,"enemies":"4 Shapes","floor":46,"turns":3},{"damage":21,"enemies":"Nemesis","floor":47,"turns":3},{"damage":17,"enemies":"Maw","floor":48,"turns":5},{"damage":76,"enemies":"Donu and Deca","floor":50,"turns":6}],"event_choices":[{"event_name":"The Woman in Blue","player_choice":"Bought 2 Potions","floor":2.0,"damage_taken":0.0},{"event_name":"Purifier","player_choice":"One Purge","floor":4.0,"damage_taken":0.0},{"event_name":"Duplicator","player_choice":"One dupe","floor":20,"damage_taken":0},{"event_name":"The Library","player_choice":"Read","floor":27,"damage_taken":0},{"event_name":"Winding Halls","player_choice":"Embrace Madness","floor":36,"damage_taken":0},{"event_name":"Tomb of Lord Red Mask","player_choice":"Paid","floor":37,"damage_taken":0}],"boss_relics":[{"not_picked":["Runic Pyramid","Eternal Feather"],"picked":"Snecko Eye"},{"not_picked":["Calling Bell","Velvet Choker"],"picked":"Mark of Pain"}],"potions_floor_spawned":[3,5,10,13,18,25,30,35,46],"seed_played":"-5855585166100040029","ascension_level":3,"is_trial":false}