{"gold_per_floor":[114,127,127,141,156,156,183,183,183,212,212,232,248,265,265,265],"floor_reached":16,"playtime":749,"items_purged":[],"score":194,"play_id":"dfea849b-e451-4e9e-a7a0-8fa08a49f7c8","local_time":"20190829233443","is_ascension_mode":true,"campfire_choices":[{"data":"Bash","floor":6.0,"key":"SMITH"},{"data":"Armaments","floor":8.0,"key":"SMITH"},{"floor":11.0,"key":"REST"},{"floor":15.0,"key":"REST"}],"neow_cost":"NONE","seed_source_timestamp":1309668655764600,"circlet_count":0,"master_deck":["AscendersBane","Strike_R","Strike_R","Strike_R","Strike_R","Defend_R","Defend_R","Defend_R","Defend_R","Bash+1","Ghostly Armor","Cleave","Pommel Strike","Armaments+1","True Grit","Shrug It Off","Reaper"],"special_seed":0,"relics":["Burning Blood","Bottled Lightning","Shovel","Unceasing Top"],"potions_floor_usage":[16],"damage_taken":[{"damage":6.0,"enemies":"2 Louse","floor":1.0,"turns":4.0},{"damage":3.0,"enemies":"Jaw Worm","floor":2.0,"turns":4.0},{"damage":3.0,"enemies":"Small Slimes","floor":4.0,"turns":4.0},{"damage":13.0,"enemies":"Exordium Wildlife","floor":5.0,"turns":5.0},{"damage":30.0,"enemies":"3 Sentries","floor":7.0,"turns":9.0},{"damage":35.0,"enemies":"Lagavulin","floor":10.0,"turns":9.0},{"damage":33.0,"enemies":"Gremlin Gang","floor":12.0,"turns":5.0},{"damage":0.0,"enemies":"Large Slime","floor":13.0,"turns":6.0},{"damage":11.0,"enemies":"Looter","floor":14.0,"turns":3.0},{"damage":58,"enemies":"Slime Boss","floor":16,"turns":11}],"seed_played":"941614487129860480","potions_obtained":[{"floor":1.0,"key":"EssenceOfSteel"},{"floor":10.0,"key":"Ancient Potion"},{"floor":12.0,"key":"AttackPotion"}],"is_trial":false,"path_per_floor":["M","M","?","M","M","R","E","R","T","E","R","M","M","M","R","B"],"character_chosen":"IRONCLAD","items_purchased":[],"campfire_rested":2,"item_purchase_floors":[],"current_hp_per_floor":[75,78,78,81,74,74,50,50,50,21,45,18,24,19,43,0],"gold":265,"neow_bonus":"TEN_PERCENT_HP_BONUS","is_prod":false,"is_daily":false,"chose_seed":false,"campfire_upgraded":2,"win_rate":0,"timestamp":1567146883,"path_taken":["M","M","?","M","M","R","E","R","T","E","R","M","M","M","R","BOSS"],"build_version":"2019-07-17","purchased_purges":0,"victory":false,"max_hp_per_floor":[82,82,82,82,82,82,82,82,82,82,82,82,82,82,82,82],"card_choices":[{"not_picked":["Pommel Strike","Sword Boomerang"],"picked":"Ghostly Armor","floor":1.0},{"not_picked":["Seeing Red","Heavy Blade","Rupture"],"picked":"SKIP","floor":2.0},{"not_picked":["Shrug It Off","Twin Strike"],"picked":"Cleave","floor":4.0},{"not_picked":["Dropkick","Hemokinesis"],"picked":"Pommel Strike","floor":5.0},{"not_picked":["Combust","Flex"],"picked":"Armaments","floor":7.0},{"not_picked":["Evolve","Clothesline"],"picked":"True Grit","floor":10.0},{"not_picked":["Searing Blow","Bloodletting"],"picked":"Shrug It Off","floor":12.0},{"not_picked":["Shrug It Off","Hemokinesis"],"picked":"Reaper","floor":13.0},{"not_picked":["Armaments","Body Slam","Warcry"],"picked":"SKIP","floor":14.0}],"player_experience":1344005,"relics_obtained":[{"floor":7.0,"key":"Bottled Lightning"},{"floor":9.0,"key":"Shovel"},{"floor":10.0,"key":"Unceasing Top"}],"event_choices":[{"cards_removed":["Strike_R"],"damage_healed":0.0,"max_hp_gain":0.0,"max_hp_loss":0.0,"gold_gain":0.0,"event_name":"Living Wall","player_choice":"Forget","floor":3.0,"gold_loss":0.0,"damage_taken":0.0}],"is_beta":false,"boss_relics":[],"items_purged_floors":[],"is_endless":false,"potions_floor_spawned":[1,10,12],"killed_by":"Slime Boss","ascension_level":14}