{"gold_per_floor":[110,110,110,10,23,23,57,57,84,84,99,99,113,128,128,228,228,214,214],"floor_reached":19,"playtime":1065,"items_purged":["Strike_P"],"score":192,"play_id":"631c0235-ec88-44cd-ba95-ec37fa2cc8d9","local_time":"20190920163523","is_ascension_mode":false,"campfire_choices":[{"data":"Eruption","floor":6,"key":"SMITH"},{"data":"Vigilance","floor":8,"key":"SMITH"},{"data":"ThirdEye","floor":10,"key":"SMITH"},{"data":"Devotion","floor":15,"key":"SMITH"}],"neow_cost":"NONE","seed_source_timestamp":1684298128800,"circlet_count":0,"master_deck":["Strike_P","Strike_P","Defend_P","Defend_P","Defend_P","Defend_P","Eruption+1","Vigilance+1","ThirdEye+1","EmptyFist","EmptyFist","Wireheading","ThirdEye","FollowUp","Devotion+1","Unraveling","CrushJoints"],"relics":["HolyWater","NeowsBlessing","Bronze Scales","Smiling Mask","Melange"],"potions_floor_usage":[14,16,16],"damage_taken":[{"damage":0,"enemies":"2 Louse","floor":1,"turns":1},{"damage":0,"enemies":"Cultist","floor":5,"turns":1},{"damage":0,"enemies":"Lagavulin","floor":7,"turns":1},{"damage":0,"enemies":"Small Slimes","floor":11,"turns":3},{"damage":0,"enemies":"2 Fungi Beasts","floor":13,"turns":2},{"damage":1,"enemies":"Large Slime","floor":14,"turns":6},{"damage":49,"enemies":"The Guardian","floor":16,"turns":11},{"damage":8,"enemies":"2 Thieves","floor":18,"turns":4},{"damage":0,"enemies":"Spheric Guardian","floor":19,"turns":3}],"seed_played":"8091324484181460248","potions_obtained":[{"floor":7,"key":"SpeedPotion"},{"floor":11,"key":"StancePotion"},{"floor":14,"key":"Strength Potion"}],"is_trial":false,"path_per_floor":["M","?","?","$","M","R","E","R","T","R","M","?","M","M","R","B",null,"M","M"],"character_chosen":"WATCHER","items_purchased":["EmptyFist"],"campfire_rested":0,"item_purchase_floors":[4],"current_hp_per_floor":[65,58,58,58,58,58,58,58,58,58,58,58,58,57,57,8,65,57,57],"gold":214,"neow_bonus":"THREE_ENEMY_KILL","is_prod":false,"is_daily":false,"chose_seed":false,"campfire_upgraded":4,"win_rate":0.0,"timestamp":1568993723,"path_taken":["M","?","?","$","M","R","E","R","T","R","?","?","M","M","R","BOSS","M","M"],"build_version":"2019-09-19","purchased_purges":1,"victory":false,"max_hp_per_floor":[65,65,65,65,65,65,65,65,65,65,65,65,65,65,65,65,65,65,65],"card_choices":[{"not_picked":["CrushJoints","FlowState"],"picked":"ThirdEye","floor":1},{"not_picked":["Sanctity","Consecrate"],"picked":"EmptyFist","floor":5},{"not_picked":["SashWhip","Blasphemy"],"picked":"Wireheading","floor":7},{"not_picked":["ClearTheMind","Collect"],"picked":"ThirdEye","floor":11},{"not_picked":["Worship","Wireheading"],"picked":"FollowUp","floor":13},{"not_picked":["FlyingSleeves","Weave"],"picked":"Devotion","floor":14},{"not_picked":["Alpha","Ragnarok"],"picked":"Unraveling","floor":16},{"not_picked":["Tantrum","ClearTheMind"],"picked":"CrushJoints","floor":18}],"player_experience":217839,"relics_obtained":[{"floor":7,"key":"Smiling Mask"},{"floor":9,"key":"Melange"}],"event_choices":[{"damage_healed":0,"gold_gain":0,"player_choice":"Success","damage_taken":7,"relics_obtained":["Bronze Scales"],"max_hp_gain":0,"max_hp_loss":0,"event_name":"Scrap Ooze","floor":2,"gold_loss":0},{"cards_removed":["Strike_P"],"damage_healed":0,"gold_gain":0,"player_choice":"Offered Basic","damage_taken":0,"max_hp_gain":0,"max_hp_loss":0,"event_name":"Bonfire Elementals","floor":3,"gold_loss":0},{"damage_healed":0,"gold_gain":0,"player_choice":"Ignored","damage_taken":0,"max_hp_gain":0,"max_hp_loss":0,"event_name":"Liars Game","floor":12,"gold_loss":0}],"is_beta":true,"boss_relics":[{"not_picked":["Tiny House","SlaversCollar"],"picked":"HolyWater"}],"items_purged_floors":[4],"is_endless":false,"potions_floor_spawned":[7,11,14],"killed_by":"Spheric Guardian","ascension_level":0}