{"gold_per_floor":[112,122,72,72,86,121,121,151,175,25,25,25,40,99,99,194,194,209,209,134,34,34,34,34],"floor_reached":24,"playtime":764,"items_purged":["Strike_P","Strike_P"],"score":263,"play_id":"abc1c90f-2b99-4068-9d54-cff6713cdada","local_time":"20190912215803","is_ascension_mode":true,"campfire_choices":[{"data":"Nirvana","floor":7.0,"key":"SMITH"},{"floor":15.0,"key":"REST"},{"floor":23.0,"key":"REST"}],"neow_cost":"NONE","seed_source_timestamp":6026525445186,"circlet_count":0,"master_deck":["Defend_P","Defend_P","Defend_P","Defend_P","Eruption","Vigilance","FollowUp","FlyingSleeves","Weave","Nirvana+1","EmptyFist","WreathOfFlame","ClearTheMind","SignatureMove","CleanseEvil"],"special_seed":0,"relics":["PureWater","NeowsBlessing","Orichalcum","Art of War","Oddly Smooth Stone","Happy Flower","Nunchaku","Tiny Chest","Fusion Hammer","Dodecahedron"],"potions_floor_usage":[24],"damage_taken":[{"damage":0.0,"enemies":"2 Louse","floor":1.0,"turns":1.0},{"damage":0.0,"enemies":"Small Slimes","floor":2.0,"turns":1.0},{"damage":0.0,"enemies":"Jaw Worm","floor":5.0,"turns":1.0},{"damage":25.0,"enemies":"3 Sentries","floor":6.0,"turns":6.0},{"damage":25.0,"enemies":"Gremlin Nob","floor":8.0,"turns":4.0},{"damage":0.0,"enemies":"Exordium Thugs","floor":13.0,"turns":5.0},{"damage":11.0,"enemies":"Lagavulin","floor":14.0,"turns":5.0},{"damage":16.0,"enemies":"The Guardian","floor":16.0,"turns":12.0},{"damage":21.0,"enemies":"Shell Parasite","floor":18.0,"turns":5.0},{"damage":53,"enemies":"Gremlin Leader","floor":24,"turns":6}],"seed_played":"1340520626600498738","potions_obtained":[{"floor":2.0,"key":"EssenceOfSteel"},{"floor":5.0,"key":"Regen Potion"},{"floor":8.0,"key":"EntropicBrew"},{"floor":14.0,"key":"FearPotion"},{"floor":18.0,"key":"Dexterity Potion"}],"is_trial":false,"path_per_floor":["M","M","?","?","M","E","R","E","T","$","?","$","M","E","R","B",null,"M","T","$","$","?","R","E"],"character_chosen":"WATCHER","items_purchased":["Happy Flower"],"campfire_rested":2,"item_purchase_floors":[10],"current_hp_per_floor":[65,65,65,58,58,47,47,22,22,22,22,22,22,11,30,14,52,31,31,31,31,31,50,0],"gold":34,"neow_bonus":"THREE_ENEMY_KILL","is_prod":false,"is_daily":false,"chose_seed":false,"campfire_upgraded":1,"win_rate":0,"timestamp":1568293083,"path_taken":["M","M","?","?","M","E","R","E","T","$","?","?","M","E","R","BOSS","M","?","?","$","?","R","E"],"build_version":"2019-09-11v2","purchased_purges":2,"victory":false,"max_hp_per_floor":[65,65,65,65,65,65,65,65,65,65,65,65,65,65,65,65,65,65,65,65,65,65,65,65],"card_choices":[{"not_picked":["EmptyMind","Meditate"],"picked":"FollowUp","floor":1.0},{"not_picked":["Prostrate","EmptyFist"],"picked":"FlyingSleeves","floor":2.0},{"not_picked":["PathToVictory","Consecrate"],"picked":"Weave","floor":5.0},{"not_picked":["TalkToTheHand","CleanseEvil"],"picked":"Nirvana","floor":6.0},{"not_picked":["Clarity","EmptyMind"],"picked":"EmptyFist","floor":8.0},{"not_picked":["WaveOfTheHand","EmptyBody"],"picked":"WreathOfFlame","floor":13.0},{"not_picked":["TalkToTheHand","Collect"],"picked":"ClearTheMind","floor":14.0},{"not_picked":["Blasphemy","ReachHeaven"],"picked":"SignatureMove","floor":16.0},{"not_picked":["FollowUp","Collect"],"picked":"CleanseEvil","floor":18.0}],"player_experience":611182,"relics_obtained":[{"floor":6.0,"key":"Orichalcum"},{"floor":8.0,"key":"Art of War"},{"floor":9.0,"key":"Oddly Smooth Stone"},{"floor":14.0,"key":"Tiny Chest"},{"floor":19.0,"key":"Dodecahedron"}],"event_choices":[{"cards_removed":["Strike_P"],"damage_healed":0.0,"max_hp_gain":0.0,"max_hp_loss":0.0,"gold_gain":0.0,"event_name":"The Cleric","player_choice":"Card Removal","floor":3.0,"gold_loss":50.0,"damage_taken":0.0},{"cards_removed":["Strike_P"],"damage_healed":0.0,"max_hp_gain":0.0,"max_hp_loss":0.0,"gold_gain":0.0,"event_name":"Golden Wing","player_choice":"Card Removal","floor":4.0,"gold_loss":0.0,"damage_taken":7.0},{"damage_healed":0.0,"max_hp_gain":0.0,"max_hp_loss":0.0,"gold_gain":0.0,"event_name":"Dead Adventurer","player_choice":"Searched \u00271\u0027 times","floor":11.0,"gold_loss":0.0,"damage_taken":0.0,"relics_obtained":["Nunchaku"]},{"damage_healed":0.0,"max_hp_gain":0.0,"max_hp_loss":0.0,"gold_gain":0.0,"event_name":"Ghosts","player_choice":"Ignored","floor":22.0,"gold_loss":0.0,"damage_taken":0.0}],"is_beta":true,"boss_relics":[{"not_picked":["Runic Dome","Coffee Dripper"],"picked":"Fusion Hammer"}],"items_purged_floors":[20,21],"is_endless":false,"potions_floor_spawned":[2,5,8,14,18],"killed_by":"Gremlin Leader","ascension_level":5}