{"gold_per_floor":[110,110,35,35,50,83,83,110,110,121,139,155,155,255,255,255],"floor_reached":16,"playtime":483,"items_purged":["Strike_R"],"score":230,"play_id":"76d57fe1-b20b-4917-8e1c-e953fbba39d9","local_time":"20190830213317","is_ascension_mode":true,"campfire_choices":[{"data":"Searing Blow","floor":7.0,"key":"SMITH"},{"data":"Searing Blow+1","floor":15.0,"key":"SMITH"}],"neow_cost":"NONE","seed_source_timestamp":1389080105634700,"circlet_count":0,"master_deck":["AscendersBane","Strike_R","Strike_R","Defend_R","Defend_R","Defend_R","Defend_R","Bash","Searing Blow+2","Iron Wave","Power Through","Dual Wield","Armaments"],"special_seed":0,"relics":["Burning Blood","NeowsBlessing","Bottled Lightning","Red Skull","Juzu Bracelet"],"potions_floor_usage":[16,16],"damage_taken":[{"damage":0.0,"enemies":"Cultist","floor":1.0,"turns":1.0},{"damage":0.0,"enemies":"Jaw Worm","floor":5.0,"turns":1.0},{"damage":0.0,"enemies":"3 Sentries","floor":6.0,"turns":2.0},{"damage":34.0,"enemies":"Gremlin Nob","floor":8.0,"turns":5.0},{"damage":5.0,"enemies":"Small Slimes","floor":10.0,"turns":4.0},{"damage":27.0,"enemies":"Exordium Wildlife","floor":11.0,"turns":5.0},{"damage":11.0,"enemies":"Blue Slaver","floor":12.0,"turns":3.0},{"damage":35,"enemies":"Hexaghost","floor":16,"turns":11}],"seed_played":"-6592622531914770244","potions_obtained":[{"floor":6.0,"key":"PowerPotion"},{"floor":10.0,"key":"SpeedPotion"},{"floor":12.0,"key":"Regen Potion"}],"is_trial":false,"path_per_floor":["M","?","$","?","M","E","R","E","T","M","M","M","?","?","R","B"],"character_chosen":"IRONCLAD","items_purchased":[],"campfire_rested":0,"item_purchase_floors":[],"current_hp_per_floor":[74,79,79,79,80,80,80,52,52,53,32,27,20,20,20,0],"gold":255,"neow_bonus":"THREE_ENEMY_KILL","is_prod":false,"is_daily":false,"chose_seed":false,"campfire_upgraded":2,"win_rate":0,"timestamp":1567225997,"path_taken":["M","?","$","?","M","E","R","E","T","M","M","M","?","?","R","BOSS"],"build_version":"2019-07-17","purchased_purges":1,"victory":false,"max_hp_per_floor":[75,80,80,80,80,80,80,80,80,80,80,80,80,80,80,80],"card_choices":[{"not_picked":["Flex","Fire Breathing"],"picked":"Searing Blow","floor":1.0},{"not_picked":["Infernal Blade","Rupture"],"picked":"Power Through","floor":5.0},{"not_picked":["Searing Blow","Havoc","Metallicize"],"picked":"SKIP","floor":6.0},{"not_picked":["Twin Strike","Sever Soul"],"picked":"Dual Wield","floor":8.0},{"not_picked":["Perfected Strike","Twin Strike","Clash"],"picked":"SKIP","floor":10.0},{"not_picked":["Body Slam","Heavy Blade","Wild Strike"],"picked":"SKIP","floor":11.0},{"not_picked":["Body Slam","Iron Wave"],"picked":"Armaments","floor":12.0}],"player_experience":1347768,"relics_obtained":[{"floor":6.0,"key":"Bottled Lightning"},{"floor":8.0,"key":"Red Skull"},{"floor":9.0,"key":"Juzu Bracelet"}],"event_choices":[{"damage_healed":0.0,"max_hp_gain":5.0,"max_hp_loss":0.0,"gold_gain":0.0,"event_name":"Big Fish","player_choice":"Donut","floor":2.0,"gold_loss":0.0,"damage_taken":0.0},{"damage_healed":0.0,"max_hp_gain":0.0,"max_hp_loss":0.0,"gold_gain":0.0,"cards_transformed":["Strike_R"],"event_name":"Transmorgrifier","player_choice":"Transformed","floor":4.0,"gold_loss":0.0,"damage_taken":0.0,"cards_obtained":["Iron Wave"]},{"cards_removed":["Strike_R"],"damage_healed":0.0,"max_hp_gain":0.0,"max_hp_loss":0.0,"gold_gain":0.0,"event_name":"Golden Wing","player_choice":"Card Removal","floor":13.0,"gold_loss":0.0,"damage_taken":7.0},{"damage_healed":0.0,"max_hp_gain":0.0,"max_hp_loss":0.0,"gold_gain":100.0,"event_name":"Golden Shrine","player_choice":"Pray","floor":14.0,"gold_loss":0.0,"damage_taken":0.0}],"is_beta":false,"boss_relics":[],"items_purged_floors":[3],"is_endless":false,"potions_floor_spawned":[6,10,12],"killed_by":"Hexaghost","ascension_level":14}