{"path_per_floor":["M","$","?","?","M","E","M","?","T","M","$","?","E","?","R","B",null,"M","?","M","$","M","R","?","E","T","R","$","M","M","M","R","B",null,"M","?","M","M","$","R","?","R","T","T","M","R","M","M","R","B"],"character_chosen":"IRONCLAD","items_purchased":["Flame Barrier","Regal Pillow","Bag of Marbles","Meat on the Bone","Shockwave","Shuriken","Lantern"],"gold_per_floor":[117,43,43,43,67,403,427,427,451,474,329,367,398,398,398,526,526,539,439,463,313,327,327,327,366,413,413,134,148,173,191,191,314,314,337,337,361,384,0,0,0,30,30,81,99,99,115,139,139,139],"floor_reached":51,"campfire_rested":5,"playtime":86840,"current_hp_per_floor":[80,80,80,80,71,42,40,33,40,46,46,43,33,33,74,44,87,74,74,53,53,12,53,53,14,14,47,47,51,36,46,46,36,60,45,45,37,31,31,60,50,50,50,50,44,44,45,41,60,40],"items_purged":[],"gold":139,"play_id":"d3609bd2-9de1-4784-9132-eb2dd0bd6132","is_prod":false,"is_daily":false,"campfire_rituals":0,"campfire_upgraded":1,"is_hardmode":false,"path_taken":["M","$","?","?","M","E","?","?","T","M","$","?","E","?","R","BOSS","M","?","M","$","M","R","?","E","T","R","$","M","M","M","R","BOSS","M","?","M","M","$","R","?","R","T","?","?","R","?","M","R","BOSS"],"build_version":"2017-12-18-BETA2","purchased_purges":1,"victory":true,"master_deck":["Defend_R","Defend_R","Defend_R","Defend_R","Bash","Double Tap","Spot Weakness","Flame Barrier","Power Through","Barricade","Heavy Blade","Combust","Limit Break","Impervious","Body Slam","J.A.X.","Whirlwind","Shrug It Off","Bite_R","Bite_R","Bite_R","Bite_R","Bite_R","Headbutt","Shockwave","Dual Wield","Thunderclap","Pummel","Demon Form","Heavy Blade","Trip","Twin Strike","Pummel","Madness","Madness","Twin Strike","Clothesline","Spot Weakness"],"max_hp_per_floor":[80,80,80,80,80,80,80,80,87,87,87,87,87,87,87,87,87,87,87,87,87,87,87,60,60,60,60,60,60,60,60,60,60,60,60,60,60,60,60,60,60,60,60,60,60,60,60,60,60,60],"relics":["Burning Blood","Golden Idol","Old Coin","Strawberry","Regal Pillow","Odd Mushroom","Red Skull","Lizard Tail","Bag of Marbles","Shovel","Bag of Preparation","Meat on the Bone","Sozu","Shuriken","Lantern","Tiny Chest","Calipers","Ancient Tea Set","Happy Flower"],"campfire_meditates":0,"card_choices":[{"not_picked":["Wild Strike","Dual Wield"],"picked":"Spot Weakness"},{"not_picked":["Rampage","Pommel Strike"],"picked":"Power Through"},{"not_picked":["Flex","Shrug It Off"],"picked":"Barricade"},{"not_picked":["Corruption","Power Through"],"picked":"Heavy Blade"},{"not_picked":["Pommel Strike","Disarm"],"picked":"Combust"},{"not_picked":["Havoc","Clothesline"],"picked":"Limit Break"},{"not_picked":["Double Tap","Berserk"],"picked":"Impervious"},{"not_picked":["Corruption","Iron Wave"],"picked":"Body Slam"},{"not_picked":["Dual Wield","Reckless Charge"],"picked":"Whirlwind"},{"not_picked":["Second Wind","Pommel Strike"],"picked":"Shrug It Off"},{"not_picked":["Warcry","Bloodletting"],"picked":"Headbutt"},{"not_picked":["Sword Boomerang","Feed"],"picked":"Dual Wield"},{"not_picked":["Shrug It Off","Reckless Charge"],"picked":"Thunderclap"},{"not_picked":["Perfected Strike","Body Slam"],"picked":"Pummel"},{"not_picked":["Juggernaut","Barricade"],"picked":"Demon Form"},{"not_picked":["Whirlwind","Dual Wield"],"picked":"Heavy Blade"},{"not_picked":["Intimidate","Perfected Strike"],"picked":"Twin Strike"},{"not_picked":["Clothesline","Sentinel"],"picked":"Pummel"},{"not_picked":["Pommel Strike","Infernal Blade"],"picked":"Twin Strike"},{"not_picked":["Feel No Pain","Wild Strike"],"picked":"Clothesline"},{"not_picked":["Sentinel","Shockwave"],"picked":"Spot Weakness"}],"player_experience":147398,"potions_floor_usage":[12,16,18,25,33,33],"damage_taken":[{"damage":1,"enemies":"Cultist","floor":1,"turns":3},{"damage":15,"enemies":"Looter","floor":5,"turns":3},{"damage":35,"enemies":"Lagavulin","floor":6,"turns":10},{"damage":8,"enemies":"Jaw Worm","floor":7,"turns":4},{"damage":0,"enemies":"Exordium Wildlife","floor":10,"turns":5},{"damage":9,"enemies":"The Mushroom Lair","floor":12,"turns":4},{"damage":16,"enemies":"3 Sentries","floor":13,"turns":6},{"damage":36,"enemies":"Slime Boss","floor":16,"turns":9},{"damage":19,"enemies":"3 Byrds","floor":18,"turns":3},{"damage":27,"enemies":"Shell Parasite","floor":20,"turns":7},{"damage":47,"enemies":"Centurion and Healer","floor":22,"turns":8},{"damage":53,"enemies":"Book of Stabbing","floor":25,"turns":8},{"damage":12,"enemies":"Snake Plant","floor":29,"turns":5},{"damage":41,"enemies":"Sentry and Sphere","floor":30,"turns":6},{"damage":12,"enemies":"Snecko","floor":31,"turns":5},{"damage":65,"enemies":"Automaton","floor":33,"turns":11},{"damage":24,"enemies":"Flame Bruiser 1 Orb","floor":35,"turns":7},{"damage":32,"enemies":"3 Darklings","floor":37,"turns":4},{"damage":34,"enemies":"4 Shapes","floor":38,"turns":6},{"damage":30,"enemies":"Maw","floor":45,"turns":6},{"damage":19,"enemies":"Sphere and 2 Shapes","floor":47,"turns":3},{"damage":28,"enemies":"3 Darklings","floor":48,"turns":5},{"damage":42,"enemies":"Awakened One","floor":50,"turns":8}],"event_choices":[{"event_name":"Golden Idol","player_choice":"Take Wound","floor":3,"damage_taken":0},{"event_name":"The Cleric","player_choice":"Leave","floor":4,"damage_taken":0},{"event_name":"Golden Wing","player_choice":"Card Removal","floor":8,"damage_taken":0},{"event_name":"Mushrooms","player_choice":"Fought Mushrooms","floor":12,"damage_taken":0},{"event_name":"Living Wall","player_choice":"Grow","floor":14,"damage_taken":0},{"event_name":"Drug Dealer","player_choice":"Got JAXXED","floor":19,"damage_taken":0},{"event_name":"Vampires","player_choice":"Became a vampire","floor":24,"damage_taken":0},{"event_name":"Match and Keep!","player_choice":"1 cards matched","floor":36,"damage_taken":0},{"event_name":"Winding Halls","player_choice":"Embrace Madness","floor":41,"damage_taken":0}],"boss_relics":[{"not_picked":["Calling Bell","Runic Cube"],"picked":"Lizard Tail"},{"not_picked":["Question Card","Philosopher\u0027s Stone"],"picked":"Sozu"}],"potions_floor_spawned":[5,7,13,16,18,25,29,31,33,45,48],"seed_played":"1837937149275081036","is_trial":false}