{"gold_per_floor":[119,119,136,136,155,174,202,202,227,227,252,252,283,7,7,7],"floor_reached":16,"playtime":771,"items_purged":["Strike_G"],"score":201,"play_id":"502abb68-fc72-4fbe-ba58-283273c117b5","local_time":"20190925001654","is_ascension_mode":true,"campfire_choices":[{"data":"Neutralize","floor":8,"key":"SMITH"},{"floor":10,"key":"REST"},{"floor":12,"key":"REST"},{"floor":15,"key":"REST"}],"neow_cost":"NONE","seed_source_timestamp":1047576470590100,"circlet_count":0,"master_deck":["AscendersBane","Strike_G","Strike_G","Strike_G","Defend_G","Defend_G","Defend_G","Defend_G","Defend_G","Survivor","Neutralize+1","Footwork","Quick Slash","Predator","Crippling Poison","Dash","Blur","Flying Knee","Finisher"],"relics":["Ring of the Snake","Ancient Tea Set","Art of War","Strawberry","Dream Catcher","Bronze Scales"],"potions_floor_usage":[7,7],"damage_taken":[{"damage":0,"enemies":"2 Louse","floor":1,"turns":3},{"damage":12,"enemies":"Small Slimes","floor":3,"turns":7},{"damage":2,"enemies":"Jaw Worm","floor":5,"turns":5},{"damage":0,"enemies":"Red Slaver","floor":6,"turns":5},{"damage":28,"enemies":"Gremlin Nob","floor":7,"turns":4},{"damage":13,"enemies":"3 Sentries","floor":11,"turns":10},{"damage":24,"enemies":"Gremlin Nob","floor":13,"turns":5},{"damage":56,"enemies":"Slime Boss","floor":16,"turns":16}],"seed_played":"8671426606710137406","potions_obtained":[{"floor":1,"key":"Strength Potion"},{"floor":5,"key":"Fire Potion"}],"is_trial":false,"path_per_floor":["M","?","M","?","M","M","E","R","T","R","E","R","E","$","R","B"],"character_chosen":"THE_SILENT","items_purchased":["Bronze Scales","Flying Knee"],"campfire_rested":3,"item_purchase_floors":[14,14],"current_hp_per_floor":[65,65,53,46,44,44,16,16,16,37,31,54,30,30,53,0],"gold":7,"neow_bonus":"TEN_PERCENT_HP_BONUS","is_prod":false,"is_daily":false,"chose_seed":false,"campfire_upgraded":1,"win_rate":0,"timestamp":1569395814,"path_taken":["M","?","M","?","M","M","E","R","T","R","E","R","E","$","R","BOSS"],"build_version":"2019-09-24","purchased_purges":1,"victory":false,"max_hp_per_floor":[72,72,72,72,72,72,72,72,72,72,79,79,79,79,79,79],"card_choices":[{"not_picked":["Endless Agony","Predator"],"picked":"Footwork","floor":1},{"not_picked":["Flechettes","Blade Dance"],"picked":"Quick Slash","floor":3},{"not_picked":["Flechettes","Reflex"],"picked":"Predator","floor":5},{"not_picked":["Acrobatics","Infinite Blades"],"picked":"Crippling Poison","floor":6},{"not_picked":["Riddle With Holes","Masterful Stab"],"picked":"Dash","floor":7},{"not_picked":["Dagger Throw","Prepared"],"picked":"Blur","floor":11},{"not_picked":["Slice","Crippling Poison","Grand Finale"],"picked":"SKIP","floor":13},{"not_picked":["Flying Knee","Expertise"],"picked":"Finisher","floor":15}],"player_experience":1474106,"relics_obtained":[{"floor":7,"key":"Ancient Tea Set"},{"floor":9,"key":"Art of War"},{"floor":11,"key":"Strawberry"},{"floor":13,"key":"Dream Catcher"}],"event_choices":[{"damage_healed":0,"gold_gain":0,"player_choice":"Ignored","damage_taken":0,"max_hp_gain":0,"max_hp_loss":0,"event_name":"Liars Game","floor":2,"gold_loss":0},{"cards_removed":["Strike_G"],"damage_healed":0,"gold_gain":0,"player_choice":"Card Removal","damage_taken":7,"max_hp_gain":0,"max_hp_loss":0,"event_name":"Golden Wing","floor":4,"gold_loss":0}],"is_beta":true,"boss_relics":[],"items_purged_floors":[14],"is_endless":false,"potions_floor_spawned":[1,5,6],"killed_by":"Slime Boss","ascension_level":14}