{"gold_per_floor":[114,125,135,148,164,164,197,197,197,212,212,137,137,37,37,109,109,121,121,131,6,24,24,39,51,51,51,86,106,106,106,106,183,183,200,200,200,211,222,222,52,70,152,152,168,168,183,212,212,212],"floor_reached":50,"playtime":2155,"items_purged":["Defend_B","Strike_B+1","Strike_B+1"],"score":1015,"play_id":"bfb4f808-a94b-4088-92fc-cfcf75a6ceb5","local_time":"20181021211139","is_ascension_mode":true,"campfire_choices":[{"data":"Sunder","floor":6.0,"key":"SMITH"},{"data":"Dualcast","floor":11.0,"key":"SMITH"},{"data":"Steam Power","floor":13.0,"key":"SMITH"},{"data":"Zap","floor":15.0,"key":"SMITH"},{"floor":23.0,"key":"REST"},{"floor":27.0,"key":"REST"},{"data":"Thunder Strike","floor":30.0,"key":"SMITH"},{"data":"Conserve Battery","floor":32.0,"key":"SMITH"},{"floor":40.0,"key":"REST"},{"floor":44.0,"key":"REST"},{"floor":46.0,"key":"REST"},{"floor":49.0,"key":"REST"}],"neow_cost":"NONE","seed_source_timestamp":62714972029690,"circlet_count":0,"master_deck":["Defend_B+1","Defend_B+1","Defend_B+1","Zap+1","Dualcast+1","AscendersBane","Sunder+1","Ball Lightning","Cold Snap","Cold Snap","Glacier","Steam Power+1","Ball Lightning","Conserve Battery","Thunder Strike+1","Turbo+1","Ball Lightning","Conserve Battery+1","Ball Lightning+1","Sweeping Beam+1","Core Surge","Panacea","Defragment","Conserve Battery","Glacier"],"special_seed":0,"relics":["Cracked Core","Mummified Hand","Symbiotic Virus","Runic Pyramid","Du-Vu Doll","Sundial","Fusion Hammer","Frozen Egg 2","Singing Bowl"],"potions_floor_usage":[50],"damage_taken":[{"damage":6.0,"enemies":"2 Louse","floor":1.0,"turns":3.0},{"damage":2.0,"enemies":"Jaw Worm","floor":2.0,"turns":4.0},{"damage":0.0,"enemies":"Cultist","floor":3.0,"turns":3.0},{"damage":10.0,"enemies":"Exordium Thugs","floor":4.0,"turns":3.0},{"damage":8.0,"enemies":"Blue Slaver","floor":5.0,"turns":3.0},{"damage":1.0,"enemies":"Lagavulin","floor":7.0,"turns":6.0},{"damage":0.0,"enemies":"Looter","floor":10.0,"turns":3.0},{"damage":26.0,"enemies":"Hexaghost","floor":16.0,"turns":9.0},{"damage":0.0,"enemies":"Spheric Guardian","floor":18.0,"turns":4.0},{"damage":22.0,"enemies":"2 Thieves","floor":20.0,"turns":3.0},{"damage":14.0,"enemies":"Snake Plant","floor":22.0,"turns":3.0},{"damage":17.0,"enemies":"Shelled Parasite and Fungi","floor":24.0,"turns":4.0},{"damage":0.0,"enemies":"Sentry and Sphere","floor":25.0,"turns":4.0},{"damage":0.0,"enemies":"Gremlin Leader","floor":28.0,"turns":5.0},{"damage":3.0,"enemies":"Snake Plant","floor":29.0,"turns":3.0},{"damage":10.0,"enemies":"Collector","floor":33.0,"turns":9.0},{"damage":1.0,"enemies":"3 Shapes","floor":35.0,"turns":4.0},{"damage":9.0,"enemies":"Orb Walker","floor":38.0,"turns":2.0},{"damage":0.0,"enemies":"Maw","floor":39.0,"turns":6.0},{"damage":14.0,"enemies":"Spire Growth","floor":42.0,"turns":3.0},{"damage":12.0,"enemies":"3 Darklings","floor":45.0,"turns":4.0},{"damage":17.0,"enemies":"4 Shapes","floor":47.0,"turns":6.0},{"damage":12.0,"enemies":"Reptomancer","floor":48.0,"turns":7.0},{"damage":66,"enemies":"Time Eater","floor":50,"turns":6}],"seed_played":"4489433984151894384","potions_obtained":[{"floor":2.0,"key":"Weak Potion"},{"floor":7.0,"key":"Strength Potion"},{"floor":10.0,"key":"SpeedPotion"},{"floor":22.0,"key":"SpeedPotion"},{"floor":25.0,"key":"FocusPotion"},{"floor":33.0,"key":"SteroidPotion"},{"floor":45.0,"key":"FocusPotion"}],"is_trial":false,"path_per_floor":["M","M","M","M","M","R","E","?","T","M","R","?","R","$","R","B",null,"M","?","M","$","M","R","M","M","T","R","E","M","R","?","R","B",null,"M","?","?","M","M","R","$","M","T","R","M","R","M","E","R"],"character_chosen":"DEFECT","items_purchased":["Conserve Battery","Ball Lightning","Defragment"],"campfire_rested":6,"item_purchase_floors":[14,21,41],"current_hp_per_floor":[58,56,56,46,38,38,37,60,60,60,60,60,60,60,60,34,62,62,62,40,40,26,47,30,30,30,51,51,48,48,71,71,61,69,68,68,63,54,54,71,71,57,57,71,59,71,54,44,65,0],"gold":212,"neow_bonus":"REMOVE_CARD","is_prod":false,"is_daily":false,"chose_seed":false,"campfire_upgraded":6,"win_rate":0,"timestamp":1540181499,"path_taken":["M","M","M","M","M","R","E","?","T","?","R","?","R","$","R","BOSS","M","?","M","$","M","R","M","M","T","R","E","M","R","?","R","BOSS","M","?","?","M","?","R","$","M","T","R","?","R","M","E","R","BOSS"],"build_version":"2018-10-19","purchased_purges":3,"victory":false,"max_hp_per_floor":[71,71,71,71,71,71,71,71,71,71,71,71,71,71,71,71,71,71,71,71,71,71,71,71,71,71,71,71,71,71,71,71,71,71,71,71,71,71,71,71,71,71,71,71,71,71,71,73,73,73],"card_choices":[{"not_picked":["Steam","Lockon"],"picked":"Sunder","floor":1.0},{"not_picked":["Compile Driver","Recycle"],"picked":"Ball Lightning","floor":2.0},{"not_picked":["All For One","Leap"],"picked":"Cold Snap","floor":3.0},{"not_picked":["Scrape","Leap"],"picked":"Cold Snap","floor":4.0},{"not_picked":["Go for the Eyes","Compile Driver"],"picked":"Glacier","floor":5.0},{"not_picked":["Cold Snap","Leap"],"picked":"Steam Power","floor":7.0},{"not_picked":["Buffer","Barrage"],"picked":"Ball Lightning","floor":10.0},{"not_picked":["Amplify","Machine Learning"],"picked":"Thunder Strike","floor":16.0},{"not_picked":["Hello World","Redo","Steam Power"],"picked":"SKIP","floor":18.0},{"not_picked":["Blizzard","Compile Driver"],"picked":"Turbo+1","floor":20.0},{"not_picked":["Hologram","Chaos","Go for the Eyes"],"picked":"SKIP","floor":22.0},{"not_picked":["BootSequence","Beam Cell"],"picked":"Conserve Battery","floor":24.0},{"not_picked":["Conserve Battery","Turbo+1"],"picked":"Ball Lightning+1","floor":25.0},{"not_picked":["Meteor Strike","Streamline"],"picked":"Auto Shields","floor":28.0},{"not_picked":["Rebound","FTL"],"picked":"Sweeping Beam+1","floor":29.0},{"not_picked":["Creative AI","Buffer"],"picked":"Core Surge","floor":33.0},{"not_picked":["Ball Lightning","Cold Snap","Redo"],"picked":"SKIP","floor":35.0},{"not_picked":["Swift Strike","Dramatic Entrance"],"picked":"Panacea","floor":37.0},{"not_picked":["Redo","Compile Driver","Hologram"],"picked":"SKIP","floor":38.0},{"not_picked":["BootSequence","Cold Snap","White Noise"],"picked":"SKIP","floor":39.0},{"not_picked":["Gash+1","Storm+1"],"picked":"Conserve Battery","floor":42.0},{"not_picked":["Fusion","Sweeping Beam"],"picked":"Glacier","floor":45.0},{"not_picked":["Genetic Algorithm","Gash","Barrage+1"],"picked":"SKIP","floor":47.0},{"not_picked":["Streamline","Redo+1","Coolheaded"],"picked":"Singing Bowl","floor":48.0}],"player_experience":559307,"relics_obtained":[{"floor":7.0,"key":"Mummified Hand"},{"floor":9.0,"key":"Symbiotic Virus"},{"floor":26.0,"key":"Du-Vu Doll"},{"floor":28.0,"key":"Sundial"},{"floor":43.0,"key":"Frozen Egg 2"},{"floor":48.0,"key":"Singing Bowl"}],"event_choices":[{"damage_healed":23.0,"max_hp_gain":0.0,"max_hp_loss":0.0,"gold_gain":0.0,"event_name":"Big Fish","player_choice":"Banana","floor":8.0,"gold_loss":0.0,"damage_taken":0.0},{"cards_removed":["Strike_B"],"damage_healed":0.0,"max_hp_gain":0.0,"max_hp_loss":0.0,"gold_gain":0.0,"event_name":"The Cleric","player_choice":"Card Removal","floor":12.0,"gold_loss":75.0,"damage_taken":0.0},{"damage_healed":0.0,"max_hp_gain":0.0,"max_hp_loss":0.0,"gold_gain":0.0,"event_name":"Back to Basics","player_choice":"Simplicity","floor":19.0,"gold_loss":0.0,"damage_taken":0.0,"cards_upgraded":["Strike_B","Strike_B","Defend_B","Defend_B","Defend_B"]},{"damage_healed":23.0,"max_hp_gain":0.0,"max_hp_loss":0.0,"gold_gain":0.0,"event_name":"Wheel of Change","player_choice":"Full Heal","floor":31.0,"gold_loss":0.0,"damage_taken":0.0},{"cards_removed":["Auto Shields"],"damage_healed":0.0,"max_hp_gain":0.0,"max_hp_loss":0.0,"gold_gain":0.0,"event_name":"Falling","player_choice":"Removed Skill","floor":36.0,"gold_loss":0.0,"damage_taken":0.0},{"damage_healed":0.0,"max_hp_gain":0.0,"max_hp_loss":0.0,"gold_gain":0.0,"event_name":"SensoryStone","player_choice":"Memory 2","floor":37.0,"gold_loss":0.0,"damage_taken":5.0}],"is_beta":true,"boss_relics":[{"not_picked":["Lizard Tail","Tiny House"],"picked":"Runic Pyramid"},{"not_picked":["Snecko Eye","Philosopher\u0027s Stone"],"picked":"Fusion Hammer"}],"items_purged_floors":[14,21,41],"is_endless":false,"potions_floor_spawned":[2,7,10,22,25,33,39,45],"killed_by":"Time Eater","ascension_level":18}