{"gold_per_floor":[116,133,147,46,46,46,74,74,128,128,146,173,134,147,147,245,245,262,187,6,6,0,0,0,14,14,14,25,25,38,56,56,154,154,171,171,171],"floor_reached":37,"playtime":2183,"items_purged":["Strike_P","Strike_P"],"score":434,"play_id":"213e0c93-4454-458d-b54e-2df0fa11fb66","local_time":"20190912114602","is_ascension_mode":true,"campfire_choices":[{"data":"Eruption","floor":6.0,"key":"SMITH"},{"data":"CrushJoints","floor":8.0,"key":"SMITH"},{"floor":15.0,"key":"REST"},{"floor":23.0,"key":"REST"},{"data":"Devotion","floor":24.0,"key":"SMITH"},{"data":"DeceiveReality","floor":27.0,"key":"SMITH"},{"data":"Perseverance","floor":29,"key":"SMITH"},{"floor":32,"key":"REST"}],"neow_cost":"PERCENT_DAMAGE","seed_source_timestamp":0,"circlet_count":0,"master_deck":["Defend_P","Defend_P","Defend_P","Eruption+1","Vigilance+1","BowlingBash","Protect","ClearTheMind","CutThroughFate","CrushJoints+1","Devotion+1","Pray","BowlingBash","Pray","Establishment","Evaluate","DeceiveReality+1","Perseverance+1","DeceiveReality+1","FlyingSleeves+1","BattleHymn","Panacea"],"special_seed":0,"relics":["PureWater","WingedGreaves","Melange","Boot","Yang","Empty Cage","Art of War","Cursed Key"],"potions_floor_usage":[37],"damage_taken":[{"damage":0.0,"enemies":"Cultist","floor":1.0,"turns":2.0},{"damage":11.0,"enemies":"2 Louse","floor":2.0,"turns":2.0},{"damage":1.0,"enemies":"Small Slimes","floor":3.0,"turns":4.0},{"damage":2.0,"enemies":"3 Sentries","floor":7.0,"turns":4.0},{"damage":5.0,"enemies":"Looter","floor":11.0,"turns":4.0},{"damage":20.0,"enemies":"Lagavulin","floor":12.0,"turns":6.0},{"damage":0.0,"enemies":"3 Louse","floor":14.0,"turns":2.0},{"damage":19.0,"enemies":"Slime Boss","floor":16.0,"turns":11.0},{"damage":33.0,"enemies":"3 Byrds","floor":18.0,"turns":6.0},{"damage":28.0,"enemies":"2 Thieves","floor":22.0,"turns":5.0},{"damage":3.0,"enemies":"Centurion and Healer","floor":25.0,"turns":6.0},{"damage":9,"enemies":"Chosen and Byrds","floor":28,"turns":7},{"damage":17,"enemies":"3 Cultists","floor":30,"turns":5},{"damage":0,"enemies":"Snecko","floor":31,"turns":6},{"damage":3,"enemies":"Champ","floor":33,"turns":11},{"damage":1,"enemies":"3 Shapes","floor":35,"turns":4},{"damage":83,"enemies":"2 Orb Walkers","floor":37,"turns":4}],"seed_played":"-6853416876403767073","potions_obtained":[{"floor":2.0,"key":"SteroidPotion"},{"floor":7.0,"key":"SteroidPotion"},{"floor":11.0,"key":"EssenceOfSteel"},{"floor":25.0,"key":"Dexterity Potion"},{"floor":33,"key":"PowerPotion"},{"floor":35,"key":"Strength Potion"}],"is_trial":false,"path_per_floor":["M","M","M","$","?","R","E","R","T","?","M","E","?","M","R","B",null,"M","?","$","?","M","R","R","M","T","R","M","R","M","M","R","B",null,"M","?","?"],"character_chosen":"WATCHER","items_purchased":["CutThroughFate","Evaluate"],"campfire_rested":3,"item_purchase_floors":[4,20],"current_hp_per_floor":[47,36,35,35,35,35,33,33,33,33,28,8,8,8,27,8,65,32,32,32,53,25,44,44,41,41,41,32,32,15,15,34,31,65,64,64,0],"gold":171,"neow_bonus":"ONE_RARE_RELIC","is_prod":false,"is_daily":false,"chose_seed":false,"campfire_upgraded":5,"win_rate":0,"timestamp":1568256362,"path_taken":["M","M","M","?","?","R","E","R","T","?","M","E","?","M","R","BOSS","M","?","$","?","M","R","R","M","T","R","M","R","M","M","R","BOSS","M","?","?"],"build_version":"2019-09-10","purchased_purges":2,"victory":false,"max_hp_per_floor":[65,65,65,65,65,65,65,65,65,65,65,65,65,65,65,65,65,65,65,65,65,65,65,65,65,65,65,65,65,65,65,65,65,65,65,65,65],"card_choices":[{"not_picked":["DeceiveReality","EmptyMind"],"picked":"BowlingBash","floor":1.0},{"not_picked":["Prostrate","CarveReality"],"picked":"Protect","floor":2.0},{"not_picked":["Sanctity","EmptyBody"],"picked":"ClearTheMind","floor":3.0},{"not_picked":["Swivel","Crescendo"],"picked":"CrushJoints","floor":7.0},{"not_picked":["PathToVictory","ForeignInfluence"],"picked":"Devotion","floor":11.0},{"not_picked":["FlyingSleeves","TalkToTheHand"],"picked":"Pray","floor":12.0},{"not_picked":["Protect","EmptyBody"],"picked":"BowlingBash","floor":14.0},{"not_picked":["DeusExMachina","Unraveling"],"picked":"Pray","floor":16.0},{"not_picked":["FollowUp","Sanctity"],"picked":"Establishment","floor":18.0},{"not_picked":["Establishment","Swivel"],"picked":"DeceiveReality","floor":22.0},{"not_picked":["Consecrate","ClearTheMind"],"picked":"Perseverance","floor":25.0},{"not_picked":["Evaluate","MentalFortress+1"],"picked":"DeceiveReality+1","floor":28},{"not_picked":["Sanctity","Clarity","FollowUp"],"picked":"SKIP","floor":30},{"not_picked":["FlurryOfBlows+1","Sanctity+1"],"picked":"FlyingSleeves+1","floor":31},{"not_picked":["Unraveling","Omniscience"],"picked":"BattleHymn","floor":33},{"not_picked":["Collect+1","ClearTheMind","Protect"],"picked":"SKIP","floor":35},{"not_picked":["Jack Of All Trades","Mind Blast"],"picked":"Panacea","floor":36}],"player_experience":603988,"relics_obtained":[{"floor":7.0,"key":"Melange"},{"floor":9.0,"key":"Boot"},{"floor":12.0,"key":"Yang"},{"floor":26.0,"key":"Art of War"}],"event_choices":[{"damage_healed":0.0,"max_hp_gain":0.0,"max_hp_loss":0.0,"gold_gain":0.0,"event_name":"Liars Game","player_choice":"Ignored","floor":5.0,"gold_loss":0.0,"damage_taken":0.0},{"damage_healed":0.0,"max_hp_gain":0.0,"max_hp_loss":0.0,"gold_gain":0.0,"event_name":"Living Wall","player_choice":"Grow","floor":10.0,"gold_loss":0.0,"damage_taken":0.0,"cards_upgraded":["Vigilance"]},{"damage_healed":0.0,"max_hp_gain":0.0,"max_hp_loss":0.0,"gold_gain":0.0,"event_name":"World of Goop","player_choice":"Left Gold","floor":13.0,"gold_loss":39.0,"damage_taken":0.0},{"cards_removed":["Defend_P"],"damage_healed":0.0,"max_hp_gain":0.0,"max_hp_loss":0.0,"gold_gain":0.0,"event_name":"Beggar","player_choice":"Gave Gold","floor":19.0,"gold_loss":75.0,"damage_taken":0.0},{"damage_healed":21.0,"max_hp_gain":0.0,"max_hp_loss":0.0,"gold_gain":0.0,"event_name":"The Library","player_choice":"Heal","floor":21.0,"gold_loss":0.0,"damage_taken":0.0},{"damage_healed":0,"gold_gain":0,"player_choice":"Memory 1","damage_taken":0,"max_hp_gain":0,"max_hp_loss":0,"event_name":"SensoryStone","floor":36,"gold_loss":0},{"damage_healed":0,"gold_gain":0,"player_choice":"Fight","damage_taken":0,"max_hp_gain":0,"max_hp_loss":0,"event_name":"Mysterious Sphere","floor":37,"gold_loss":0}],"is_beta":true,"boss_relics":[{"not_picked":["VioletLotus","Pandora\u0027s Box"],"picked":"Empty Cage"},{"not_picked":["Calling Bell","Busted Crown"],"picked":"Cursed Key"}],"items_purged_floors":[4,20],"is_endless":false,"potions_floor_spawned":[2,7,11,25,33,35],"killed_by":"2 Orb Walkers","ascension_level":3}