{"path_per_floor":["M","$","M","M","M","R","E","M","T","E","?","R","?","E","R","B",null,"M","?","?","M","$","E","R","M","T","M","M","$","R","?","R","B",null,"M","?","?","M","?","R","M","R","T","M","$","$","M"],"character_chosen":"IRONCLAD","items_purchased":["Whirlwind","Paper Frog","Reckless Charge","Flash of Steel","Lantern","Finesse"],"gold_per_floor":[112,44,57,73,89,89,124,134,134,163,163,163,188,232,232,361,361,375,375,375,396,68,104,104,119,119,143,168,35,35,125,125,254,254,273,273,273,294,294,294,310,310,336,356,22,22,43],"floor_reached":48,"campfire_rested":6,"playtime":11886,"current_hp_per_floor":[81,81,72,76,81,81,73,78,78,60,60,86,88,77,77,47,88,83,83,83,88,88,17,58,40,40,31,35,35,76,52,88,11,88,72,72,72,36,58,91,51,91,91,42,42,42,32],"items_purged":["Normality","Writhe"],"gold":43,"play_id":"e4e9a58f-e081-4b5f-bb87-dd293c60e5b2","is_prod":false,"is_daily":false,"campfire_rituals":0,"campfire_upgraded":2,"is_hardmode":false,"path_taken":["M","$","?","M","M","R","E","M","T","E","?","R","?","E","R","BOSS","M","?","?","M","?","E","R","M","T","M","M","$","R","?","R","BOSS","M","?","?","?","?","R","M","R","T","M","?","$","M","E"],"build_version":"2017-12-14-PROD1","purchased_purges":2,"victory":false,"master_deck":["Strike_R","Strike_R","Strike_R","Strike_R","Strike_R","Defend_R","Defend_R","Defend_R","Defend_R","Bash","Perfected Strike","Whirlwind","Disarm","Headbutt","Power Through","Inflame","Pummel","Injury","Limit Break","Double Tap","Bludgeon","Perfected Strike","Searing Blow","Anger","Anger","Heavy Blade","Thunderclap","Feel No Pain","Infernal Blade","Reckless Charge","Flash of Steel","Impervious","Finesse","Headbutt","Feed","Heavy Blade","Armaments","Shrug It Off","Blood for Blood","Spot Weakness","Demon Form","Finesse","Rupture"],"max_hp_per_floor":[88,88,88,88,88,88,88,88,88,88,88,88,88,88,88,88,88,88,88,88,88,88,88,88,88,88,88,88,88,88,88,88,88,88,91,91,91,91,91,91,91,91,91,91,91,91,91],"relics":["Burning Blood","Molten Egg","Red Skull","Bird Faced Urn","Golden Idol","Odd Mushroom","Mercury Hourglass","White Beast Statue","Dream Catcher","Paper Frog","Regal Pillow","Ginger","Black Star","Bag of Marbles","Lantern"],"campfire_meditates":0,"card_choices":[{"not_picked":["Shockwave","Dual Wield"],"picked":"Perfected Strike"},{"not_picked":["Twin Strike","Uppercut"],"picked":"Shrug It Off"},{"not_picked":["Sword Boomerang","Warcry"],"picked":"Disarm"},{"not_picked":["Cleave","Shockwave"],"picked":"Headbutt"},{"not_picked":["Clash","Sword Boomerang"],"picked":"Power Through"},{"not_picked":["Headbutt","Thunderclap"],"picked":"Inflame"},{"not_picked":["Cleave","Sword Boomerang"],"picked":"Pummel"},{"not_picked":["Warcry","Pommel Strike"],"picked":"Limit Break"},{"not_picked":["Pummel","Brutality"],"picked":"Double Tap"},{"not_picked":["Impervious","Dark Embrace"],"picked":"Bludgeon"},{"not_picked":["Iron Wave","Cleave"],"picked":"Perfected Strike"},{"not_picked":["Body Slam","Sword Boomerang"],"picked":"Anger"},{"not_picked":["Intimidate","Cleave"],"picked":"Anger"},{"not_picked":["Headbutt","Flex"],"picked":"Heavy Blade"},{"not_picked":["Twin Strike","Disarm"],"picked":"Thunderclap"},{"not_picked":["Sword Boomerang","Burning Pact"],"picked":"Feel No Pain"},{"not_picked":["Dropkick","Thunderclap"],"picked":"Infernal Blade"},{"not_picked":["Rupture","Dropkick"],"picked":"Impervious"},{"not_picked":["Clothesline","Dropkick"],"picked":"Headbutt"},{"not_picked":["Dark Embrace","Impervious"],"picked":"Feed"},{"not_picked":["Body Slam","Pummel"],"picked":"Heavy Blade"},{"not_picked":["True Grit","Sword Boomerang"],"picked":"Armaments"},{"not_picked":["Warcry","Twin Strike"],"picked":"Shrug It Off"},{"not_picked":["Dropkick","Body Slam"],"picked":"Blood for Blood"},{"not_picked":["Dual Wield","Armaments"],"picked":"Spot Weakness"},{"not_picked":["Cleave","Sword Boomerang"],"picked":"Demon Form"},{"not_picked":["Pommel Strike","Twin Strike"],"picked":"Rupture"}],"player_experience":10846,"potions_floor_usage":[35,38,38,44,44,48,48,48],"damage_taken":[{"damage":13.0,"enemies":"Blue Slaver","floor":1.0,"turns":6.0},{"damage":15.0,"enemies":"Looter","floor":3.0,"turns":3.0},{"damage":2.0,"enemies":"Jaw Worm","floor":4.0,"turns":4.0},{"damage":1.0,"enemies":"3 Louse","floor":5.0,"turns":4.0},{"damage":14.0,"enemies":"3 Sentries","floor":7.0,"turns":6.0},{"damage":1.0,"enemies":"2 Fungi Beasts","floor":8.0,"turns":2.0},{"damage":24.0,"enemies":"Lagavulin","floor":10.0,"turns":6.0},{"damage":1.0,"enemies":"The Mushroom Lair","floor":13.0,"turns":4.0},{"damage":17.0,"enemies":"Gremlin Nob","floor":14.0,"turns":4.0},{"damage":38.0,"enemies":"Hexaghost","floor":16.0,"turns":12.0},{"damage":11.0,"enemies":"Shell Parasite","floor":18.0,"turns":5.0},{"damage":0.0,"enemies":"3 Byrds","floor":21.0,"turns":2.0},{"damage":79.0,"enemies":"Gremlin Leader","floor":23.0,"turns":6.0},{"damage":32.0,"enemies":"Centurion and Healer","floor":25.0,"turns":3.0},{"damage":15.0,"enemies":"Snake Plant","floor":27.0,"turns":3.0},{"damage":16.0,"enemies":"3 Cultists","floor":28.0,"turns":5.0},{"damage":85.0,"enemies":"Automaton","floor":33.0,"turns":10.0},{"damage":25,"enemies":"3 Shapes","floor":35,"turns":5},{"damage":60,"enemies":"3 Darklings","floor":38,"turns":7},{"damage":48,"enemies":"Maw","floor":41,"turns":8},{"damage":57,"enemies":"Sphere and 2 Shapes","floor":44,"turns":7},{"damage":16,"enemies":"4 Shapes","floor":47,"turns":1},{"damage":45,"enemies":"2 Orb Walkers","floor":48,"turns":4}],"event_choices":[{"event_name":"Golden Idol","player_choice":"Take Wound","floor":11.0,"damage_taken":0.0},{"event_name":"Mushrooms","player_choice":"Fought Mushrooms","floor":13.0,"damage_taken":0.0},{"event_name":"Accursed Blacksmith","player_choice":"Rummage","floor":19.0,"damage_taken":0.0},{"event_name":"The Library","player_choice":"Read","floor":20.0,"damage_taken":0.0},{"event_name":"Knowing Skull","player_choice":"24","floor":31.0,"damage_taken":0.0},{"event_name":"The Woman in Blue","player_choice":"Bought 0 Potions","floor":36,"damage_taken":0},{"event_name":"Winding Halls","player_choice":"Writhe","floor":39,"damage_taken":0}],"boss_relics":[{"not_picked":["Snecko Eye","Runic Pyramid"],"picked":"Black Star"}],"potions_floor_spawned":[1,4,8,13,14,16,18,21,23,25,27,28,33,35,38,41,44,47],"seed_played":"-2042115901659799287","killed_by":"2 Orb Walkers","is_trial":false}