{"gold_per_floor":[116,116,116,130,149,188,188,207,232,275,275,298,323,338,338,459,459,472,472,492,492,505,505,33,33,33,33,56,56,99,118,118,244,244,265,281,297,297,422,422,460,483,483,426,103,103,138,158,158,158],"floor_reached":51,"playtime":3005,"items_purged":["Strike_G","Strike_G"],"score":1169,"play_id":"080db95c-edcb-4beb-89dc-556d3383c108","local_time":"20190824214124","is_ascension_mode":true,"campfire_choices":[{"floor":7,"key":"REST"},{"data":"Skewer","floor":11,"key":"SMITH"},{"data":"Bouncing Flask","floor":15,"key":"SMITH"},{"data":"Leg Sweep","floor":23,"key":"SMITH"},{"data":"Caltrops","floor":25,"key":"SMITH"},{"data":"Neutralize","floor":27,"key":"SMITH"},{"floor":29,"key":"REST"},{"floor":32,"key":"REST"},{"data":"Envenom","floor":40,"key":"SMITH"},{"data":"Cloak And Dagger","floor":46,"key":"SMITH"},{"floor":49,"key":"REST"}],"neow_cost":"NONE","seed_source_timestamp":868757040967200,"circlet_count":0,"master_deck":["Defend_G","Defend_G","Defend_G","Defend_G","Survivor","Neutralize+1","Doppelganger+1","After Image+1","All Out Attack+1","Dodge and Roll","Endless Agony","Skewer+1","Caltrops+1","Bouncing Flask+1","Adrenaline","PiercingWail","Corpse Explosion","Dash+1","RitualDagger","Leg Sweep+1","Cloak And Dagger+1","Adrenaline","Envenom+1","Blade Dance+1","Poisoned Stab+1","Malaise","Footwork","Terror"],"relics":["Astrolabe","Golden Idol","Snake Skull","Centennial Puzzle","Omamori","Cursed Key","Kunai","Boot","Gremlin Horn","Sundial","Black Star","Tingsha","Meat on the Bone","Happy Flower","Ice Cream","Bronze Scales","Du-Vu Doll","Pen Nib"],"potions_floor_usage":[7,33,50,50],"damage_taken":[{"damage":7,"enemies":"2 Louse","floor":1,"turns":3},{"damage":0,"enemies":"Small Slimes","floor":4,"turns":4},{"damage":3,"enemies":"Cultist","floor":5,"turns":3},{"damage":20,"enemies":"3 Sentries","floor":6,"turns":6},{"damage":4,"enemies":"Large Slime","floor":8,"turns":7},{"damage":0,"enemies":"Lagavulin","floor":10,"turns":5},{"damage":8,"enemies":"3 Louse","floor":12,"turns":2},{"damage":0,"enemies":"Exordium Wildlife","floor":13,"turns":2},{"damage":3,"enemies":"Blue Slaver","floor":14,"turns":3},{"damage":0,"enemies":"The Guardian","floor":16,"turns":7},{"damage":8,"enemies":"2 Thieves","floor":18,"turns":3},{"damage":0,"enemies":"Shell Parasite","floor":20,"turns":5},{"damage":26,"enemies":"Snake Plant","floor":22,"turns":4},{"damage":0,"enemies":"Snecko","floor":28,"turns":5},{"damage":14,"enemies":"Book of Stabbing","floor":30,"turns":5},{"damage":8,"enemies":"3 Cultists","floor":31,"turns":4},{"damage":24,"enemies":"Champ","floor":33,"turns":13},{"damage":0,"enemies":"3 Shapes","floor":35,"turns":5},{"damage":11,"enemies":"3 Darklings","floor":36,"turns":3},{"damage":7,"enemies":"Maw","floor":37,"turns":6},{"damage":0,"enemies":"Mind Bloom Boss Battle","floor":39,"turns":5},{"damage":8,"enemies":"Giant Head","floor":41,"turns":8},{"damage":6,"enemies":"Spire Growth","floor":42,"turns":4},{"damage":0,"enemies":"Nemesis","floor":47,"turns":7},{"damage":10,"enemies":"3 Darklings","floor":48,"turns":4},{"damage":51,"enemies":"Time Eater","floor":50,"turns":11}],"seed_played":"1241715194882065443","potions_obtained":[{"floor":6,"key":"Fruit Juice"},{"floor":8,"key":"FairyPotion"},{"floor":12,"key":"LiquidBronze"},{"floor":22,"key":"Swift Potion"},{"floor":33,"key":"SneckoOil"},{"floor":39,"key":"Fire Potion"},{"floor":48,"key":"LiquidBronze"}],"is_trial":false,"path_per_floor":["M","?","?","M","M","E","R","M","T","E","R","M","M","M","R","B",null,"M","?","M","?","M","R","$","R","T","R","M","R","E","M","R","B",null,"M","M","M","?","?","R","E","M","T","?","$","R","E","M","R","B",null],"character_chosen":"THE_SILENT","items_purchased":["Kunai","Boot","Malaise","Footwork"],"campfire_rested":4,"item_purchase_floors":[24,24,45,45],"current_hp_per_floor":[56,39,39,39,36,16,43,39,39,39,39,31,31,28,28,28,63,55,55,55,49,23,23,23,23,23,23,23,45,31,23,45,21,62,62,51,44,44,44,44,36,42,42,42,42,42,42,44,66,27],"gold":158,"neow_bonus":"BOSS_RELIC","is_prod":false,"is_daily":false,"chose_seed":false,"campfire_upgraded":7,"win_rate":0,"timestamp":1566708084,"path_taken":["M","?","?","?","M","E","R","M","T","E","R","M","M","M","R","BOSS","M","?","M","?","M","R","$","R","T","R","M","R","E","M","R","BOSS","M","M","M","?","?","R","E","M","T","?","$","R","E","?","R","BOSS"],"build_version":"2019-07-17","purchased_purges":2,"victory":true,"max_hp_per_floor":[70,70,70,70,70,70,75,75,75,75,75,75,75,75,75,75,75,75,75,75,75,75,75,75,75,75,75,75,75,75,75,75,75,75,75,75,75,75,75,75,75,75,75,75,75,75,75,75,75,75],"card_choices":[{"not_picked":["Slice","Quick Slash"],"picked":"Dodge and Roll","floor":1},{"not_picked":["Predator","Dash"],"picked":"Skewer","floor":4},{"not_picked":["Blade Dance","Deflect","Masterful Stab"],"picked":"SKIP","floor":5},{"not_picked":["Deadly Poison","Terror"],"picked":"Caltrops","floor":6},{"not_picked":["Underhanded Strike","Deadly Poison"],"picked":"Bouncing Flask","floor":8},{"not_picked":["Backflip","Dagger Spray"],"picked":"Footwork","floor":10},{"not_picked":["Backflip","Deadly Poison","Deflect"],"picked":"SKIP","floor":12},{"not_picked":["PiercingWail","All Out Attack"],"picked":"Adrenaline","floor":13},{"not_picked":["Slice","Quick Slash"],"picked":"PiercingWail","floor":14},{"not_picked":["Tools of the Trade","After Image"],"picked":"Corpse Explosion","floor":16},{"not_picked":["Deflect","Heel Hook+1"],"picked":"Dash+1","floor":18},{"not_picked":["Skewer","Predator","Dagger Throw+1"],"picked":"SKIP","floor":20},{"not_picked":["Quick Slash+1","Endless Agony"],"picked":"Leg Sweep","floor":22},{"not_picked":["Quick Slash","Accuracy"],"picked":"Cloak And Dagger","floor":28},{"not_picked":["Blade Dance","Dagger Spray","Bouncing Flask"],"picked":"SKIP","floor":30},{"not_picked":["Dagger Throw+1","Underhanded Strike"],"picked":"Adrenaline","floor":31},{"not_picked":["A Thousand Cuts","Doppelganger"],"picked":"Envenom","floor":33},{"not_picked":["Dagger Spray+1","Endless Agony","Deflect+1"],"picked":"SKIP","floor":35},{"not_picked":["Backflip+1","Dodge and Roll"],"picked":"Blade Dance+1","floor":36},{"not_picked":["Blade Dance","Bouncing Flask"],"picked":"Poisoned Stab+1","floor":37},{"not_picked":["Flying Knee","Dagger Throw+1","Tools of the Trade"],"picked":"SKIP","floor":41},{"not_picked":["Dagger Spray","Deadly Poison","Flying Knee+1"],"picked":"SKIP","floor":42},{"not_picked":["Dagger Spray","Tactician+1"],"picked":"Terror","floor":47},{"not_picked":["Eviscerate","Finisher","Sucker Punch"],"picked":"SKIP","floor":48}],"player_experience":1322351,"relics_obtained":[{"floor":6,"key":"Snake Skull"},{"floor":9,"key":"Centennial Puzzle"},{"floor":10,"key":"Omamori"},{"floor":26,"key":"Gremlin Horn"},{"floor":30,"key":"Sundial"},{"floor":39,"key":"Tingsha"},{"floor":41,"key":"Meat on the Bone"},{"floor":41,"key":"Happy Flower"},{"floor":43,"key":"Ice Cream"},{"floor":47,"key":"Du-Vu Doll"},{"floor":47,"key":"Pen Nib"}],"event_choices":[{"damage_healed":0,"gold_gain":0,"player_choice":"Take Damage","damage_taken":17,"relics_obtained":["Golden Idol"],"max_hp_gain":0,"max_hp_loss":0,"event_name":"Golden Idol","floor":2,"gold_loss":0},{"damage_healed":0,"gold_gain":0,"cards_transformed":["Strike_G"],"player_choice":"Transformed","damage_taken":0,"max_hp_gain":0,"max_hp_loss":0,"event_name":"Transmorgrifier","floor":3,"gold_loss":0,"cards_obtained":["Endless Agony"]},{"damage_healed":0,"gold_gain":0,"player_choice":"Ignored","damage_taken":0,"max_hp_gain":0,"max_hp_loss":0,"event_name":"Ghosts","floor":19,"gold_loss":0},{"damage_healed":0,"gold_gain":0,"player_choice":"Joined the Cult","damage_taken":6,"max_hp_gain":0,"max_hp_loss":0,"event_name":"Nest","floor":21,"gold_loss":0,"cards_obtained":["RitualDagger"]},{"cards_removed":["Footwork"],"damage_healed":0,"gold_gain":0,"player_choice":"Removed Power","damage_taken":0,"max_hp_gain":0,"max_hp_loss":0,"event_name":"Falling","floor":38,"gold_loss":0},{"damage_healed":0,"gold_gain":0,"player_choice":"Fight","damage_taken":0,"max_hp_gain":0,"max_hp_loss":0,"event_name":"MindBloom","floor":39,"gold_loss":0},{"damage_healed":0,"gold_gain":0,"player_choice":"Paid Gold","damage_taken":0,"relics_obtained":["Bronze Scales"],"max_hp_gain":0,"max_hp_loss":0,"event_name":"WeMeetAgain","floor":44,"gold_loss":57}],"is_beta":false,"boss_relics":[{"not_picked":["Coffee Dripper","WristBlade"],"picked":"Cursed Key"},{"not_picked":["Empty Cage","Orrery"],"picked":"Black Star"}],"items_purged_floors":[24,45],"is_endless":false,"potions_floor_spawned":[6,8,12,22,33,39,41,48],"ascension_level":9}