{"gold_per_floor":[359,374,71,95,95,130,130,162,233,11,31,31],"floor_reached":12,"playtime":348,"items_purged":["Pain"],"score":142,"play_id":"5616dd4f-fcd7-437b-a765-768765c48c2a","local_time":"20190503002048","is_ascension_mode":true,"campfire_choices":[{"data":"Noxious Fumes","floor":7,"key":"SMITH"}],"neow_cost":"CURSE","seed_source_timestamp":187057286568649,"circlet_count":0,"master_deck":["AscendersBane","Defend_G","Defend_G","Defend_G","Defend_G","Defend_G","Strike_G","Strike_G","Strike_G","Strike_G","Survivor+1","Neutralize","Blade Dance+1","Deadly Poison","Noxious Fumes+1","Poisoned Stab","Backflip","Footwork+1","Dodge and Roll"],"relics":["Ring of the Snake","Strawberry","Potion Belt","Frozen Egg 2","Pocketwatch","Molten Egg 2","War Paint"],"potions_floor_usage":[6,8,12,12],"damage_taken":[{"damage":4,"enemies":"Cultist","floor":1,"turns":5},{"damage":4,"enemies":"Jaw Worm","floor":2,"turns":4},{"damage":25,"enemies":"3 Sentries","floor":6,"turns":6},{"damage":27,"enemies":"Lagavulin","floor":8,"turns":6},{"damage":1,"enemies":"Small Slimes","floor":11,"turns":5},{"damage":3,"enemies":"3 Sentries","floor":12,"turns":4}],"seed_played":"-5375884831709905179","potions_obtained":[{"floor":2,"key":"AttackPotion"},{"floor":6,"key":"Weak Potion"},{"floor":8,"key":"SkillPotion"}],"is_trial":false,"path_per_floor":["M","M","$","T","?","E","R","E","T","$","M","E"],"character_chosen":"THE_SILENT","items_purchased":["Noxious Fumes","Strawberry","PowerPotion","Footwork+1","War Paint"],"campfire_rested":0,"item_purchase_floors":[3,3,3,10,10],"current_hp_per_floor":[59,55,62,62,62,37,37,10,10,10,9,6],"gold":31,"neow_bonus":"TWO_FIFTY_GOLD","is_prod":false,"is_daily":false,"chose_seed":false,"campfire_upgraded":1,"win_rate":0,"timestamp":1556864448,"path_taken":["M","M","$","?","?","E","R","E","T","$","M","E"],"build_version":"2019-01-23","purchased_purges":1,"victory":false,"max_hp_per_floor":[70,70,77,77,77,77,77,77,77,77,77,77],"card_choices":[{"not_picked":["Concentrate","Predator"],"picked":"Blade Dance","floor":1},{"not_picked":["Dagger Throw","Setup"],"picked":"Deadly Poison","floor":2},{"not_picked":["Eviscerate","Bouncing Flask"],"picked":"Poisoned Stab","floor":6},{"not_picked":["Sucker Punch","Prepared"],"picked":"Backflip","floor":8},{"not_picked":["Slice+1","Quick Slash+1"],"picked":"Dodge and Roll","floor":11}],"player_experience":552488,"relics_obtained":[{"floor":4,"key":"Potion Belt"},{"floor":6,"key":"Frozen Egg 2"},{"floor":8,"key":"Pocketwatch"},{"floor":9,"key":"Molten Egg 2"}],"event_choices":[{"cards_removed":["Strike_G"],"damage_healed":0,"gold_gain":0,"player_choice":"Purged","damage_taken":0,"max_hp_gain":0,"max_hp_loss":0,"event_name":"Purifier","floor":5,"gold_loss":0}],"is_beta":false,"boss_relics":[],"items_purged_floors":[3],"is_endless":false,"potions_floor_spawned":[2,6,8],"killed_by":"3 Sentries","ascension_level":13}