{"path_per_floor":["M","?","?","M","M","E","M","R","T","E","M","?","R","$","R","B",null,"M","$","?","M","?","E","M"],"character_chosen":"IRONCLAD","items_purchased":["Rampage","Trip","Inflame","Flash of Steel"],"gold_per_floor":[111,111,111,125,141,167,177,177,177,212,226,226,226,65,65,170,170,183,59,59,70,70,133,145],"floor_reached":25,"campfire_rested":1,"playtime":4504,"current_hp_per_floor":[84,84,88,78,73,73,62,88,88,76,82,82,82,82,82,34,88,70,70,70,54,54,36,30],"items_purged":[],"gold":145,"play_id":"95199a90-dd81-40a6-afce-1f369d03226a","is_prod":false,"is_daily":false,"campfire_rituals":0,"campfire_upgraded":2,"is_hardmode":false,"path_taken":["M","?","?","M","M","E","M","R","T","E","?","?","R","$","R","BOSS","M","?","?","M","?","E","?","E"],"build_version":"2017-12-17-BETA1","purchased_purges":0,"victory":false,"master_deck":["Strike_R","Strike_R","Strike_R","Strike_R","Strike_R","Defend_R","Defend_R","Defend_R","Bash","Sever Soul","Clash","Combust","Heavy Blade","Whirlwind","Bash","Rampage","Trip","Bludgeon","Shrug It Off","Rage","Combust","Pummel","Inflame","Flash of Steel","Shockwave","Fiend Fire","Headbutt","Shrug It Off"],"max_hp_per_floor":[88,88,88,88,88,88,88,88,88,88,88,88,88,88,88,88,88,88,88,88,88,88,88,88],"relics":["Burning Blood","Bottled Lightning","Happy Flower","Mercury Hourglass","Astrolabe","Tiny Chest"],"campfire_meditates":0,"card_choices":[{"not_picked":["True Grit","Rage"],"picked":"Thunderclap"},{"not_picked":["Sword Boomerang","Headbutt"],"picked":"Sever Soul"},{"not_picked":["Warcry","Shockwave"],"picked":"Clash"},{"not_picked":["Juggernaut","Armaments"],"picked":"Combust"},{"not_picked":["True Grit","Seeing Red"],"picked":"Heavy Blade"},{"not_picked":["True Grit","Heavy Blade"],"picked":"Whirlwind"},{"not_picked":["True Grit","Feel No Pain"],"picked":"Body Slam"},{"not_picked":["Offering","Dark Embrace"],"picked":"Bludgeon"},{"not_picked":["Twin Strike","Combust"],"picked":"Pummel"},{"not_picked":["Clothesline","Cleave"],"picked":"Fiend Fire"},{"not_picked":["Feel No Pain","Iron Wave"],"picked":"Headbutt"},{"not_picked":["Flex","Brutality"],"picked":"Shrug It Off"}],"player_experience":33492,"potions_floor_usage":[10,16,16,21,24,24],"damage_taken":[{"damage":10.0,"enemies":"Looter","floor":1.0,"turns":3.0},{"damage":16.0,"enemies":"Blue Slaver","floor":4.0,"turns":4.0},{"damage":11.0,"enemies":"Jaw Worm","floor":5.0,"turns":3.0},{"damage":6.0,"enemies":"Gremlin Nob","floor":6.0,"turns":3.0},{"damage":17.0,"enemies":"Red Slaver","floor":7.0,"turns":3.0},{"damage":18,"enemies":"Lagavulin","floor":10,"turns":4},{"damage":0,"enemies":"3 Louse","floor":11,"turns":1},{"damage":54,"enemies":"Hexaghost","floor":16,"turns":7},{"damage":24,"enemies":"Shell Parasite","floor":18,"turns":4},{"damage":22,"enemies":"Spheric Guardian","floor":21,"turns":4},{"damage":24,"enemies":"Gremlin Leader","floor":23,"turns":5},{"damage":12,"enemies":"Centurion and Healer","floor":24,"turns":3},{"damage":30,"enemies":"Slavers","floor":25,"turns":3}],"event_choices":[{"event_name":"Purifier","player_choice":"One Purge","floor":2.0,"damage_taken":0.0},{"event_name":"Bonfire Elementals","player_choice":"ATTACK","floor":3.0,"damage_taken":0.0},{"event_name":"Match and Keep!","player_choice":"3 cards matched","floor":12,"damage_taken":0},{"event_name":"The Library","player_choice":"Read","floor":20,"damage_taken":0},{"event_name":"Cursed Tome","player_choice":"Ignored","floor":22,"damage_taken":0}],"boss_relics":[{"not_picked":["Orrery","Snecko Eye"],"picked":"Astrolabe"}],"potions_floor_spawned":[5,7,11,16,21,23],"seed_played":"237079021735980957","killed_by":"Slavers","is_trial":false}