{"gold_per_floor":[113,127,143,160,174,174,207,207,207,221,221,250,250,265,265,265],"floor_reached":16,"playtime":1306,"items_purged":[],"score":228,"play_id":"2df46775-aad3-4f06-95a5-e34e568b2d12","local_time":"20190928042534","is_ascension_mode":true,"campfire_choices":[{"data":"Glacier","floor":6,"key":"SMITH"},{"data":"Go for the Eyes","floor":8,"key":"SMITH"},{"floor":11,"key":"REST"},{"floor":15,"key":"REST"}],"neow_cost":"NONE","seed_source_timestamp":1664912284704832,"circlet_count":0,"master_deck":["AscendersBane","Strike_B","Strike_B","Strike_B","Strike_B","Defend_B","Defend_B","Defend_B","Defend_B","Zap+1","Dualcast","Go for the Eyes+1","Self Repair","Glacier+1","Machine Learning","Defragment","Consume","Defragment"],"special_seed":0,"relics":["Cracked Core","Unceasing Top","WingedGreaves","Shovel"],"potions_floor_usage":[16,16],"damage_taken":[{"damage":2.0,"enemies":"Jaw Worm","floor":1.0,"turns":3.0},{"damage":7.0,"enemies":"2 Louse","floor":2.0,"turns":3.0},{"damage":6.0,"enemies":"Cultist","floor":3.0,"turns":3.0},{"damage":0.0,"enemies":"Large Slime","floor":4.0,"turns":5.0},{"damage":30,"enemies":"Exordium Thugs","floor":5,"turns":6},{"damage":27,"enemies":"3 Sentries","floor":7,"turns":12},{"damage":7,"enemies":"2 Fungi Beasts","floor":10,"turns":3},{"damage":31,"enemies":"Gremlin Nob","floor":12,"turns":5},{"damage":16,"enemies":"Blue Slaver","floor":14,"turns":4},{"damage":45,"enemies":"Hexaghost","floor":16,"turns":14}],"seed_played":"190107120610017425","potions_obtained":[{"floor":3.0,"key":"AttackPotion"},{"floor":7,"key":"FairyPotion"},{"floor":10,"key":"Regen Potion"},{"floor":14,"key":"Energy Potion"}],"is_trial":false,"path_per_floor":["M","M","M","M","M","R","E","R","T","M","R","E","?","M","R","B"],"character_chosen":"DEFECT","items_purchased":[],"campfire_rested":2,"item_purchase_floors":[],"current_hp_per_floor":[62,55,56,63,40,40,20,20,20,20,41,17,17,8,29,0],"gold":265,"neow_bonus":"UPGRADE_CARD","is_prod":false,"is_daily":false,"chose_seed":false,"campfire_upgraded":2,"win_rate":0,"timestamp":1569659134,"path_taken":["M","M","M","M","M","R","E","R","T","M","R","E","?","M","R","BOSS"],"build_version":"2019-07-17","purchased_purges":0,"victory":false,"max_hp_per_floor":[71,71,71,71,71,71,71,71,71,71,71,71,71,71,71,71],"card_choices":[{"not_picked":["Hologram","Blizzard"],"picked":"Go for the Eyes","floor":1.0},{"not_picked":["Stack","Sunder"],"picked":"Self Repair","floor":2.0},{"not_picked":["Scrape","Rebound"],"picked":"Glacier","floor":3.0},{"not_picked":["Hologram","Turbo","Leap"],"picked":"SKIP","floor":4.0},{"not_picked":["Gash","Chaos","Storm"],"picked":"SKIP","floor":5},{"not_picked":["Steam","Stack"],"picked":"Machine Learning","floor":7},{"not_picked":["Turbo","Cold Snap"],"picked":"Defragment","floor":10},{"not_picked":["Aggregate","Skim"],"picked":"Consume","floor":12},{"not_picked":["Leap","Blizzard"],"picked":"Defragment","floor":14}],"player_experience":511142,"relics_obtained":[{"floor":7,"key":"Unceasing Top"},{"floor":9,"key":"WingedGreaves"},{"floor":12,"key":"Shovel"}],"event_choices":[{"damage_healed":0,"gold_gain":0,"player_choice":"Ignored","damage_taken":0,"max_hp_gain":0,"max_hp_loss":0,"event_name":"Liars Game","floor":13,"gold_loss":0}],"is_beta":false,"boss_relics":[],"items_purged_floors":[],"is_endless":false,"potions_floor_spawned":[3,7,10,14],"killed_by":"Hexaghost","ascension_level":20}