{"gold_per_floor":[118,128,143,162,179,179,32,32,32,32,47,47,47,122,122,224,224,234,254,254,272,272,272,282,197,197,197,208,20,38,53,53,151,151,170,170,221,236,251,251,251,269,292,307,14,14,114,131,131,131],"floor_reached":51,"playtime":4274,"items_purged":["Strike_B"],"score":668,"play_id":"87307e00-dd52-4ff9-b149-b3d02de066db","local_time":"20190629155611","is_ascension_mode":false,"campfire_choices":[{"data":"Coolheaded","floor":6,"key":"SMITH"},{"data":"Loop","floor":8,"key":"SMITH"},{"data":"Conserve Battery","floor":13,"key":"SMITH"},{"floor":15,"key":"REST"},{"data":"Creative AI","floor":23,"key":"SMITH"},{"data":"Coolheaded","floor":27,"key":"SMITH"},{"floor":32,"key":"REST"},{"floor":40,"key":"REST"},{"data":"Loop","floor":46,"key":"SMITH"},{"floor":49,"key":"REST"}],"neow_cost":"NONE","seed_source_timestamp":7062192951300,"circlet_count":0,"master_deck":["Strike_B+1","Strike_B+1","Strike_B+1","Defend_B+1","Defend_B+1","Defend_B+1","Defend_B+1","Zap","Dualcast","Conserve Battery+1","Cold Snap","Heatsinks","Coolheaded+1","Ball Lightning","Loop+1","Electrodynamics","Creative AI+1","Stack+1","Glacier+1","Coolheaded+1","Genetic Algorithm","Loop+1","Glacier","Glacier+1","Biased Cognition","Go for the Eyes","FTL","Loop+1","Loop+1"],"relics":["Cracked Core","Bottled Tornado","Sozu","Sundial","Incense Burner","Dream Catcher","Eternal Feather","WingedGreaves","Vajra","PreservedInsect","FossilizedHelix"],"potions_floor_usage":[4,16,18,18],"damage_taken":[{"damage":1,"enemies":"2 Louse","floor":1,"turns":3},{"damage":0,"enemies":"Cultist","floor":2,"turns":3},{"damage":0,"enemies":"Small Slimes","floor":3,"turns":3},{"damage":3,"enemies":"Looter","floor":4,"turns":3},{"damage":7,"enemies":"Exordium Wildlife","floor":5,"turns":5},{"damage":9,"enemies":"3 Louse","floor":11,"turns":3},{"damage":0,"enemies":"Slime Boss","floor":16,"turns":6},{"damage":13,"enemies":"3 Byrds","floor":18,"turns":3},{"damage":9,"enemies":"Chosen","floor":19,"turns":5},{"damage":5,"enemies":"Centurion and Healer","floor":21,"turns":4},{"damage":0,"enemies":"Sentry and Sphere","floor":24,"turns":10},{"damage":0,"enemies":"3 Cultists","floor":28,"turns":3},{"damage":1,"enemies":"Shelled Parasite and Fungi","floor":30,"turns":9},{"damage":13,"enemies":"Centurion and Healer","floor":31,"turns":7},{"damage":20,"enemies":"Collector","floor":33,"turns":15},{"damage":0,"enemies":"3 Darklings","floor":35,"turns":6},{"damage":37,"enemies":"2 Orb Walkers","floor":37,"turns":7},{"damage":1,"enemies":"3 Shapes","floor":38,"turns":2},{"damage":1,"enemies":"Maw","floor":39,"turns":9},{"damage":10,"enemies":"4 Shapes","floor":42,"turns":4},{"damage":16,"enemies":"3 Darklings","floor":44,"turns":4},{"damage":20,"enemies":"Sphere and 2 Shapes","floor":48,"turns":5},{"damage":27,"enemies":"Time Eater","floor":50,"turns":15}],"seed_played":"915550856414897612","potions_obtained":[{"floor":3,"key":"PowerPotion"},{"floor":5,"key":"FearPotion"},{"floor":11,"key":"FearPotion"},{"floor":16,"key":"Energy Potion"}],"is_trial":false,"path_per_floor":["M","M","M","M","M","R","$","R","T","?","M","?","R","?","R","B",null,"M","M","?","M","?","R","M","?","T","R","M","$","M","M","R","B",null,"M","?","?","M","M","R","T","M","T","M","$","R","?","M","R","B",null],"character_chosen":"DEFECT","items_purchased":["Loop","Dream Catcher","Loop","FossilizedHelix"],"campfire_rested":4,"item_purchase_floors":[7,29,29,45],"current_hp_per_floor":[81,81,81,78,71,71,71,71,71,71,62,62,62,51,75,75,82,69,60,82,77,77,77,77,77,77,77,77,77,76,63,82,62,82,82,82,45,44,43,82,82,72,72,56,56,71,71,51,82,55],"gold":131,"neow_bonus":"TEN_PERCENT_HP_BONUS","is_prod":false,"is_daily":false,"chose_seed":false,"campfire_upgraded":6,"win_rate":0.0,"timestamp":1561820171,"path_taken":["M","M","M","M","M","R","$","R","T","?","?","?","R","?","R","BOSS","M","M","?","M","?","R","M","?","T","R","M","$","M","M","R","BOSS","M","?","?","M","M","R","?","M","T","?","$","R","?","M","R","BOSS"],"build_version":"2019-01-23","purchased_purges":1,"victory":true,"max_hp_per_floor":[82,82,82,82,82,82,82,82,82,82,82,82,82,82,82,82,82,82,82,82,82,82,82,82,82,82,82,82,82,82,82,82,82,82,82,82,82,82,82,82,82,82,82,82,82,82,82,82,82,82],"card_choices":[{"not_picked":["Chaos","Gash"],"picked":"Conserve Battery","floor":1},{"not_picked":["Leap","Beam Cell"],"picked":"Cold Snap","floor":2},{"not_picked":["Tempest","Compile Driver"],"picked":"Heatsinks","floor":3},{"not_picked":["Barrage","Multi-Cast"],"picked":"Coolheaded","floor":4},{"not_picked":["Leap","Conserve Battery"],"picked":"Ball Lightning","floor":5},{"not_picked":["Go for the Eyes","Gash"],"picked":"Electrodynamics","floor":11},{"not_picked":["Multi-Cast","Reboot"],"picked":"Creative AI","floor":16},{"not_picked":["Darkness","Barrage"],"picked":"Stack+1","floor":18},{"not_picked":["BootSequence","Stack"],"picked":"Glacier+1","floor":19},{"not_picked":["Storm","Stack"],"picked":"Coolheaded","floor":21},{"not_picked":["Barrage","All For One","Stack+1"],"picked":"SKIP","floor":24},{"not_picked":["Beam Cell+1","Auto Shields"],"picked":"Genetic Algorithm","floor":28},{"not_picked":["Melter","Leap"],"picked":"Glacier","floor":30},{"not_picked":["Compile Driver","Ball Lightning","Gash"],"picked":"SKIP","floor":31},{"not_picked":["Cold Snap+1","Ball Lightning"],"picked":"Glacier+1","floor":32},{"not_picked":["Thunder Strike","Multi-Cast"],"picked":"Biased Cognition","floor":33},{"not_picked":["Beam Cell","Gash"],"picked":"Go for the Eyes","floor":35},{"not_picked":["Hologram","Ball Lightning","Conserve Battery+1"],"picked":"SKIP","floor":38},{"not_picked":["Go for the Eyes+1","Sweeping Beam+1"],"picked":"FTL","floor":39},{"not_picked":["Scrape+1","Aggregate"],"picked":"Loop+1","floor":40},{"not_picked":["FTL","Hologram+1"],"picked":"Loop+1","floor":42},{"not_picked":["Conserve Battery+1","Aggregate","Stack"],"picked":"SKIP","floor":44},{"not_picked":["Conserve Battery","Static Discharge+1","Heatsinks"],"picked":"SKIP","floor":48}],"player_experience":8172,"relics_obtained":[{"floor":9,"key":"Bottled Tornado"},{"floor":26,"key":"Incense Burner"},{"floor":37,"key":"WingedGreaves"},{"floor":41,"key":"Vajra"},{"floor":43,"key":"PreservedInsect"}],"event_choices":[{"damage_healed":0,"gold_gain":0,"player_choice":"Cursed","damage_taken":0,"max_hp_gain":0,"max_hp_loss":0,"event_name":"Wheel of Change","floor":10,"gold_loss":0,"cards_obtained":["Decay"]},{"cards_removed":["Decay"],"damage_healed":0,"gold_gain":0,"player_choice":"Forget","damage_taken":0,"max_hp_gain":0,"max_hp_loss":0,"event_name":"Living Wall","floor":12,"gold_loss":0},{"damage_healed":0,"gold_gain":75,"player_choice":"Gather Gold","damage_taken":11,"max_hp_gain":0,"max_hp_loss":0,"event_name":"World of Goop","floor":14,"gold_loss":0},{"damage_healed":27,"gold_gain":0,"player_choice":"Heal","damage_taken":0,"max_hp_gain":0,"max_hp_loss":0,"event_name":"The Library","floor":20,"gold_loss":0},{"damage_healed":0,"gold_gain":0,"player_choice":"Simplicity","damage_taken":0,"max_hp_gain":0,"max_hp_loss":0,"event_name":"Back to Basics","floor":22,"gold_loss":0,"cards_upgraded":["Strike_B","Strike_B","Strike_B","Defend_B","Defend_B","Defend_B","Defend_B"]},{"damage_healed":0,"gold_gain":0,"player_choice":"Obtained Relic","damage_taken":0,"relics_obtained":["Sundial"],"max_hp_gain":0,"max_hp_loss":0,"event_name":"Addict","floor":25,"gold_loss":85},{"damage_healed":0,"gold_gain":0,"player_choice":"Ignored","damage_taken":0,"max_hp_gain":0,"max_hp_loss":0,"event_name":"Tomb of Lord Red Mask","floor":36,"gold_loss":0},{"damage_healed":0,"gold_gain":0,"player_choice":"Fight","damage_taken":0,"max_hp_gain":0,"max_hp_loss":0,"event_name":"Mysterious Sphere","floor":37,"gold_loss":0},{"damage_healed":0,"gold_gain":100,"player_choice":"Pray","damage_taken":0,"max_hp_gain":0,"max_hp_loss":0,"event_name":"Golden Shrine","floor":47,"gold_loss":0}],"is_beta":false,"boss_relics":[{"not_picked":["Astrolabe","Calling Bell"],"picked":"Sozu"},{"not_picked":["Fusion Hammer","Philosopher\u0027s Stone"],"picked":"Eternal Feather"}],"items_purged_floors":[7],"is_endless":false,"potions_floor_spawned":[3,5,11,16,19,24,31,33,38,44],"ascension_level":0}