{"gold_per_floor":[367,386,78,90,101,101,118,135,187,187,198,30,44,109,109,205,205,222,18,31,31,43,43],"floor_reached":23,"playtime":1317,"items_purged":["Strike_G","Defend_G","Pain"],"score":187,"play_id":"01866a38-47a3-49aa-82cb-5aa3d6678b87","local_time":"20190516202137","is_ascension_mode":false,"campfire_choices":[{"data":"Bouncing Flask","floor":6,"key":"SMITH"},{"floor":10,"key":"REST"},{"floor":15,"key":"REST"}],"neow_cost":"PERCENT_DAMAGE","seed_source_timestamp":123763256310955,"circlet_count":0,"master_deck":["Defend_G","Defend_G","Defend_G","Defend_G","Strike_G","Strike_G","Strike_G","Strike_G","Survivor","Neutralize","Dash","Bouncing Flask+1","Dagger Spray","Bane","Bouncing Flask","Well Laid Plans","PiercingWail","Glass Knife","Parasite","Parasite","Caltrops","Noxious Fumes","Blur"],"relics":["Ring of the Snake","Snake Skull","Juzu Bracelet","Ginger","Calling Bell","Anchor","Pantograph","Girya"],"potions_floor_usage":[],"damage_taken":[{"damage":1,"enemies":"Jaw Worm","floor":1,"turns":6},{"damage":0,"enemies":"Small Slimes","floor":2,"turns":4},{"damage":0,"enemies":"2 Louse","floor":4,"turns":3},{"damage":3,"enemies":"2 Fungi Beasts","floor":5,"turns":3},{"damage":10,"enemies":"Exordium Thugs","floor":7,"turns":4},{"damage":0,"enemies":"Looter","floor":8,"turns":4},{"damage":0,"enemies":"2 Fungi Beasts","floor":11,"turns":3},{"damage":3,"enemies":"Large Slime","floor":13,"turns":4},{"damage":31,"enemies":"3 Sentries","floor":14,"turns":6},{"damage":16,"enemies":"Slime Boss","floor":16,"turns":10},{"damage":11,"enemies":"Spheric Guardian","floor":18,"turns":3},{"damage":10,"enemies":"2 Thieves","floor":20,"turns":3},{"damage":16,"enemies":"Chosen and Byrds","floor":22,"turns":5},{"damage":34,"enemies":"Book of Stabbing","floor":23,"turns":4}],"seed_played":"-1887932658720867497","potions_obtained":[{"floor":1,"key":"Weak Potion"},{"floor":2,"key":"SpeedPotion"},{"floor":5,"key":"GamblersBrew"},{"floor":14,"key":"Dexterity Potion"}],"is_trial":false,"path_per_floor":["M","M","$","M","M","R","M","M","T","R","M","$","M","?","R","B",null,"M","$","M","?","M","E"],"character_chosen":"THE_SILENT","items_purchased":["Snake Skull","Bouncing Flask","Well Laid Plans","Noxious Fumes"],"campfire_rested":2,"item_purchase_floors":[3,3,12,19],"current_hp_per_floor":[48,48,48,48,45,45,35,35,35,56,56,56,53,22,43,27,70,59,59,49,49,33,0],"gold":43,"neow_bonus":"TWO_FIFTY_GOLD","is_prod":false,"is_daily":false,"chose_seed":false,"campfire_upgraded":1,"win_rate":0.0,"timestamp":1558063297,"path_taken":["M","M","$","M","M","R","M","M","T","R","M","$","M","?","R","BOSS","M","$","M","?","M","E"],"build_version":"2019-01-23","purchased_purges":3,"victory":false,"max_hp_per_floor":[70,70,70,70,70,70,70,70,70,70,70,70,70,70,70,70,70,70,70,70,70,70,70],"card_choices":[{"not_picked":["Backstab","Quick Slash"],"picked":"Dash","floor":1},{"not_picked":["Calculated Gamble","Bane","Flechettes"],"picked":"SKIP","floor":2},{"not_picked":["Deflect","Prepared"],"picked":"Dagger Spray","floor":4},{"not_picked":["Slice","Blade Dance","Dagger Spray"],"picked":"SKIP","floor":5},{"not_picked":["Acrobatics","Wraith Form v2","Prepared"],"picked":"SKIP","floor":7},{"not_picked":["Masterful Stab","Prepared"],"picked":"Bane","floor":8},{"not_picked":["PiercingWail","Sucker Punch"],"picked":"Bouncing Flask","floor":11},{"not_picked":["Calculated Gamble","Deadly Poison","Escape Plan"],"picked":"SKIP","floor":13},{"not_picked":["Slice","Dagger Throw"],"picked":"PiercingWail","floor":14},{"not_picked":["Corpse Explosion","Adrenaline"],"picked":"Glass Knife","floor":16},{"not_picked":["Poisoned Stab","Quick Slash"],"picked":"Caltrops","floor":18},{"not_picked":["Distraction","Quick Slash","Dagger Throw+1"],"picked":"SKIP","floor":20},{"not_picked":["Acrobatics","All Out Attack"],"picked":"Blur","floor":22}],"player_experience":91861,"relics_obtained":[{"floor":9,"key":"Juzu Bracelet"},{"floor":17,"key":"Anchor"},{"floor":17,"key":"Pantograph"},{"floor":17,"key":"Girya"}],"event_choices":[{"damage_healed":0,"gold_gain":0,"player_choice":"Searched \u00272\u0027 times","damage_taken":0,"relics_obtained":["Ginger"],"max_hp_gain":0,"max_hp_loss":0,"event_name":"Dead Adventurer","floor":14,"gold_loss":0},{"damage_healed":0,"gold_gain":0,"player_choice":"Ignored","damage_taken":0,"max_hp_gain":0,"max_hp_loss":0,"event_name":"Ghosts","floor":21,"gold_loss":0}],"is_beta":false,"boss_relics":[{"not_picked":["Fusion Hammer","Ectoplasm"],"picked":"Calling Bell"}],"items_purged_floors":[3,12,19],"is_endless":false,"potions_floor_spawned":[1,2,5,8,14],"killed_by":"Book of Stabbing","ascension_level":0}