{"gold_per_floor":[112,128,141,157,172,172,172,172,172,172,190,219,219,237,237,336,336,351,27,27,27,27,27,27,55,55,73,73,87,87,116,116,215,215,234,249,249,249,249,249,268,268,268,193,203,234,244,244],"floor_reached":48,"playtime":1267,"items_purged":[],"score":725,"play_id":"c09d4ed4-ebd1-475c-b604-00714c10218a","local_time":"20190405220356","is_ascension_mode":true,"campfire_choices":[{"data":"Backstab","floor":6,"key":"SMITH"},{"data":"Corpse Explosion","floor":10,"key":"SMITH"},{"data":"Bane","floor":13,"key":"SMITH"},{"data":"Neutralize","floor":15,"key":"SMITH"},{"data":"Adrenaline","floor":23,"key":"SMITH"},{"floor":28,"key":"REST"},{"floor":30,"key":"REST"},{"floor":32,"key":"REST"},{"data":"Bullet Time","floor":40,"key":"SMITH"},{"data":"Distraction","floor":42,"key":"SMITH"}],"neow_cost":"NONE","seed_source_timestamp":1719264827808956,"circlet_count":0,"master_deck":["Defend_G+1","Defend_G+1","Defend_G+1","Defend_G+1","Defend_G+1","Strike_G+1","Strike_G+1","Strike_G+1","Strike_G+1","Strike_G+1","Survivor","Neutralize+1","Slice","Bane+1","Corpse Explosion+1","Deflect","Backstab+1","Flying Knee+1","Sucker Punch+1","Dagger Spray+1","Adrenaline+1","All Out Attack+1","Noxious Fumes","Decay","PiercingWail","Calculated Gamble+1","Bouncing Flask","Distraction+1","Bullet Time+1","Backflip","Crippling Poison","Deadly Poison","Setup","Catalyst+1","Slice+1"],"relics":["Ring of the Snake","NeowsBlessing","Molten Egg 2","PreservedInsect","Kunai","Bottled Tornado","Nunchaku","Pen Nib","Shovel","Sozu","Bronze Scales","Gremlin Horn"],"potions_floor_usage":[25],"damage_taken":[{"damage":0,"enemies":"Cultist","floor":1,"turns":1},{"damage":0,"enemies":"2 Louse","floor":2,"turns":1},{"damage":0,"enemies":"Small Slimes","floor":3,"turns":1},{"damage":12,"enemies":"Blue Slaver","floor":4,"turns":6},{"damage":8,"enemies":"Gremlin Gang","floor":5,"turns":2},{"damage":1,"enemies":"Looter","floor":11,"turns":3},{"damage":5,"enemies":"3 Sentries","floor":12,"turns":3},{"damage":0,"enemies":"3 Louse","floor":14,"turns":2},{"damage":43,"enemies":"The Guardian","floor":16,"turns":12},{"damage":18,"enemies":"Spheric Guardian","floor":18,"turns":4},{"damage":20,"enemies":"Slavers","floor":25,"turns":5},{"damage":14,"enemies":"2 Thieves","floor":27,"turns":3},{"damage":13,"enemies":"Snecko","floor":29,"turns":5},{"damage":12,"enemies":"Gremlin Leader","floor":31,"turns":5},{"damage":51,"enemies":"Automaton","floor":33,"turns":11},{"damage":8,"enemies":"3 Shapes","floor":35,"turns":1},{"damage":25,"enemies":"3 Darklings","floor":36,"turns":3},{"damage":8,"enemies":"Maw","floor":41,"turns":7},{"damage":6,"enemies":"4 Shapes","floor":45,"turns":4},{"damage":19,"enemies":"Reptomancer","floor":46,"turns":4},{"damage":17,"enemies":"3 Darklings","floor":47,"turns":3},{"damage":19,"enemies":"Transient","floor":48,"turns":2}],"seed_played":"-8287152574365947290","potions_obtained":[{"floor":4,"key":"Strength Potion"},{"floor":12,"key":"AttackPotion"},{"floor":14,"key":"Regen Potion"},{"floor":18,"key":"Energy Potion"},{"floor":33,"key":"Strength Potion"}],"is_trial":false,"path_per_floor":["M","M","M","M","M","R","?","?","T","R","M","E","R","M","R","B",null,"M","$","?","$","?","R","T","E","T","M","R","M","R","E","R","B",null,"M","M","?","?","?","R","M","R","T","$","M","E","M","M"],"character_chosen":"THE_SILENT","items_purchased":["Kunai","Noxious Fumes","Setup"],"campfire_rested":3,"item_purchase_floors":[19,19,44],"current_hp_per_floor":[63,63,63,51,43,43,43,70,70,70,69,64,64,64,64,21,58,40,40,40,40,40,40,40,35,35,21,42,29,50,38,59,8,55,47,22,22,22,58,58,50,50,50,50,44,25,8,0],"gold":244,"neow_bonus":"THREE_ENEMY_KILL","is_prod":false,"is_daily":false,"chose_seed":false,"campfire_upgraded":7,"win_rate":0,"timestamp":1554519836,"path_taken":["M","M","?","M","M","R","?","?","T","R","M","E","R","M","R","BOSS","M","$","?","$","?","R","?","E","T","?","R","M","R","E","R","BOSS","M","M","?","?","?","R","M","R","T","$","?","E","M","M"],"build_version":"2019-01-23","purchased_purges":0,"victory":false,"max_hp_per_floor":[70,70,70,70,70,70,70,70,70,70,70,70,70,70,70,70,70,70,70,70,70,70,70,70,70,70,70,70,70,70,70,70,70,70,70,70,66,66,58,58,58,58,58,58,58,58,58,58],"card_choices":[{"not_picked":["Outmaneuver","Prepared"],"picked":"Slice","floor":1},{"not_picked":["Masterful Stab","Outmaneuver"],"picked":"Bane","floor":2},{"not_picked":["Endless Agony","Riddle With Holes"],"picked":"Corpse Explosion","floor":3},{"not_picked":["Outmaneuver","Flying Knee"],"picked":"Deflect","floor":4},{"not_picked":["Backflip","Prepared"],"picked":"Backstab","floor":5},{"not_picked":["Tactician","Underhanded Strike+1"],"picked":"Flying Knee+1","floor":11},{"not_picked":["Setup","Dash+1"],"picked":"Sucker Punch+1","floor":12},{"not_picked":["Backflip","Sucker Punch+1"],"picked":"Dagger Spray+1","floor":14},{"not_picked":["Envenom","Glass Knife+1"],"picked":"Adrenaline","floor":16},{"not_picked":["Blur","Blade Dance+1"],"picked":"All Out Attack+1","floor":18},{"not_picked":["Bane+1","Storm of Steel"],"picked":"PiercingWail","floor":25},{"not_picked":["Eviscerate+1","Poisoned Stab+1"],"picked":"Calculated Gamble+1","floor":27},{"not_picked":["Expertise","Acrobatics"],"picked":"Bouncing Flask","floor":29},{"not_picked":["Slice+1","Flying Knee+1"],"picked":"Distraction","floor":31},{"not_picked":["Corpse Explosion","Burst"],"picked":"Bullet Time","floor":33},{"not_picked":["Underhanded Strike+1","Blade Dance+1"],"picked":"Backflip","floor":35},{"not_picked":["Caltrops","Backflip"],"picked":"Crippling Poison","floor":36},{"not_picked":["Prepared+1","PiercingWail"],"picked":"Deadly Poison","floor":41},{"not_picked":["Deadly Poison","Outmaneuver+1"],"picked":"Catalyst+1","floor":45},{"not_picked":["Concentrate","Prepared+1","Poisoned Stab+1"],"picked":"SKIP","floor":46},{"not_picked":["Endless Agony+1","Sucker Punch+1"],"picked":"Slice+1","floor":47}],"player_experience":289597,"relics_obtained":[{"floor":9,"key":"Molten Egg 2"},{"floor":12,"key":"PreservedInsect"},{"floor":24,"key":"Bottled Tornado"},{"floor":25,"key":"Nunchaku"},{"floor":26,"key":"Pen Nib"},{"floor":31,"key":"Shovel"},{"floor":43,"key":"Bronze Scales"},{"floor":46,"key":"Gremlin Horn"}],"event_choices":[{"damage_healed":0,"gold_gain":0,"player_choice":"Ignored","damage_taken":0,"max_hp_gain":0,"max_hp_loss":0,"event_name":"Liars Game","floor":7,"gold_loss":0},{"damage_healed":27,"gold_gain":0,"player_choice":"Full Heal","damage_taken":0,"max_hp_gain":0,"max_hp_loss":0,"event_name":"Wheel of Change","floor":8,"gold_loss":0},{"damage_healed":0,"gold_gain":0,"player_choice":"Smashed Altar","damage_taken":0,"max_hp_gain":0,"max_hp_loss":0,"event_name":"Forgotten Altar","floor":20,"gold_loss":0,"cards_obtained":["Decay"]},{"damage_healed":0,"gold_gain":0,"player_choice":"Simplicity","damage_taken":0,"max_hp_gain":0,"max_hp_loss":0,"event_name":"Back to Basics","floor":22,"gold_loss":0,"cards_upgraded":["Defend_G","Defend_G","Defend_G","Defend_G","Defend_G","Strike_G","Strike_G","Strike_G","Strike_G","Strike_G"]},{"damage_healed":0,"gold_gain":0,"player_choice":"Max HP","damage_taken":0,"max_hp_gain":0,"max_hp_loss":4,"event_name":"Winding Halls","floor":37,"gold_loss":0},{"damage_healed":0,"gold_gain":0,"player_choice":"Ignored","damage_taken":0,"max_hp_gain":0,"max_hp_loss":0,"event_name":"Mysterious Sphere","floor":38,"gold_loss":0},{"damage_healed":58,"gold_gain":0,"player_choice":"Heal","damage_taken":0,"max_hp_gain":0,"max_hp_loss":8,"event_name":"The Moai Head","floor":39,"gold_loss":0}],"is_beta":false,"boss_relics":[{"not_picked":["Fusion Hammer","Runic Dome","Coffee Dripper"]},{"not_picked":["Tiny House","Busted Crown"],"picked":"Sozu"}],"items_purged_floors":[],"is_endless":false,"potions_floor_spawned":[4,12,14,18,33,45,47],"killed_by":"Transient","ascension_level":8}