{"gold_per_floor":[113,127,202,215,215,241,241,276,276,288,288,61,26,42,42,132,132,147,147,168,14,14,14,14,14,44,44,44,44,44],"floor_reached":30,"playtime":808,"items_purged":["Strike_B","Normality"],"score":410,"play_id":"8b1312e0-eae1-43a1-8794-20bf018f9029","local_time":"20190510015825","is_ascension_mode":true,"campfire_choices":[{"floor":7,"key":"REST"},{"data":"Defragment","floor":15,"key":"SMITH"},{"floor":23,"key":"REST"},{"data":"Zap","floor":27,"key":"SMITH"},{"data":"Static Discharge","floor":29,"key":"SMITH"}],"neow_cost":"NONE","seed_source_timestamp":1073792467324265,"circlet_count":0,"master_deck":["AscendersBane","Strike_B","Strike_B","Strike_B","Defend_B","Defend_B","Defend_B","Defend_B","Zap+1","Dualcast","Cold Snap","Static Discharge+1","Coolheaded+1","Ball Lightning","Coolheaded","Conserve Battery","Creative AI","Glacier","Defragment+1","Hologram","Core Surge","Shame","Parasite","Chill","Leap","Writhe"],"relics":["Cracked Core","Nunchaku","Sundial","Kunai","Bloody Idol","Calling Bell","Vajra","Frozen Egg 2","WingedGreaves","Matryoshka","Dream Catcher","Ornamental Fan","Pen Nib","Happy Flower","Tiny Chest"],"potions_floor_usage":[10,20],"damage_taken":[{"damage":8,"enemies":"2 Louse","floor":1,"turns":4},{"damage":0,"enemies":"Cultist","floor":2,"turns":4},{"damage":2,"enemies":"Jaw Worm","floor":4,"turns":5},{"damage":26,"enemies":"Gremlin Nob","floor":6,"turns":4},{"damage":24,"enemies":"3 Sentries","floor":8,"turns":7},{"damage":1,"enemies":"3 Louse","floor":10,"turns":2},{"damage":7,"enemies":"Exordium Wildlife","floor":14,"turns":7},{"damage":21,"enemies":"The Guardian","floor":16,"turns":16},{"damage":10,"enemies":"Spheric Guardian","floor":18,"turns":8},{"damage":20,"enemies":"3 Byrds","floor":20,"turns":5},{"damage":46,"enemies":"Gremlin Leader","floor":30,"turns":6}],"seed_played":"5618947312783827579","potions_obtained":[{"floor":1,"key":"Explosive Potion"},{"floor":2,"key":"GamblersBrew"},{"floor":10,"key":"Poison Potion"},{"floor":14,"key":"SmokeBomb"}],"is_trial":false,"path_per_floor":["M","M","?","M","?","E","R","E","T","M","?","$","?","M","R","B",null,"M","?","M","$","?","R","T","?","T","R","$","R","E"],"character_chosen":"DEFECT","items_purchased":["Glacier","Defragment","Leap"],"campfire_rested":2,"item_purchase_floors":[12,12,21],"current_hp_per_floor":[56,56,45,43,43,17,38,14,14,13,13,13,29,22,22,1,48,38,38,18,18,18,37,37,37,42,42,42,42,0],"gold":44,"neow_bonus":"THREE_CARDS","is_prod":false,"is_daily":false,"chose_seed":false,"campfire_upgraded":3,"win_rate":0,"timestamp":1557471505,"path_taken":["M","M","?","M","?","E","R","E","T","?","?","$","?","M","R","BOSS","M","?","?","$","?","R","?","?","T","R","$","R","E"],"build_version":"2019-01-23","purchased_purges":2,"victory":false,"max_hp_per_floor":[71,71,71,71,71,71,71,71,71,71,64,64,64,64,64,64,64,64,64,64,64,64,64,64,64,64,64,64,64,64],"card_choices":[{"not_picked":["Turbo","Coolheaded"],"picked":"Cold Snap","floor":0},{"not_picked":["Turbo","Scrape"],"picked":"Static Discharge","floor":1},{"not_picked":["Cold Snap","Go for the Eyes"],"picked":"Coolheaded","floor":2},{"not_picked":["Sweeping Beam","Compile Driver"],"picked":"Ball Lightning","floor":4},{"not_picked":["FTL","Skim"],"picked":"Coolheaded","floor":6},{"not_picked":["Turbo","Sweeping Beam"],"picked":"Conserve Battery","floor":8},{"not_picked":["Stack","Conserve Battery"],"picked":"Creative AI","floor":10},{"not_picked":["Turbo","Compile Driver"],"picked":"Hologram","floor":14},{"not_picked":["Amplify","Creative AI"],"picked":"Core Surge","floor":16},{"not_picked":["Gash","Streamline","Barrage"],"picked":"SKIP","floor":18},{"not_picked":["Stack","Go for the Eyes"],"picked":"Chill","floor":20}],"player_experience":387260,"relics_obtained":[{"floor":6,"key":"Nunchaku"},{"floor":8,"key":"Sundial"},{"floor":9,"key":"Kunai"},{"floor":17,"key":"Vajra"},{"floor":17,"key":"Frozen Egg 2"},{"floor":17,"key":"WingedGreaves"},{"floor":24,"key":"Dream Catcher"},{"floor":24,"key":"Ornamental Fan"},{"floor":26,"key":"Happy Flower"},{"floor":26,"key":"Tiny Chest"}],"event_choices":[{"damage_healed":0,"gold_gain":75,"player_choice":"Gather Gold","damage_taken":11,"max_hp_gain":0,"max_hp_loss":0,"event_name":"World of Goop","floor":3,"gold_loss":0},{"damage_healed":0,"gold_gain":0,"player_choice":"Upgraded","damage_taken":0,"max_hp_gain":0,"max_hp_loss":0,"event_name":"Upgrade Shrine","floor":5,"gold_loss":0,"cards_upgraded":["Coolheaded"]},{"damage_healed":0,"gold_gain":0,"player_choice":"Lose Max HP","damage_taken":0,"relics_obtained":["Golden Idol"],"max_hp_gain":0,"max_hp_loss":7,"event_name":"Golden Idol","floor":11,"gold_loss":0},{"damage_healed":16,"gold_gain":0,"player_choice":"Healed","damage_taken":0,"max_hp_gain":0,"max_hp_loss":0,"event_name":"The Cleric","floor":13,"gold_loss":35},{"damage_healed":0,"gold_gain":0,"player_choice":"Gave Potion","damage_taken":0,"relics_obtained":["Matryoshka"],"max_hp_gain":0,"max_hp_loss":0,"event_name":"WeMeetAgain","floor":19,"gold_loss":0},{"damage_healed":0,"gold_gain":0,"player_choice":"Gave Idol","damage_taken":0,"relics_obtained":["Bloody Idol"],"max_hp_gain":0,"max_hp_loss":0,"event_name":"Forgotten Altar","floor":22,"relics_lost":["Golden Idol"],"gold_loss":0},{"damage_healed":0,"gold_gain":0,"player_choice":"Opened","damage_taken":0,"relics_obtained":["Pen Nib"],"max_hp_gain":0,"max_hp_loss":0,"event_name":"The Mausoleum","floor":25,"gold_loss":0,"cards_obtained":["Writhe"]}],"is_beta":false,"boss_relics":[{"not_picked":["Busted Crown","Tiny House"],"picked":"Calling Bell"}],"items_purged_floors":[12,21],"is_endless":false,"potions_floor_spawned":[1,2,10,14],"killed_by":"Gremlin Leader","ascension_level":15}