{"gold_per_floor":[114,114,134,134,152,152,182,182,182,201,232,248,267,280,280,280],"floor_reached":16,"playtime":584,"items_purged":[],"score":211,"play_id":"8efd1946-226f-4eea-8bbd-4bcbf8ed4347","local_time":"20190513014856","is_ascension_mode":true,"campfire_choices":[{"data":"Quick Slash","floor":6.0,"key":"SMITH"},{"data":"Tools of the Trade","floor":8.0,"key":"SMITH"},{"floor":15,"key":"REST"}],"neow_cost":"NONE","seed_source_timestamp":1332629252223718,"circlet_count":0,"master_deck":["AscendersBane","Defend_G","Defend_G","Defend_G","Defend_G","Defend_G","Strike_G","Strike_G","Strike_G","Strike_G","Strike_G","Survivor+1","Neutralize","Dagger Spray+1","Backflip","Quick Slash+1","Tools of the Trade+1","PiercingWail","Calculated Gamble","Poisoned Stab","Outmaneuver"],"special_seed":0,"relics":["Ring of the Snake","Darkstone Periapt","Oddly Smooth Stone","Lantern"],"potions_floor_usage":[],"damage_taken":[{"damage":0.0,"enemies":"2 Louse","floor":1.0,"turns":6.0},{"damage":9.0,"enemies":"Jaw Worm","floor":3.0,"turns":8.0},{"damage":0.0,"enemies":"Cultist","floor":5.0,"turns":4.0},{"damage":16.0,"enemies":"Gremlin Nob","floor":7.0,"turns":4.0},{"damage":1.0,"enemies":"Large Slime","floor":10.0,"turns":6.0},{"damage":4.0,"enemies":"3 Sentries","floor":11.0,"turns":6.0},{"damage":0,"enemies":"2 Fungi Beasts","floor":12,"turns":2},{"damage":0,"enemies":"Lots of Slimes","floor":13,"turns":1},{"damage":2,"enemies":"Blue Slaver","floor":14,"turns":4},{"damage":44,"enemies":"The Guardian","floor":16,"turns":18}],"seed_played":"3630954325510421598","potions_obtained":[{"floor":5.0,"key":"Poison Potion"},{"floor":10.0,"key":"Fire Potion"},{"floor":12,"key":"SpeedPotion"},{"floor":13,"key":"Ancient Potion"}],"is_trial":false,"path_per_floor":["M","?","M","?","M","R","E","R","T","M","E","M","M","M","R","B"],"character_chosen":"THE_SILENT","items_purchased":[],"campfire_rested":1,"item_purchase_floors":[],"current_hp_per_floor":[59,54,45,45,45,45,29,29,29,28,24,24,24,22,41,0],"gold":280,"neow_bonus":"UPGRADE_CARD","is_prod":false,"is_daily":false,"chose_seed":false,"campfire_upgraded":2,"win_rate":0,"timestamp":1557730136,"path_taken":["M","?","M","?","M","R","E","R","T","M","E","M","M","?","R","BOSS"],"build_version":"2019-01-23","purchased_purges":0,"victory":false,"max_hp_per_floor":[66,66,66,66,66,66,66,66,66,66,66,66,66,66,66,66],"card_choices":[{"not_picked":["Masterful Stab","Caltrops"],"picked":"Dagger Spray","floor":1.0},{"not_picked":["Eviscerate","Dagger Throw"],"picked":"Backflip","floor":3.0},{"not_picked":["Underhanded Strike","Terror"],"picked":"Quick Slash","floor":5.0},{"not_picked":["Setup","Flying Knee"],"picked":"Tools of the Trade","floor":7.0},{"not_picked":["Slice","Acrobatics"],"picked":"PiercingWail","floor":10.0},{"not_picked":["PiercingWail","Bane"],"picked":"Calculated Gamble","floor":11.0},{"not_picked":["Acrobatics","Sucker Punch"],"picked":"Poisoned Stab","floor":12},{"not_picked":["Skewer","Concentrate"],"picked":"Outmaneuver","floor":13},{"not_picked":["Dagger Throw","Bane","Poisoned Stab"],"picked":"SKIP","floor":14}],"player_experience":416153,"relics_obtained":[{"floor":7.0,"key":"Darkstone Periapt"},{"floor":9.0,"key":"Oddly Smooth Stone"},{"floor":11.0,"key":"Lantern"}],"event_choices":[{"damage_healed":0.0,"max_hp_gain":0.0,"max_hp_loss":0.0,"gold_gain":0.0,"event_name":"Scrap Ooze","player_choice":"Fled","floor":2.0,"gold_loss":0.0,"damage_taken":5.0},{"damage_healed":0.0,"max_hp_gain":0.0,"max_hp_loss":0.0,"gold_gain":0.0,"event_name":"Accursed Blacksmith","player_choice":"Forge","floor":4.0,"gold_loss":0.0,"damage_taken":0.0,"cards_upgraded":["Dagger Spray"]}],"is_beta":false,"boss_relics":[],"items_purged_floors":[],"is_endless":false,"potions_floor_spawned":[5,10,12,13,14],"killed_by":"The Guardian","ascension_level":17}