{"gold_per_floor":[118,118,118,130,141,141,173,173,173,187,215,215,225,195],"floor_reached":14,"playtime":617,"items_purged":[],"score":100,"play_id":"dde1a55a-a985-45a0-8a77-f342528aa2d1","local_time":"20190523153953","is_ascension_mode":false,"campfire_choices":[{"floor":6,"key":"REST"},{"data":"Dagger Spray","floor":8,"key":"SMITH"}],"neow_cost":"NONE","seed_source_timestamp":9149836146473,"circlet_count":0,"master_deck":["Defend_G","Defend_G","Defend_G","Defend_G","Defend_G","Strike_G","Strike_G","Strike_G","Strike_G","Survivor","Neutralize","Sucker Punch","Dagger Spray+1","Well Laid Plans+1","Noxious Fumes+1","Flying Knee","Flechettes","PiercingWail"],"relics":["Ring of the Snake","NeowsBlessing","Frozen Egg 2","Bottled Lightning","Bottled Flame","Juzu Bracelet"],"potions_floor_usage":[],"damage_taken":[{"damage":0,"enemies":"Jaw Worm","floor":1,"turns":1},{"damage":0,"enemies":"Small Slimes","floor":4,"turns":1},{"damage":0,"enemies":"2 Louse","floor":5,"turns":1},{"damage":44,"enemies":"3 Sentries","floor":7,"turns":8},{"damage":4,"enemies":"Exordium Wildlife","floor":10,"turns":2},{"damage":17,"enemies":"Gremlin Nob","floor":11,"turns":5},{"damage":2,"enemies":"2 Fungi Beasts","floor":13,"turns":4},{"damage":7,"enemies":"Looter","floor":14,"turns":2}],"seed_played":"-820272758784844408","potions_obtained":[{"floor":11,"key":"Weak Potion"},{"floor":13,"key":"Weak Potion"}],"is_trial":false,"path_per_floor":["M","?","?","M","M","R","E","R","T","M","E","?","M","M"],"character_chosen":"THE_SILENT","items_purchased":[],"campfire_rested":1,"item_purchase_floors":[],"current_hp_per_floor":[70,58,51,51,51,70,26,26,26,22,5,5,3,0],"gold":195,"neow_bonus":"THREE_ENEMY_KILL","is_prod":false,"is_daily":false,"chose_seed":false,"campfire_upgraded":1,"win_rate":0,"timestamp":1558651193,"path_taken":["M","?","?","M","M","R","E","R","T","M","E","?","M","M"],"build_version":"2019-01-23","purchased_purges":0,"victory":false,"max_hp_per_floor":[70,70,70,70,70,70,70,70,70,70,70,70,70,70],"card_choices":[{"not_picked":["Prepared","Cloak And Dagger"],"picked":"Sucker Punch","floor":1},{"not_picked":["Masterful Stab","Prepared"],"picked":"Dagger Spray","floor":4},{"not_picked":["Deflect","Eviscerate"],"picked":"Well Laid Plans+1","floor":5},{"not_picked":["Bane","Envenom+1"],"picked":"Noxious Fumes+1","floor":7},{"not_picked":["Poisoned Stab","Caltrops+1"],"picked":"Flying Knee","floor":10},{"not_picked":["Blade Dance","Sucker Punch"],"picked":"Flechettes","floor":11},{"not_picked":["Dagger Spray","Masterful Stab"],"picked":"PiercingWail","floor":13}],"player_experience":244721,"relics_obtained":[{"floor":7,"key":"Bottled Lightning"},{"floor":9,"key":"Bottled Flame"},{"floor":11,"key":"Juzu Bracelet"}],"event_choices":[{"damage_healed":0,"gold_gain":0,"player_choice":"Success","damage_taken":12,"relics_obtained":["Frozen Egg 2"],"max_hp_gain":0,"max_hp_loss":0,"event_name":"Scrap Ooze","floor":2,"gold_loss":0},{"cards_removed":["Strike_G"],"damage_healed":0,"gold_gain":0,"player_choice":"Card Removal","damage_taken":7,"max_hp_gain":0,"max_hp_loss":0,"event_name":"Golden Wing","floor":3,"gold_loss":0},{"damage_healed":0,"gold_gain":0,"player_choice":"Searched \u00270\u0027 times","damage_taken":0,"max_hp_gain":0,"max_hp_loss":0,"event_name":"Dead Adventurer","floor":12,"gold_loss":0}],"is_beta":false,"boss_relics":[],"items_purged_floors":[],"is_endless":false,"potions_floor_spawned":[11,13],"killed_by":"Looter","ascension_level":0}