{"gold_per_floor":[114,130,130,280,38,72,72,99,99,99,126,26,26,36,36,113,113,133,24,24,34,46,46,77,77,77,77,77,36,36,46,46,46],"floor_reached":33,"playtime":1079,"items_purged":["Doubt","Strike_B"],"score":583,"play_id":"afbb127c-c079-46ad-b837-d5026536ebdf","local_time":"20190522193330","is_ascension_mode":true,"campfire_choices":[{"data":"Zap","floor":7.0,"key":"SMITH"},{"floor":13.0,"key":"REST"},{"data":"Defragment","floor":15.0,"key":"SMITH"},{"floor":23,"key":"REST"},{"data":"Buffer","floor":27,"key":"SMITH"},{"data":"Seek","floor":30,"key":"SMITH"},{"data":"Static Discharge","floor":32,"key":"SMITH"}],"neow_cost":"NONE","seed_source_timestamp":582595028828700,"circlet_count":0,"master_deck":["AscendersBane","Strike_B","Defend_B","Defend_B","Defend_B","Defend_B","Zap+1","Dualcast","Ball Lightning","Ball Lightning","Static Discharge+1","Steam","Buffer+1","Defragment+1","Seek+1","Leap","Conserve Battery","Steam","Cold Snap","Reinforced Body","Rebound","Chill"],"special_seed":0,"relics":["Cracked Core","Pen Nib","DataDisk","Matryoshka","Boot","Ancient Tea Set","Singing Bowl","Vajra","Orrery","Dream Catcher","Bag of Preparation","FossilizedHelix"],"potions_floor_usage":[19,24],"damage_taken":[{"damage":1.0,"enemies":"Cultist","floor":1.0,"turns":4.0},{"damage":2.0,"enemies":"Jaw Worm","floor":2.0,"turns":3.0},{"damage":30.0,"enemies":"3 Sentries","floor":6.0,"turns":6.0},{"damage":8.0,"enemies":"Gremlin Nob","floor":8.0,"turns":3.0},{"damage":22.0,"enemies":"Lagavulin","floor":11.0,"turns":5.0},{"damage":0.0,"enemies":"Small Slimes","floor":14.0,"turns":1.0},{"damage":7.0,"enemies":"Hexaghost","floor":16.0,"turns":8.0},{"damage":10,"enemies":"Chosen","floor":18,"turns":5},{"damage":22,"enemies":"Shell Parasite","floor":21,"turns":4},{"damage":9,"enemies":"Snecko","floor":22,"turns":6},{"damage":21,"enemies":"Slavers","floor":24,"turns":2},{"damage":0,"enemies":"Chosen and Byrds","floor":31,"turns":6},{"damage":62,"enemies":"Collector","floor":33,"turns":9}],"seed_played":"1139163247143386642","potions_obtained":[{"floor":2.0,"key":"FairyPotion"},{"floor":11.0,"key":"Block Potion"},{"floor":14.0,"key":"Dexterity Potion"},{"floor":21,"key":"PowerPotion"},{"floor":31,"key":"Ancient Potion"}],"is_trial":false,"path_per_floor":["M","M","?","?","$","E","R","E","T","?","E","$","R","M","R","B",null,"M","$","?","M","M","R","E","?","T","R","?","$","R","M","R","B"],"character_chosen":"DEFECT","items_purchased":["DataDisk","Fruit Juice","Chill"],"campfire_rested":2,"item_purchase_floors":[5,19,29],"current_hp_per_floor":[63,61,66,66,66,36,36,28,28,28,6,6,28,28,28,21,66,58,63,63,43,36,63,42,42,42,42,42,42,42,44,44,0],"gold":46,"neow_bonus":"RANDOM_COMMON_RELIC","is_prod":false,"is_daily":false,"chose_seed":false,"campfire_upgraded":5,"win_rate":0,"timestamp":1558568010,"path_taken":["M","?","?","?","$","E","R","E","T","?","E","$","R","M","R","BOSS","M","$","?","?","M","R","E","?","T","R","?","?","R","M","R","BOSS"],"build_version":"2019-01-23","purchased_purges":2,"victory":false,"max_hp_per_floor":[71,71,76,76,76,76,76,76,76,76,76,76,76,76,76,76,80,82,87,87,89,91,91,91,91,91,91,91,91,91,93,93,93],"card_choices":[{"not_picked":["Coolheaded","Stack"],"picked":"Ball Lightning","floor":1.0},{"not_picked":["Gash","Coolheaded"],"picked":"Ball Lightning","floor":2.0},{"not_picked":["Aggregate","Lockon"],"picked":"Static Discharge","floor":6.0},{"not_picked":["Multi-Cast","Leap"],"picked":"Steam","floor":8.0},{"not_picked":["Ball Lightning","Hologram"],"picked":"Buffer","floor":11.0},{"not_picked":["Streamline","Turbo"],"picked":"Defragment","floor":14.0},{"not_picked":["Reboot","Buffer"],"picked":"Seek","floor":16.0},{"not_picked":["Beam Cell","Compile Driver","Tempest"],"picked":"Singing Bowl","floor":17},{"not_picked":["Melter","Force Field"],"picked":"Leap","floor":17},{"not_picked":["Barrage","Static Discharge"],"picked":"Conserve Battery","floor":17},{"not_picked":["Beam Cell","Skim"],"picked":"Steam","floor":17},{"not_picked":["Gash","Hyperbeam","Go for the Eyes"],"picked":"Singing Bowl","floor":17},{"not_picked":["Leap","BootSequence","Stack"],"picked":"Singing Bowl","floor":18},{"not_picked":["Streamline+1","Beam Cell","Scrape+1"],"picked":"Singing Bowl","floor":21},{"not_picked":["Rebound","Beam Cell+1","Rip and Tear"],"picked":"Singing Bowl","floor":22},{"not_picked":["Static Discharge","Streamline"],"picked":"Cold Snap","floor":24},{"not_picked":["Darkness","Redo","Static Discharge"],"picked":"Singing Bowl","floor":31}],"player_experience":820196,"relics_obtained":[{"floor":6.0,"key":"Matryoshka"},{"floor":8.0,"key":"Boot"},{"floor":9.0,"key":"Ancient Tea Set"},{"floor":9.0,"key":"Singing Bowl"},{"floor":11.0,"key":"Vajra"},{"floor":24,"key":"Dream Catcher"},{"floor":26,"key":"Bag of Preparation"},{"floor":26,"key":"FossilizedHelix"}],"event_choices":[{"damage_healed":0.0,"max_hp_gain":5.0,"max_hp_loss":0.0,"gold_gain":0.0,"event_name":"Big Fish","player_choice":"Donut","floor":3.0,"gold_loss":0.0,"damage_taken":0.0},{"damage_healed":0.0,"max_hp_gain":0.0,"max_hp_loss":0.0,"gold_gain":150.0,"event_name":"Liars Game","player_choice":"AGREE","floor":4.0,"gold_loss":0.0,"damage_taken":0.0,"cards_obtained":["Doubt"]},{"damage_healed":0.0,"max_hp_gain":0.0,"max_hp_loss":0.0,"gold_gain":0.0,"event_name":"Wheel of Change","player_choice":"Cursed","floor":10.0,"gold_loss":0.0,"damage_taken":0.0,"cards_obtained":["Decay"]},{"cards_removed":["Decay"],"damage_healed":0,"gold_gain":0,"player_choice":"Removed Curses","damage_taken":0,"max_hp_gain":0,"max_hp_loss":0,"event_name":"Fountain of Cleansing","floor":20,"gold_loss":0},{"damage_healed":0,"gold_gain":0,"cards_transformed":["Strike_B","Strike_B"],"player_choice":"Became Test Subject","damage_taken":0,"max_hp_gain":0,"max_hp_loss":0,"event_name":"Drug Dealer","floor":28,"gold_loss":0,"cards_obtained":["Reinforced Body","Rebound"]}],"is_beta":false,"boss_relics":[{"not_picked":["Busted Crown","Black Star"],"picked":"Orrery"}],"items_purged_floors":[5,12],"is_endless":false,"potions_floor_spawned":[2,11,14,21,31],"killed_by":"Collector","ascension_level":20}