{"gold_per_floor":[119,119,119,194,40,53,3,21,21,21,36,36,36,48,48,149,149,162,176,0,0,0,0,0],"floor_reached":24,"playtime":1276,"items_purged":[],"score":184,"play_id":"0569b5e2-0de5-44a6-b111-2a37eb10268d","local_time":"20190517115200","is_ascension_mode":false,"campfire_choices":[{"data":"Searing Blow","floor":10,"key":"SMITH"},{"data":"Searing Blow+1","floor":12,"key":"SMITH"},{"floor":15,"key":"REST"},{"data":"Searing Blow+2","floor":23,"key":"SMITH"}],"neow_cost":"NONE","seed_source_timestamp":147611694149243,"circlet_count":0,"master_deck":["Strike_R","Strike_R","Strike_R","Strike_R","Defend_R","Defend_R","Defend_R+1","Defend_R","Bash+1","Finesse","Searing Blow+3","Spot Weakness","Shrug It Off","Warcry","Double Tap","Armaments","Cleave"],"relics":["Black Blood","Bag of Preparation","Nunchaku","MutagenicStrength"],"potions_floor_usage":[],"damage_taken":[{"damage":1,"enemies":"Jaw Worm","floor":1,"turns":5},{"damage":3,"enemies":"Small Slimes","floor":6,"turns":4},{"damage":0,"enemies":"2 Louse","floor":8,"turns":2},{"damage":9,"enemies":"Blue Slaver","floor":11,"turns":4},{"damage":13,"enemies":"Exordium Wildlife","floor":14,"turns":3},{"damage":65,"enemies":"Hexaghost","floor":16,"turns":12},{"damage":30,"enemies":"Spheric Guardian","floor":18,"turns":6},{"damage":43,"enemies":"3 Byrds","floor":19,"turns":6},{"damage":36,"enemies":"3 Cultists","floor":24,"turns":5}],"seed_played":"1727957187915202764","potions_obtained":[{"floor":8,"key":"SpeedPotion"},{"floor":11,"key":"Weak Potion"},{"floor":19,"key":"SkillPotion"}],"is_trial":false,"path_per_floor":["M","?","?","?","$","M","$","M","T","R","M","R","?","M","R","B",null,"M","M","?","?","?","R","M"],"character_chosen":"IRONCLAD","items_purchased":["Bag of Preparation","Shrug It Off"],"campfire_rested":1,"item_purchase_floors":[5,7],"current_hp_per_floor":[80,64,57,46,46,49,49,55,55,55,52,52,52,45,69,10,80,60,27,27,27,27,27,0],"gold":0,"neow_bonus":"RANDOM_COLORLESS","is_prod":false,"is_daily":false,"chose_seed":false,"campfire_upgraded":3,"win_rate":0,"timestamp":1558119120,"path_taken":["M","?","?","?","?","M","$","?","T","R","M","R","?","M","R","BOSS","M","M","?","?","?","R","M"],"build_version":"2019-01-23","purchased_purges":0,"victory":false,"max_hp_per_floor":[80,80,80,80,80,80,80,80,80,80,80,80,80,80,80,80,80,80,80,80,80,80,80,80],"card_choices":[{"not_picked":["Havoc","Intimidate"],"picked":"Searing Blow","floor":1},{"not_picked":["Dropkick","Flex"],"picked":"Spot Weakness","floor":6},{"not_picked":["Body Slam","Pummel"],"picked":"Warcry","floor":8},{"not_picked":["True Grit","Bludgeon","Flame Barrier"],"picked":"SKIP","floor":11},{"not_picked":["Heavy Blade","Searing Blow","Dropkick"],"picked":"SKIP","floor":14},{"not_picked":["Reaper","Dark Embrace"],"picked":"Double Tap","floor":16},{"not_picked":["Anger","Warcry"],"picked":"Armaments","floor":18},{"not_picked":["Infernal Blade","Second Wind"],"picked":"Cleave","floor":19}],"player_experience":111822,"relics_obtained":[{"floor":9,"key":"Nunchaku"}],"event_choices":[{"damage_healed":0,"gold_gain":0,"player_choice":"Entered Light","damage_taken":16,"max_hp_gain":0,"max_hp_loss":0,"event_name":"Shining Light","floor":2,"gold_loss":0,"cards_upgraded":["Bash","Defend_R"]},{"cards_removed":["Strike_R"],"damage_healed":0,"gold_gain":0,"player_choice":"Card Removal","damage_taken":7,"max_hp_gain":0,"max_hp_loss":0,"event_name":"Golden Wing","floor":3,"gold_loss":0},{"damage_healed":0,"gold_gain":75,"player_choice":"Gather Gold","damage_taken":11,"max_hp_gain":0,"max_hp_loss":0,"event_name":"World of Goop","floor":4,"gold_loss":0},{"damage_healed":0,"gold_gain":0,"player_choice":"Fled","damage_taken":0,"max_hp_gain":0,"max_hp_loss":0,"event_name":"Scrap Ooze","floor":13,"gold_loss":0},{"damage_healed":0,"gold_gain":0,"player_choice":"Paid Fearfully","damage_taken":0,"max_hp_gain":0,"max_hp_loss":0,"event_name":"Masked Bandits","floor":20,"gold_loss":176},{"damage_healed":0,"gold_gain":0,"player_choice":"Inject Mutagens","damage_taken":0,"relics_obtained":["MutagenicStrength"],"max_hp_gain":0,"max_hp_loss":0,"event_name":"Drug Dealer","floor":22,"gold_loss":0}],"is_beta":false,"boss_relics":[{"not_picked":["Tiny House","Mark of Pain"],"picked":"Black Blood"}],"items_purged_floors":[],"is_endless":false,"potions_floor_spawned":[8,11,19],"killed_by":"3 Cultists","ascension_level":0}