{"gold_per_floor":[111,111,123,136,136,136,170,170,170,170,220,248,30,47,47,121,121,136,136,152,172,172,172,122,156,156,156,156],"floor_reached":28,"playtime":783,"items_purged":["Strike_B"],"score":439,"play_id":"6c51d688-3dc7-4391-8292-d4296be6d808","local_time":"20190511230858","is_ascension_mode":true,"campfire_choices":[{"data":"Barrage","floor":6,"key":"SMITH"},{"floor":8,"key":"REST"},{"data":"Static Discharge","floor":10,"key":"SMITH"},{"data":"Loop","floor":15,"key":"SMITH"},{"floor":23,"key":"REST"},{"floor":27,"key":"REST"}],"neow_cost":"NONE","seed_source_timestamp":1236455221670367,"circlet_count":0,"master_deck":["AscendersBane","Defend_B","Defend_B","Defend_B","Defend_B+1","Zap+1","Dualcast","Leap","Barrage+1","Static Discharge+1","Ball Lightning","Conserve Battery","Cold Snap","Loop+1","Leap","Biased Cognition","Coolheaded","Defragment+1","Hologram","Chaos","Steam","Skim","Chill","Undo","Seek","Glacier"],"relics":["Nuclear Battery","Sundial","Bottled Lightning","Meat on the Bone","Orrery","Dream Catcher","Molten Egg 2"],"potions_floor_usage":[7,25,25,25,25],"damage_taken":[{"damage":2,"enemies":"Jaw Worm","floor":1,"turns":5},{"damage":6,"enemies":"2 Louse","floor":3,"turns":3},{"damage":3,"enemies":"Small Slimes","floor":4,"turns":4},{"damage":24,"enemies":"Gremlin Nob","floor":7,"turns":4},{"damage":15,"enemies":"3 Sentries","floor":12,"turns":6},{"damage":4,"enemies":"Exordium Thugs","floor":14,"turns":3},{"damage":27,"enemies":"Hexaghost","floor":16,"turns":9},{"damage":18,"enemies":"Shell Parasite","floor":18,"turns":6},{"damage":19,"enemies":"2 Thieves","floor":20,"turns":5},{"damage":18,"enemies":"Sentry and Sphere","floor":21,"turns":6},{"damage":24,"enemies":"Book of Stabbing","floor":25,"turns":4},{"damage":62,"enemies":"Gremlin Leader","floor":28,"turns":9}],"seed_played":"4316029126183447080","potions_obtained":[{"floor":3,"key":"Weak Potion"},{"floor":12,"key":"Dexterity Potion"},{"floor":14,"key":"EntropicBrew"},{"floor":21,"key":"FocusPotion"},{"floor":25,"key":"FearPotion"}],"is_trial":false,"path_per_floor":["M","?","M","M","?","R","E","R","T","R","?","E","$","M","R","B",null,"M","?","M","M","?","R","?","E","T","R","E"],"character_chosen":"DEFECT","items_purchased":["Cold Snap","Loop"],"campfire_rested":3,"item_purchase_floors":[13,13],"current_hp_per_floor":[62,62,56,53,46,46,22,43,43,43,43,28,28,36,36,21,59,41,41,34,28,28,49,49,37,37,58,0],"gold":156,"neow_bonus":"BOSS_RELIC","is_prod":false,"is_daily":false,"chose_seed":false,"campfire_upgraded":3,"win_rate":0,"timestamp":1557634138,"path_taken":["M","?","M","M","?","R","E","R","T","R","?","E","$","?","R","BOSS","M","?","M","M","?","R","?","E","T","R","E"],"build_version":"2019-01-23","purchased_purges":1,"victory":false,"max_hp_per_floor":[71,71,71,71,71,71,71,71,71,71,71,71,71,71,71,71,71,71,71,71,71,71,71,71,71,71,71,71],"card_choices":[{"not_picked":["Gash","Go for the Eyes"],"picked":"Leap","floor":1},{"not_picked":["Hologram","Go for the Eyes"],"picked":"Barrage","floor":3},{"not_picked":["Storm","Hologram"],"picked":"Static Discharge","floor":4},{"not_picked":["Hyperbeam","White Noise"],"picked":"Ball Lightning","floor":7},{"not_picked":["Thunder Strike","Go for the Eyes"],"picked":"Conserve Battery","floor":12},{"not_picked":["Gash","Skim"],"picked":"Leap","floor":14},{"not_picked":["Creative AI","Meteor Strike"],"picked":"Biased Cognition","floor":16},{"not_picked":["Doom and Gloom","Beam Cell"],"picked":"Coolheaded","floor":17},{"not_picked":["Stack","Sweeping Beam"],"picked":"Defragment","floor":17},{"not_picked":["Auto Shields","FTL"],"picked":"Hologram","floor":17},{"not_picked":["Sweeping Beam","Creative AI"],"picked":"Chaos","floor":17},{"not_picked":["Force Field","Compile Driver"],"picked":"Steam","floor":18},{"not_picked":["Rip and Tear","Cold Snap","Compile Driver"],"picked":"SKIP","floor":20},{"not_picked":["Double Energy","Tempest"],"picked":"Undo","floor":21},{"not_picked":["Cold Snap","Gash","Melter"],"picked":"SKIP","floor":25},{"not_picked":["Gash+1","Defragment"],"picked":"Glacier","floor":27}],"player_experience":398971,"relics_obtained":[{"floor":7,"key":"Sundial"},{"floor":9,"key":"Bottled Lightning"},{"floor":12,"key":"Meat on the Bone"},{"floor":25,"key":"Dream Catcher"},{"floor":26,"key":"Molten Egg 2"}],"event_choices":[{"damage_healed":0,"gold_gain":0,"player_choice":"Grow","damage_taken":0,"max_hp_gain":0,"max_hp_loss":0,"event_name":"Living Wall","floor":2,"gold_loss":0,"cards_upgraded":["Zap"]},{"cards_removed":["Strike_B"],"damage_healed":0,"gold_gain":0,"player_choice":"Card Removal","damage_taken":7,"max_hp_gain":0,"max_hp_loss":0,"event_name":"Golden Wing","floor":5,"gold_loss":0},{"damage_healed":0,"gold_gain":50,"player_choice":"Pray","damage_taken":0,"max_hp_gain":0,"max_hp_loss":0,"event_name":"Golden Shrine","floor":11,"gold_loss":0},{"damage_healed":0,"gold_gain":0,"cards_transformed":["Strike_B","Strike_B"],"player_choice":"Became Test Subject","damage_taken":0,"max_hp_gain":0,"max_hp_loss":0,"event_name":"Drug Dealer","floor":19,"gold_loss":0,"cards_obtained":["Skim","Chill"]},{"damage_healed":0,"gold_gain":0,"player_choice":"Read","damage_taken":0,"max_hp_gain":0,"max_hp_loss":0,"event_name":"The Library","floor":22,"gold_loss":0,"cards_obtained":["Seek"]},{"damage_healed":0,"gold_gain":0,"player_choice":"Upgraded Two","damage_taken":0,"max_hp_gain":0,"max_hp_loss":0,"event_name":"Designer","floor":24,"gold_loss":50,"cards_upgraded":["Defragment","Defend_B"]}],"is_beta":false,"boss_relics":[{"not_picked":["Empty Cage","Calling Bell"],"picked":"Orrery"}],"items_purged_floors":[13],"is_endless":false,"potions_floor_spawned":[3,12,14,21,25],"killed_by":"Gremlin Leader","ascension_level":16}