{"gold_per_floor":[117,192,42,59,59,59,76,93,93,43,43,54,65,15,15,15],"floor_reached":16,"playtime":618,"items_purged":[],"score":92,"play_id":"56917a87-06da-4fc8-969b-852121090c03","local_time":"20190523000145","is_ascension_mode":false,"campfire_choices":[{"data":"Body Slam","floor":6,"key":"SMITH"},{"floor":15,"key":"REST"}],"neow_cost":"PERCENT_DAMAGE","seed_source_timestamp":360317576680338,"circlet_count":0,"master_deck":["Strike_R","Strike_R","Strike_R","Strike_R","Defend_R","Defend_R","Defend_R","Defend_R","Bash","Demon Form","Body Slam","Body Slam+1","Spot Weakness","Metallicize","Cleave+1","Shrug It Off"],"relics":["Burning Blood","Art of War","Pocketwatch","Shovel","Molten Egg 2"],"potions_floor_usage":[],"damage_taken":[{"damage":0,"enemies":"Small Slimes","floor":1,"turns":4},{"damage":20,"enemies":"Jaw Worm","floor":4,"turns":4},{"damage":0,"enemies":"2 Louse","floor":7,"turns":2},{"damage":13,"enemies":"Exordium Wildlife","floor":8,"turns":5},{"damage":13,"enemies":"Exordium Thugs","floor":12,"turns":5},{"damage":13,"enemies":"Lots of Slimes","floor":13,"turns":5},{"damage":44,"enemies":"The Guardian","floor":16,"turns":8}],"seed_played":"8856727322773046495","potions_obtained":[{"floor":7,"key":"Strength Potion"},{"floor":8,"key":"SteroidPotion"},{"floor":12,"key":"SkillPotion"},{"floor":13,"key":"LiquidBronze"}],"is_trial":false,"path_per_floor":["M","?","$","M","?","R","M","M","T","?","T","M","M","$","R","B"],"character_chosen":"IRONCLAD","items_purchased":["Art of War","Shrug It Off"],"campfire_rested":1,"item_purchase_floors":[3,14],"current_hp_per_floor":[62,51,51,37,25,25,31,24,24,24,24,17,10,10,34,0],"gold":15,"neow_bonus":"THREE_RARE_CARDS","is_prod":false,"is_daily":false,"chose_seed":false,"campfire_upgraded":1,"win_rate":0,"timestamp":1558594905,"path_taken":["M","?","$","M","?","R","M","M","T","?","?","M","?","?","R","BOSS"],"build_version":"2019-01-23","purchased_purges":0,"victory":false,"max_hp_per_floor":[80,80,80,80,80,80,80,80,80,80,80,80,80,80,80,80],"card_choices":[{"not_picked":["Limit Break","Feed"],"picked":"Demon Form","floor":0},{"not_picked":["Rampage","Clothesline"],"picked":"Body Slam","floor":1},{"not_picked":["Flame Barrier","Second Wind"],"picked":"Body Slam","floor":4},{"not_picked":["Anger","Clash"],"picked":"Spot Weakness","floor":7},{"not_picked":["Intimidate","Burning Pact"],"picked":"Metallicize","floor":8},{"not_picked":["Disarm","Thunderclap+1","Second Wind"],"picked":"SKIP","floor":12},{"not_picked":["Pommel Strike+1","Dropkick+1"],"picked":"Cleave+1","floor":13}],"player_experience":239690,"relics_obtained":[{"floor":9,"key":"Shovel"},{"floor":11,"key":"Molten Egg 2"}],"event_choices":[{"damage_healed":0,"gold_gain":75,"player_choice":"Gather Gold","damage_taken":11,"max_hp_gain":0,"max_hp_loss":0,"event_name":"World of Goop","floor":2,"gold_loss":0},{"damage_healed":0,"gold_gain":0,"player_choice":"Success","damage_taken":12,"relics_obtained":["Pocketwatch"],"max_hp_gain":0,"max_hp_loss":0,"event_name":"Scrap Ooze","floor":5,"gold_loss":0},{"cards_removed":["Strike_R"],"damage_healed":0,"gold_gain":0,"player_choice":"Card Removal","damage_taken":0,"max_hp_gain":0,"max_hp_loss":0,"event_name":"The Cleric","floor":10,"gold_loss":50}],"is_beta":false,"boss_relics":[],"items_purged_floors":[],"is_endless":false,"potions_floor_spawned":[7,8,12,13],"killed_by":"The Guardian","ascension_level":0}