{"gold_per_floor":[113,123,139,158,171,204,204,102,102,102,114,446,446,30,30,134,134,89,9,9,9,9,9,9,9,9,9,9,9,9],"floor_reached":30,"playtime":1700,"items_purged":["Strike_R","Strike_R"],"score":287,"play_id":"1896f057-16cd-4515-bf54-07b506591c75","local_time":"20190522235114","is_ascension_mode":false,"campfire_choices":[{"data":"Armaments","floor":7.0,"key":"SMITH"},{"floor":10.0,"key":"REST"},{"floor":13.0,"key":"DIG"},{"floor":15.0,"key":"REST"},{"floor":23.0,"key":"DIG"},{"floor":29,"key":"REST"}],"neow_cost":"NONE","seed_source_timestamp":0,"circlet_count":0,"master_deck":["Strike_R","Strike_R","Strike_R","Defend_R","Defend_R","Defend_R","Defend_R","Bash","Inflame","Spot Weakness","Armaments+1","Clash","Body Slam","True Grit","Sever Soul","Body Slam","Metallicize","Limit Break","Armaments+1","Searing Blow","Shame","Battle Trance","Limit Break"],"special_seed":0,"relics":["Burning Blood","The Courier","Shovel","Old Coin","Kunai","HandDrill","Singing Bowl","Ectoplasm","Mercury Hourglass","Molten Egg 2","Gambling Chip","Strawberry","Red Skull"],"potions_floor_usage":[],"damage_taken":[{"damage":2.0,"enemies":"Small Slimes","floor":1.0,"turns":4.0},{"damage":1.0,"enemies":"2 Louse","floor":2.0,"turns":3.0},{"damage":1.0,"enemies":"Cultist","floor":3.0,"turns":3.0},{"damage":10.0,"enemies":"Looter","floor":4.0,"turns":3.0},{"damage":8.0,"enemies":"Large Slime","floor":5.0,"turns":7.0},{"damage":52.0,"enemies":"3 Sentries","floor":6.0,"turns":9.0},{"damage":6.0,"enemies":"Red Slaver","floor":11.0,"turns":3.0},{"damage":19.0,"enemies":"Gremlin Nob","floor":12.0,"turns":4.0},{"damage":68.0,"enemies":"Hexaghost","floor":16.0,"turns":12.0},{"damage":12.0,"enemies":"2 Thieves","floor":18.0,"turns":4.0},{"damage":6.0,"enemies":"Shell Parasite","floor":20.0,"turns":5.0},{"damage":10.0,"enemies":"Centurion and Healer","floor":21.0,"turns":6.0},{"damage":38.0,"enemies":"Chosen and Byrds","floor":24.0,"turns":7.0},{"damage":42.0,"enemies":"Gremlin Leader","floor":27.0,"turns":6.0},{"damage":14,"enemies":"Snecko","floor":28,"turns":4},{"damage":51,"enemies":"Slavers","floor":30,"turns":3}],"seed_played":"5879812860660644756","potions_obtained":[{"floor":6.0,"key":"EssenceOfSteel"},{"floor":11.0,"key":"Strength Potion"},{"floor":12.0,"key":"Fire Potion"},{"floor":20.0,"key":"Fruit Juice"}],"is_trial":false,"path_per_floor":["M","M","M","M","M","E","R","$","T","R","M","E","R","$","R","B",null,"M","$","M","M","?","R","M","?","T","E","M","R","E"],"character_chosen":"IRONCLAD","items_purchased":["True Grit","HandDrill","Singing Bowl","Metallicize"],"campfire_rested":3,"item_purchase_floors":[8,14,14,14],"current_hp_per_floor":[88,88,88,84,82,36,36,36,36,62,62,49,49,49,75,13,88,84,84,84,80,80,80,48,48,55,21,13,42,0],"gold":9,"neow_bonus":"TEN_PERCENT_HP_BONUS","is_prod":false,"is_daily":false,"chose_seed":false,"campfire_upgraded":1,"win_rate":0,"timestamp":1558594274,"path_taken":["M","M","M","M","M","E","R","$","T","R","M","E","R","$","R","BOSS","M","$","M","M","?","R","M","?","T","E","M","R","E"],"build_version":"2019-01-23","purchased_purges":2,"victory":false,"max_hp_per_floor":[88,88,88,88,88,88,88,88,88,88,88,88,88,88,88,88,88,90,90,90,90,90,90,90,90,97,99,99,99,99],"card_choices":[{"not_picked":["Warcry","Uppercut","Clash"],"picked":"SKIP","floor":1.0},{"not_picked":["Armaments","Sword Boomerang"],"picked":"Inflame","floor":2.0},{"not_picked":["Havoc","Bloodletting"],"picked":"Spot Weakness","floor":3.0},{"not_picked":["Havoc","Spot Weakness"],"picked":"Armaments","floor":4.0},{"not_picked":["Headbutt","Warcry"],"picked":"Clash","floor":5.0},{"not_picked":["Spot Weakness","Metallicize"],"picked":"Body Slam","floor":6.0},{"not_picked":["Dual Wield","Armaments"],"picked":"Sever Soul","floor":11.0},{"not_picked":["Warcry","Headbutt"],"picked":"Body Slam","floor":12.0},{"not_picked":["Juggernaut","Offering"],"picked":"Limit Break","floor":16.0},{"not_picked":["Warcry+1","Iron Wave","Uppercut"],"picked":"Singing Bowl","floor":18.0},{"not_picked":["Clash","Headbutt+1"],"picked":"Armaments+1","floor":20.0},{"not_picked":["Warcry","Thunderclap"],"picked":"Searing Blow","floor":21.0},{"not_picked":["Sentinel","Havoc"],"picked":"Battle Trance","floor":24.0},{"not_picked":["Rampage+1","Carnage+1","Flex+1"],"picked":"Singing Bowl","floor":27.0},{"not_picked":["Flame Barrier","Clash+1"],"picked":"Limit Break","floor":28}],"player_experience":237990,"relics_obtained":[{"floor":6.0,"key":"The Courier"},{"floor":9.0,"key":"Shovel"},{"floor":12.0,"key":"Old Coin"},{"floor":13.0,"key":"Kunai"},{"floor":23.0,"key":"Molten Egg 2"},{"floor":26.0,"key":"Strawberry"},{"floor":27.0,"key":"Red Skull"}],"event_choices":[{"damage_healed":0.0,"max_hp_gain":0.0,"max_hp_loss":0.0,"gold_gain":0.0,"event_name":"Addict","player_choice":"Stole Relic","floor":22.0,"gold_loss":0.0,"damage_taken":0.0,"relics_obtained":["Mercury Hourglass"],"cards_obtained":["Shame"]},{"damage_healed":0.0,"max_hp_gain":0.0,"max_hp_loss":0.0,"gold_gain":0.0,"event_name":"The Mausoleum","player_choice":"Opened","floor":25.0,"gold_loss":0.0,"damage_taken":0.0,"relics_obtained":["Gambling Chip"]}],"is_beta":false,"boss_relics":[{"not_picked":["Fusion Hammer","Black Star"],"picked":"Ectoplasm"}],"items_purged_floors":[8,19],"is_endless":false,"potions_floor_spawned":[1,6,11,12,18,20],"killed_by":"Slavers","ascension_level":0}