{"gold_per_floor":[109,34,45,45,60,60,78,107,107,120,134,134,145,145,145,250,250,263,273,127,145,157,157,157],"floor_reached":24,"playtime":2603,"items_purged":["Strike_G"],"score":202,"play_id":"d32a4ba6-b825-4f5e-b6ab-dfadd265ee4f","local_time":"20190518151142","is_ascension_mode":false,"campfire_choices":[{"data":"Noxious Fumes","floor":6,"key":"SMITH"},{"data":"Bane","floor":12,"key":"SMITH"},{"floor":15,"key":"REST"},{"floor":23,"key":"REST"}],"neow_cost":"NONE","seed_source_timestamp":200481247837413,"circlet_count":0,"master_deck":["Defend_G","Defend_G","Defend_G","Defend_G","Defend_G","Strike_G","Strike_G","Strike_G","Survivor","Neutralize+1","Quick Slash","Noxious Fumes+1","Sucker Punch","Bane+1","Blur","Backstab","Acrobatics","Dagger Throw","Phantasmal Killer","Dagger Throw+1","Footwork","Cloak And Dagger+1"],"relics":["Ring of the Snake","Pear","Peace Pipe","Du-Vu Doll","Runic Pyramid"],"potions_floor_usage":[],"damage_taken":[{"damage":0,"enemies":"2 Louse","floor":1,"turns":6},{"damage":0,"enemies":"Cultist","floor":3,"turns":5},{"damage":0,"enemies":"Small Slimes","floor":5,"turns":3},{"damage":9,"enemies":"Exordium Thugs","floor":7,"turns":5},{"damage":17,"enemies":"3 Sentries","floor":8,"turns":7},{"damage":2,"enemies":"Looter","floor":10,"turns":3},{"damage":11,"enemies":"Blue Slaver","floor":11,"turns":4},{"damage":0,"enemies":"Exordium Thugs","floor":13,"turns":4},{"damage":18,"enemies":"Slime Boss","floor":16,"turns":9},{"damage":14,"enemies":"2 Thieves","floor":18,"turns":4},{"damage":9,"enemies":"Shell Parasite","floor":19,"turns":3},{"damage":21,"enemies":"Snake Plant","floor":21,"turns":5},{"damage":24,"enemies":"Sentry and Sphere","floor":22,"turns":7},{"damage":36,"enemies":"Slavers","floor":24,"turns":2}],"seed_played":"5564965289714215912","potions_obtained":[{"floor":3,"key":"EssenceOfSteel"},{"floor":8,"key":"Swift Potion"},{"floor":13,"key":"SteroidPotion"},{"floor":18,"key":"EssenceOfSteel"}],"is_trial":false,"path_per_floor":["M","$","M","?","M","R","M","E","T","M","M","R","M","?","R","B",null,"M","M","$","M","M","R","E"],"character_chosen":"THE_SILENT","items_purchased":["Noxious Fumes","Footwork"],"campfire_rested":2,"item_purchase_floors":[2,20],"current_hp_per_floor":[70,70,70,70,70,70,61,54,54,52,41,41,41,41,65,47,80,66,57,57,36,12,36,0],"gold":157,"neow_bonus":"UPGRADE_CARD","is_prod":false,"is_daily":false,"chose_seed":false,"campfire_upgraded":2,"win_rate":0,"timestamp":1558217502,"path_taken":["M","$","M","?","M","R","M","E","T","M","?","R","M","?","R","BOSS","M","M","$","M","M","R","E"],"build_version":"2019-01-23","purchased_purges":1,"victory":false,"max_hp_per_floor":[70,70,70,70,70,70,70,80,80,80,80,80,80,80,80,80,80,80,80,80,80,80,80,80],"card_choices":[{"not_picked":["Prepared","Backflip"],"picked":"Quick Slash","floor":1},{"not_picked":["Poisoned Stab","Calculated Gamble"],"picked":"Sucker Punch","floor":3},{"not_picked":["Dagger Throw","All Out Attack"],"picked":"Bane","floor":5},{"not_picked":["Deflect","Tactician"],"picked":"Blur","floor":7},{"not_picked":["Backflip","Deflect"],"picked":"Backstab","floor":8},{"not_picked":["Caltrops","Quick Slash"],"picked":"Acrobatics","floor":10},{"not_picked":["Poisoned Stab","Deadly Poison"],"picked":"Dagger Throw","floor":11},{"not_picked":["Slice","Night Terror","PiercingWail"],"picked":"SKIP","floor":13},{"not_picked":["Unload","Adrenaline"],"picked":"Phantasmal Killer","floor":16},{"not_picked":["Endless Agony","Acrobatics"],"picked":"Dagger Throw+1","floor":18},{"not_picked":["Eviscerate+1","Sucker Punch+1","Flying Knee"],"picked":"SKIP","floor":19},{"not_picked":["Finisher+1","Choke"],"picked":"Cloak And Dagger+1","floor":21},{"not_picked":["Outmaneuver+1","Underhanded Strike","Acrobatics"],"picked":"SKIP","floor":22}],"player_experience":156412,"relics_obtained":[{"floor":8,"key":"Pear"},{"floor":9,"key":"Peace Pipe"}],"event_choices":[{"cards_removed":["Strike_G"],"damage_healed":0,"gold_gain":0,"player_choice":"Purged","damage_taken":0,"max_hp_gain":0,"max_hp_loss":0,"event_name":"Purifier","floor":4,"gold_loss":0},{"damage_healed":0,"gold_gain":0,"player_choice":"Gave Potion","damage_taken":0,"relics_obtained":["Du-Vu Doll"],"max_hp_gain":0,"max_hp_loss":0,"event_name":"WeMeetAgain","floor":14,"gold_loss":0}],"is_beta":false,"boss_relics":[{"not_picked":["Runic Dome","HoveringKite"],"picked":"Runic Pyramid"}],"items_purged_floors":[20],"is_endless":false,"potions_floor_spawned":[3,8,13,18],"killed_by":"Slavers","ascension_level":0}