{"gold_per_floor":[119,69,89,106,123,123,25,25,25,39,58,58,58,58,58,156,156,169,183,28,44,44,44,44,44],"floor_reached":25,"playtime":745,"items_purged":["Strike_G"],"score":193,"play_id":"0d25bae5-1fa3-4239-b8a7-29af067b5fda","local_time":"20190525015021","is_ascension_mode":false,"campfire_choices":[{"data":"Predator","floor":6,"key":"SMITH"},{"data":"Noxious Fumes","floor":8,"key":"SMITH"},{"data":"Quick Slash","floor":12,"key":"SMITH"},{"floor":15,"key":"REST"},{"floor":23,"key":"REST"}],"neow_cost":"NONE","seed_source_timestamp":36720961256424,"circlet_count":0,"master_deck":["Defend_G","Defend_G","Defend_G","Defend_G","Defend_G","Strike_G","Strike_G","Strike_G+1","Survivor","Neutralize","Dagger Throw","Predator+1","Quick Slash+1","Die Die Die","Quick Slash","Noxious Fumes+1","Flying Knee+1","Deflect","Cloak And Dagger","Regret","Envenom","Cloak And Dagger","Bane+1","Accuracy","Terror","Shame"],"relics":["Ring of the Snake","Bottled Lightning","Bronze Scales","WristBlade","Happy Flower"],"potions_floor_usage":[],"damage_taken":[{"damage":5,"enemies":"Jaw Worm","floor":1,"turns":5},{"damage":2,"enemies":"Small Slimes","floor":3,"turns":3},{"damage":1,"enemies":"Cultist","floor":4,"turns":3},{"damage":5,"enemies":"Red Slaver","floor":5,"turns":4},{"damage":0,"enemies":"3 Louse","floor":10,"turns":2},{"damage":0,"enemies":"2 Fungi Beasts","floor":11,"turns":2},{"damage":15,"enemies":"Slime Boss","floor":16,"turns":7},{"damage":15,"enemies":"Chosen","floor":18,"turns":5},{"damage":21,"enemies":"3 Byrds","floor":19,"turns":3},{"damage":21,"enemies":"Centurion and Healer","floor":21,"turns":6},{"damage":42,"enemies":"Book of Stabbing","floor":25,"turns":3}],"seed_played":"7511228797744792808","potions_obtained":[{"floor":1,"key":"SkillPotion"},{"floor":5,"key":"Explosive Potion"},{"floor":11,"key":"GhostInAJar"}],"is_trial":false,"path_per_floor":["M","?","M","M","M","R","$","R","T","M","M","R","?","?","R","B",null,"M","M","$","M","?","R","?","E"],"character_chosen":"THE_SILENT","items_purchased":["Noxious Fumes","Flying Knee","Accuracy"],"campfire_rested":2,"item_purchase_floors":[7,7,20],"current_hp_per_floor":[65,65,63,62,57,57,57,57,57,57,57,57,43,43,64,49,70,55,34,34,13,13,34,34,0],"gold":44,"neow_bonus":"THREE_CARDS","is_prod":false,"is_daily":false,"chose_seed":false,"campfire_upgraded":3,"win_rate":0,"timestamp":1558774221,"path_taken":["M","?","M","M","M","R","$","R","T","M","M","R","?","?","R","BOSS","M","M","$","M","?","R","?","E"],"build_version":"2019-01-23","purchased_purges":1,"victory":false,"max_hp_per_floor":[70,70,70,70,70,70,70,70,70,70,70,70,70,70,70,70,70,70,70,70,70,70,70,70,70],"card_choices":[{"not_picked":["Slice","Caltrops"],"picked":"Dagger Throw","floor":0},{"not_picked":["Underhanded Strike","Backflip"],"picked":"Predator","floor":1},{"not_picked":["Outmaneuver","Predator"],"picked":"Quick Slash","floor":3},{"not_picked":["Poisoned Stab","Crippling Poison"],"picked":"Die Die Die","floor":4},{"not_picked":["Catalyst","Underhanded Strike"],"picked":"Quick Slash","floor":5},{"not_picked":["Flying Knee","Flechettes"],"picked":"Deflect","floor":10},{"not_picked":["Blade Dance","Quick Slash"],"picked":"Cloak And Dagger","floor":11},{"not_picked":["Malaise","Wraith Form v2"],"picked":"Envenom","floor":16},{"not_picked":["Outmaneuver+1","Skewer"],"picked":"Cloak And Dagger","floor":18},{"not_picked":["Flying Knee","Setup"],"picked":"Bane+1","floor":19},{"not_picked":["Bane","Distraction"],"picked":"Terror","floor":21}],"player_experience":293776,"relics_obtained":[{"floor":9,"key":"Bottled Lightning"}],"event_choices":[{"cards_removed":["Strike_G"],"damage_healed":0,"gold_gain":0,"player_choice":"Card Removal","damage_taken":0,"max_hp_gain":0,"max_hp_loss":0,"event_name":"The Cleric","floor":2,"gold_loss":50},{"damage_healed":0,"gold_gain":0,"player_choice":"Entered Light","damage_taken":14,"max_hp_gain":0,"max_hp_loss":0,"event_name":"Shining Light","floor":13,"gold_loss":0,"cards_upgraded":["Strike_G","Flying Knee"]},{"damage_healed":0,"gold_gain":0,"player_choice":"Box","damage_taken":0,"relics_obtained":["Bronze Scales"],"max_hp_gain":0,"max_hp_loss":0,"event_name":"Big Fish","floor":14,"gold_loss":0,"cards_obtained":["Regret"]},{"damage_healed":0,"gold_gain":0,"player_choice":"Stole Relic","damage_taken":0,"relics_obtained":["Happy Flower"],"max_hp_gain":0,"max_hp_loss":0,"event_name":"Addict","floor":22,"gold_loss":0,"cards_obtained":["Shame"]},{"damage_healed":0,"gold_gain":0,"player_choice":"Ignored","damage_taken":0,"max_hp_gain":0,"max_hp_loss":0,"event_name":"Beggar","floor":24,"gold_loss":0}],"is_beta":false,"boss_relics":[{"not_picked":["Eternal Feather","Calling Bell"],"picked":"WristBlade"}],"items_purged_floors":[20],"is_endless":false,"potions_floor_spawned":[1,5,11,18,21],"killed_by":"Book of Stabbing","ascension_level":0}