{"gold_per_floor":[119,138,18,36,52,52,83,83,108,108,108,122,154,240,252,335,347,379,3,3,20,20,20,46,46,46,94,94,122,122,141,141,213,213,225,8,28,43,43,43,60,10,34,34],"floor_reached":44,"playtime":1518,"items_purged":["Strike_B","Strike_B+1","Parasite"],"score":795,"play_id":"e77e7dc5-1ba7-416b-9fd1-544019577be1","local_time":"20190510013031","is_ascension_mode":true,"campfire_choices":[{"data":"Sunder","floor":8,"key":"SMITH"},{"data":"Zap","floor":11,"key":"SMITH"},{"floor":15,"key":"REST"},{"floor":23,"key":"REST"},{"floor":25,"key":"REST"},{"floor":28,"key":"REST"},{"floor":30,"key":"REST"},{"data":"Leap","floor":32,"key":"SMITH"},{"floor":40,"key":"REST"}],"neow_cost":"NONE","seed_source_timestamp":1071406728949451,"circlet_count":0,"master_deck":["AscendersBane","Strike_B+1","Strike_B+1","Defend_B+1","Defend_B+1","Defend_B+1","Defend_B+1","Zap+1","Dualcast","Ball Lightning","FTL","Sunder+1","Capacitor","Cold Snap","Undo","Echo Form","Leap+1","Fission","Reinforced Body","Hologram","Good Instincts","RitualDagger","Conserve Battery","BootSequence","Machine Learning","Coolheaded","Leap","Loop","Turbo","White Noise"],"relics":["Cracked Core","Oddly Smooth Stone","Bronze Scales","MawBank","Inserter","ClockworkSouvenir","Bottled Tornado","Matryoshka","Orichalcum","Smiling Mask","Bottled Flame","Orrery","Regal Pillow","Boot","Potion Belt"],"potions_floor_usage":[7,16,24,29,38,44],"damage_taken":[{"damage":0,"enemies":"Cultist","floor":1,"turns":2},{"damage":5,"enemies":"Small Slimes","floor":2,"turns":2},{"damage":8,"enemies":"2 Louse","floor":4,"turns":2},{"damage":13,"enemies":"2 Fungi Beasts","floor":5,"turns":3},{"damage":12,"enemies":"3 Sentries","floor":7,"turns":6},{"damage":0,"enemies":"Blue Slaver","floor":12,"turns":3},{"damage":28,"enemies":"Gremlin Nob","floor":13,"turns":4},{"damage":28,"enemies":"Slime Boss","floor":16,"turns":9},{"damage":12,"enemies":"Chosen","floor":18,"turns":4},{"damage":16,"enemies":"Shell Parasite","floor":21,"turns":8},{"damage":39,"enemies":"Slavers","floor":24,"turns":7},{"damage":12,"enemies":"Book of Stabbing","floor":29,"turns":6},{"damage":2,"enemies":"Cultist and Chosen","floor":31,"turns":8},{"damage":46,"enemies":"Automaton","floor":33,"turns":13},{"damage":51,"enemies":"3 Darklings","floor":35,"turns":8},{"damage":0,"enemies":"3 Shapes","floor":37,"turns":7},{"damage":0,"enemies":"Spire Growth","floor":38,"turns":7},{"damage":11,"enemies":"Sphere and 2 Shapes","floor":41,"turns":9},{"damage":30,"enemies":"Jaw Worm Horde","floor":44,"turns":2}],"seed_played":"-7081563647239498515","potions_obtained":[{"floor":5,"key":"SkillPotion"},{"floor":13,"key":"AttackPotion"},{"floor":21,"key":"Swift Potion"},{"floor":24,"key":"Energy Potion"},{"floor":29,"key":"Block Potion"},{"floor":31,"key":"Weak Potion"}],"is_trial":false,"path_per_floor":["M","M","$","M","M","?","E","R","T","?","R","M","E","?","R","B",null,"M","$","?","M","?","R","E","R","T","T","R","E","R","M","R","B",null,"M","$","M","M","?","R","M","$","T","M"],"character_chosen":"DEFECT","items_purchased":["Sunder","Capacitor","ClockworkSouvenir","Hologram","Good Instincts","Regal Pillow","Turbo"],"campfire_rested":6,"item_purchase_floors":[3,3,19,19,19,36,36],"current_hp_per_floor":[64,59,59,51,38,38,26,26,26,43,43,43,15,15,36,8,55,43,43,37,21,21,42,3,24,24,24,45,33,54,52,52,6,55,4,4,4,4,4,40,29,29,29,0],"gold":34,"neow_bonus":"THREE_CARDS","is_prod":false,"is_daily":false,"chose_seed":false,"campfire_upgraded":3,"win_rate":0,"timestamp":1557469831,"path_taken":["M","M","$","M","M","?","E","R","T","?","R","M","E","?","R","BOSS","M","$","?","M","?","R","E","R","T","?","R","E","R","M","R","BOSS","M","$","M","M","?","R","M","$","T","M"],"build_version":"2019-01-23","purchased_purges":3,"victory":false,"max_hp_per_floor":[71,71,71,71,71,71,71,71,71,71,71,71,71,71,71,71,71,71,71,71,71,71,71,71,71,71,71,71,71,71,71,71,71,71,71,71,71,71,71,71,71,68,68,68],"card_choices":[{"not_picked":["Stack","Beam Cell"],"picked":"Ball Lightning","floor":0},{"not_picked":["Rebound","Reinforced Body"],"picked":"FTL","floor":1},{"not_picked":["Beam Cell","Rebound","Stack"],"picked":"SKIP","floor":2},{"not_picked":["Hello World","Hologram"],"picked":"Cold Snap","floor":4},{"not_picked":["Beam Cell","Ball Lightning"],"picked":"Undo","floor":5},{"not_picked":["Reinforced Body","Darkness"],"picked":"Echo Form","floor":7},{"not_picked":["Hologram","Hello World"],"picked":"Leap","floor":12},{"not_picked":["Reprogram","Cold Snap","Scrape"],"picked":"SKIP","floor":13},{"not_picked":["Hyperbeam","All For One"],"picked":"Fission","floor":16},{"not_picked":["Gash","Sweeping Beam"],"picked":"Reinforced Body","floor":18},{"not_picked":["Barrage","Sunder","Compile Driver"],"picked":"SKIP","floor":21},{"not_picked":["FTL","Stack"],"picked":"Conserve Battery","floor":24},{"not_picked":["Redo","Self Repair"],"picked":"BootSequence","floor":29},{"not_picked":["Stack","Ball Lightning","Cold Snap"],"picked":"SKIP","floor":31},{"not_picked":["Core Surge","Hyperbeam"],"picked":"Machine Learning","floor":33},{"not_picked":["Chill","Leap"],"picked":"Coolheaded","floor":34},{"not_picked":["Barrage","Cold Snap"],"picked":"Leap","floor":34},{"not_picked":["Skim","Streamline"],"picked":"Loop","floor":34},{"not_picked":["Hello World","Streamline","Ball Lightning"],"picked":"SKIP","floor":35},{"not_picked":["Reinforced Body","Barrage"],"picked":"White Noise","floor":37},{"not_picked":["Scrape","Auto Shields","Rebound+1"],"picked":"SKIP","floor":38},{"not_picked":["Stack","Capacitor","Turbo"],"picked":"SKIP","floor":41}],"player_experience":384924,"relics_obtained":[{"floor":7,"key":"Oddly Smooth Stone"},{"floor":9,"key":"Bronze Scales"},{"floor":13,"key":"MawBank"},{"floor":24,"key":"Bottled Tornado"},{"floor":26,"key":"Matryoshka"},{"floor":27,"key":"Orichalcum"},{"floor":27,"key":"Smiling Mask"},{"floor":29,"key":"Bottled Flame"},{"floor":43,"key":"Boot"},{"floor":43,"key":"Potion Belt"}],"event_choices":[{"damage_healed":0,"gold_gain":0,"player_choice":"Ignored","damage_taken":0,"max_hp_gain":0,"max_hp_loss":0,"event_name":"Liars Game","floor":6,"gold_loss":0},{"damage_healed":17,"gold_gain":0,"player_choice":"Healed and dodged fight","damage_taken":0,"max_hp_gain":0,"max_hp_loss":0,"event_name":"Mushrooms","floor":10,"gold_loss":0,"cards_obtained":["Parasite"]},{"damage_healed":0,"gold_gain":74,"player_choice":"Gained Gold","damage_taken":0,"max_hp_gain":0,"max_hp_loss":0,"event_name":"Golden Wing","floor":14,"gold_loss":0},{"damage_healed":0,"gold_gain":0,"player_choice":"Joined the Cult","damage_taken":6,"max_hp_gain":0,"max_hp_loss":0,"event_name":"Nest","floor":20,"gold_loss":0,"cards_obtained":["RitualDagger"]},{"damage_healed":0,"gold_gain":0,"player_choice":"Simplicity","damage_taken":0,"max_hp_gain":0,"max_hp_loss":0,"event_name":"Back to Basics","floor":22,"gold_loss":0,"cards_upgraded":["Strike_B","Strike_B","Strike_B","Defend_B","Defend_B","Defend_B","Defend_B"]},{"damage_healed":0,"gold_gain":0,"player_choice":"Ignored","damage_taken":0,"max_hp_gain":0,"max_hp_loss":0,"event_name":"Mysterious Sphere","floor":39,"gold_loss":0}],"is_beta":false,"boss_relics":[{"not_picked":["Astrolabe","White Beast Statue"],"picked":"Inserter"},{"not_picked":["Black Star","Pandora\u0027s Box"],"picked":"Orrery"}],"items_purged_floors":[19,36,42],"is_endless":false,"potions_floor_spawned":[5,13,21,24,29,31],"killed_by":"Jaw Worm Horde","ascension_level":15}