{"gold_per_floor":[111,186,186,210,231,270,270,64,113,151,151,51,51,87,87,178,178,192,28,52,65,96,139,139,175,175,175,175,218,242,117,117,216,216,229,250,250,100,433,461,461,561,561,561,593,609,661,676,676,676],"floor_reached":51,"playtime":1727,"items_purged":["Strike_R","Injury","Strike_R","Strike_R"],"score":1479,"play_id":"10acd310-c595-47ff-9a35-e715cd877e21","local_time":"20190511020022","is_ascension_mode":true,"campfire_choices":[{"data":"Feed","floor":7,"key":"SMITH"},{"floor":13,"key":"REST"},{"data":"Juggernaut","floor":15,"key":"SMITH"},{"data":"Limit Break","floor":24,"key":"SMITH"},{"data":"Pommel Strike","floor":28,"key":"SMITH"},{"data":"True Grit","floor":32,"key":"SMITH"},{"floor":41,"key":"REST"},{"data":"Shrug It Off","floor":44,"key":"SMITH"},{"floor":49,"key":"REST"}],"neow_cost":"NONE","seed_source_timestamp":1159382942530494,"circlet_count":0,"master_deck":["AscendersBane","Strike_R","Strike_R+1","Defend_R","Defend_R","Defend_R","Defend_R","Bash+1","Twin Strike+1","Feel No Pain","Whirlwind+1","Feed+1","Spot Weakness","True Grit+1","Juggernaut+1","Rage","Limit Break+1","Disarm","Pommel Strike+1","Metallicize","Shrug It Off+1","Inflame+1","Offering","Feel No Pain+1","Shrug It Off","Good Instincts","Sword Boomerang+1","Entrench+1"],"relics":["Burning Blood","Orichalcum","Centennial Puzzle","Self Forming Clay","Art of War","Snecko Eye","Vajra","Red Mask","Anchor","Lantern","Blue Candle","MutagenicStrength","PreservedInsect","Lizard Tail","Bag of Marbles","Mango","Du-Vu Doll","Omamori","Whetstone"],"potions_floor_usage":[6,35,40,40,50,50],"damage_taken":[{"damage":9,"enemies":"Jaw Worm","floor":1,"turns":5},{"damage":0,"enemies":"Cultist","floor":4,"turns":2},{"damage":1,"enemies":"Small Slimes","floor":5,"turns":5},{"damage":29,"enemies":"Gremlin Nob","floor":6,"turns":4},{"damage":14,"enemies":"3 Sentries","floor":10,"turns":5},{"damage":27,"enemies":"Gremlin Nob","floor":14,"turns":5},{"damage":28,"enemies":"Hexaghost","floor":16,"turns":8},{"damage":0,"enemies":"3 Byrds","floor":18,"turns":4},{"damage":19,"enemies":"2 Thieves","floor":20,"turns":3},{"damage":6,"enemies":"Chosen and Byrds","floor":21,"turns":4},{"damage":4,"enemies":"Masked Bandits","floor":22,"turns":3},{"damage":3,"enemies":"Gremlin Leader","floor":23,"turns":4},{"damage":13,"enemies":"Slavers","floor":25,"turns":3},{"damage":0,"enemies":"Gremlin Leader","floor":29,"turns":4},{"damage":9,"enemies":"Shelled Parasite and Fungi","floor":30,"turns":4},{"damage":67,"enemies":"Automaton","floor":33,"turns":7},{"damage":25,"enemies":"3 Darklings","floor":35,"turns":7},{"damage":14,"enemies":"Orb Walker","floor":36,"turns":4},{"damage":35,"enemies":"Giant Head","floor":40,"turns":6},{"damage":1,"enemies":"Mind Bloom Boss Battle","floor":42,"turns":6},{"damage":32,"enemies":"Reptomancer","floor":45,"turns":5},{"damage":7,"enemies":"Spire Growth","floor":46,"turns":5},{"damage":8,"enemies":"3 Darklings","floor":48,"turns":4},{"damage":12,"enemies":"Time Eater","floor":50,"turns":5}],"seed_played":"-2856057834630234220","potions_obtained":[{"floor":1,"key":"Weak Potion"},{"floor":4,"key":"SpeedPotion"},{"floor":5,"key":"PowerPotion"},{"floor":22,"key":"Fire Potion"},{"floor":29,"key":"AttackPotion"},{"floor":30,"key":"PowerPotion"},{"floor":35,"key":"AttackPotion"},{"floor":45,"key":"AttackPotion"},{"floor":48,"key":"Strength Potion"}],"is_trial":false,"path_per_floor":["M","?","?","M","M","E","R","$","T","E","?","$","R","E","R","B",null,"M","$","M","M","?","E","R","E","T","?","R","E","M","$","R","B",null,"M","M","?","$","?","E","R","?","T","R","E","M","T","M","R","B",null],"character_chosen":"IRONCLAD","items_purchased":["Spot Weakness","True Grit","Vajra"],"campfire_rested":3,"item_purchase_floors":[8,8,19],"current_hp_per_floor":[65,54,54,60,65,42,42,42,42,38,38,38,61,44,44,22,68,78,78,69,73,79,82,82,75,75,75,75,81,78,78,78,17,79,60,52,52,52,52,23,52,71,71,71,49,48,48,46,81,75],"gold":676,"neow_bonus":"UPGRADE_CARD","is_prod":false,"is_daily":false,"chose_seed":false,"campfire_upgraded":6,"win_rate":0,"timestamp":1557558022,"path_taken":["M","?","?","M","M","E","R","$","T","E","?","$","R","E","R","BOSS","M","$","M","?","?","E","R","E","T","?","R","E","M","?","R","BOSS","M","M","?","$","?","E","R","?","T","R","E","M","?","M","R","BOSS"],"build_version":"2019-01-23","purchased_purges":4,"victory":true,"max_hp_per_floor":[75,75,75,75,75,75,75,75,75,79,79,79,79,83,83,83,83,87,87,91,95,99,99,99,99,99,99,99,99,99,99,99,99,99,99,99,99,99,99,99,99,113,113,113,117,117,117,117,117,117],"card_choices":[{"not_picked":["Rupture","Pummel"],"picked":"Twin Strike","floor":1},{"not_picked":["Entrench","Flex"],"picked":"Feel No Pain","floor":4},{"not_picked":["Pummel","Clothesline"],"picked":"Whirlwind","floor":5},{"not_picked":["Intimidate","Rage"],"picked":"Feed","floor":6},{"not_picked":["True Grit","Thunderclap"],"picked":"Juggernaut","floor":10},{"not_picked":["Searing Blow","Iron Wave"],"picked":"Rage","floor":14},{"not_picked":["Brutality","Demon Form"],"picked":"Limit Break","floor":16},{"not_picked":["Anger","Pommel Strike"],"picked":"Disarm","floor":18},{"not_picked":["Seeing Red","Perfected Strike","Havoc"],"picked":"SKIP","floor":20},{"not_picked":["Iron Wave","Havoc"],"picked":"Pommel Strike","floor":21},{"not_picked":["Fire Breathing","Warcry"],"picked":"Metallicize","floor":22},{"not_picked":["Warcry","Dual Wield"],"picked":"Shrug It Off","floor":23},{"not_picked":["Twin Strike","Clothesline"],"picked":"Inflame+1","floor":25},{"not_picked":["Immolate","True Grit","Fire Breathing"],"picked":"SKIP","floor":29},{"not_picked":["Power Through","Wild Strike","Searing Blow+1"],"picked":"SKIP","floor":30},{"not_picked":["Impervious","Brutality"],"picked":"Offering","floor":33},{"not_picked":["Thunderclap","Uppercut"],"picked":"Feel No Pain+1","floor":35},{"not_picked":["Thunderclap","Headbutt"],"picked":"Shrug It Off","floor":36},{"not_picked":["Jack Of All Trades","Discovery"],"picked":"Good Instincts","floor":37},{"not_picked":["Headbutt","Perfected Strike","Clash+1"],"picked":"SKIP","floor":40},{"not_picked":["Warcry","Dual Wield"],"picked":"Sword Boomerang+1","floor":42},{"not_picked":["Headbutt","Thunderclap+1"],"picked":"Entrench+1","floor":45},{"not_picked":["Double Tap","Armaments","Headbutt"],"picked":"SKIP","floor":46},{"not_picked":["Second Wind","True Grit","Headbutt+1"],"picked":"SKIP","floor":48}],"player_experience":394776,"relics_obtained":[{"floor":6,"key":"Orichalcum"},{"floor":9,"key":"Centennial Puzzle"},{"floor":10,"key":"Self Forming Clay"},{"floor":14,"key":"Art of War"},{"floor":22,"key":"Red Mask"},{"floor":23,"key":"Anchor"},{"floor":25,"key":"Lantern"},{"floor":26,"key":"Blue Candle"},{"floor":29,"key":"PreservedInsect"},{"floor":40,"key":"Bag of Marbles"},{"floor":42,"key":"Mango"},{"floor":43,"key":"Du-Vu Doll"},{"floor":45,"key":"Omamori"},{"floor":47,"key":"Whetstone"}],"event_choices":[{"damage_healed":0,"gold_gain":75,"player_choice":"Gather Gold","damage_taken":11,"max_hp_gain":0,"max_hp_loss":0,"event_name":"World of Goop","floor":2,"gold_loss":0},{"damage_healed":0,"gold_gain":0,"player_choice":"Take Wound","damage_taken":0,"relics_obtained":["Golden Idol"],"max_hp_gain":0,"max_hp_loss":0,"event_name":"Golden Idol","floor":3,"gold_loss":0,"cards_obtained":["Injury"]},{"damage_healed":0,"gold_gain":0,"player_choice":"Forge","damage_taken":0,"max_hp_gain":0,"max_hp_loss":0,"event_name":"Accursed Blacksmith","floor":11,"gold_loss":0,"cards_upgraded":["Whirlwind"]},{"damage_healed":0,"gold_gain":0,"player_choice":"Fought Bandits","damage_taken":0,"max_hp_gain":0,"max_hp_loss":0,"event_name":"Masked Bandits","floor":22,"gold_loss":0},{"damage_healed":0,"gold_gain":0,"player_choice":"Inject Mutagens","damage_taken":0,"relics_obtained":["MutagenicStrength"],"max_hp_gain":0,"max_hp_loss":0,"event_name":"Drug Dealer","floor":27,"gold_loss":0},{"damage_healed":0,"gold_gain":0,"player_choice":"Memory 1","damage_taken":0,"max_hp_gain":0,"max_hp_loss":0,"event_name":"SensoryStone","floor":37,"gold_loss":0},{"damage_healed":0,"gold_gain":333,"player_choice":"Gave Idol","damage_taken":0,"max_hp_gain":0,"max_hp_loss":0,"event_name":"The Moai Head","floor":39,"relics_lost":["Golden Idol"],"gold_loss":0},{"damage_healed":0,"gold_gain":0,"player_choice":"Fight","damage_taken":0,"max_hp_gain":0,"max_hp_loss":0,"event_name":"MindBloom","floor":42,"gold_loss":0}],"is_beta":false,"boss_relics":[{"not_picked":["Calling Bell","Pandora\u0027s Box"],"picked":"Snecko Eye"},{"not_picked":["Runic Pyramid","Tiny House"],"picked":"Lizard Tail"}],"items_purged_floors":[8,12,31,38],"is_endless":false,"potions_floor_spawned":[1,4,5,22,23,29,30,35,45,48],"ascension_level":16}