{"gold_per_floor":[116,131,131,131,151,151,178,197,268,278,278],"floor_reached":11,"playtime":270,"items_purged":[],"score":143,"play_id":"b2c856ca-d5ce-4dcd-bfcb-9ce9a009702c","local_time":"20190517010614","is_ascension_mode":true,"campfire_choices":[{"data":"Zap","floor":6,"key":"SMITH"}],"neow_cost":"NONE","seed_source_timestamp":5613558557958,"circlet_count":0,"master_deck":["AscendersBane","Strike_B","Strike_B","Strike_B","Defend_B","Defend_B","Defend_B","Defend_B","Zap+1","Dualcast","Cold Snap","Ball Lightning","Compile Driver","Seek","Capacitor","Consume"],"relics":["Cracked Core","Ginger","Blue Candle"],"potions_floor_usage":[10],"damage_taken":[{"damage":1,"enemies":"Cultist","floor":1,"turns":3},{"damage":2,"enemies":"Jaw Worm","floor":2,"turns":4},{"damage":4,"enemies":"Small Slimes","floor":5,"turns":4},{"damage":20,"enemies":"3 Sentries","floor":7,"turns":7},{"damage":33,"enemies":"Exordium Thugs","floor":8,"turns":5},{"damage":3,"enemies":"Looter","floor":10,"turns":3},{"damage":14,"enemies":"Red Slaver","floor":11,"turns":1}],"seed_played":"4112684516742978309","potions_obtained":[{"floor":7,"key":"Dexterity Potion"},{"floor":8,"key":"Poison Potion"}],"is_trial":false,"path_per_floor":["M","M","?","?","M","R","E","M","T","M","M"],"character_chosen":"DEFECT","items_purchased":[],"campfire_rested":0,"item_purchase_floors":[],"current_hp_per_floor":[70,68,61,61,57,57,37,4,4,1,0],"gold":278,"neow_bonus":"TEN_PERCENT_HP_BONUS","is_prod":false,"is_daily":false,"chose_seed":false,"campfire_upgraded":1,"win_rate":0,"timestamp":1558073174,"path_taken":["M","?","?","?","M","R","E","M","T","M","?"],"build_version":"2019-01-23","purchased_purges":0,"victory":false,"max_hp_per_floor":[78,78,78,78,78,78,78,78,78,78,78],"card_choices":[{"not_picked":["Conserve Battery","FTL"],"picked":"Cold Snap","floor":1},{"not_picked":["Skim","Leap"],"picked":"Ball Lightning","floor":2},{"not_picked":["Barrage","Streamline","Reprogram"],"picked":"SKIP","floor":5},{"not_picked":["Coolheaded","Rainbow"],"picked":"Seek","floor":7},{"not_picked":["Force Field","Gash"],"picked":"Capacitor","floor":8},{"not_picked":["Streamline","Blizzard"],"picked":"Consume","floor":10}],"player_experience":426029,"relics_obtained":[{"floor":7,"key":"Ginger"},{"floor":9,"key":"Blue Candle"}],"event_choices":[{"cards_removed":["Strike_B"],"damage_healed":0,"gold_gain":0,"player_choice":"Card Removal","damage_taken":7,"max_hp_gain":0,"max_hp_loss":0,"event_name":"Golden Wing","floor":3,"gold_loss":0},{"damage_healed":0,"gold_gain":0,"player_choice":"1 cards matched","damage_taken":0,"max_hp_gain":0,"max_hp_loss":0,"event_name":"Match and Keep!","floor":4,"gold_loss":0,"cards_obtained":["Compile Driver"]}],"is_beta":false,"boss_relics":[],"items_purged_floors":[],"is_endless":false,"potions_floor_spawned":[7,8],"killed_by":"Red Slaver","ascension_level":18}