{"gold_per_floor":[212,225,76,76,92,121,121,156,156,156,156,174,174,42,42,139,139,151,169,19,39,129,129,144,177,177,205,205,234,250,349,349,349],"floor_reached":33,"playtime":1267,"items_purged":[],"score":338,"play_id":"6f9d4513-606e-4223-b81c-3473dd24b6c8","local_time":"20190409022822","is_ascension_mode":false,"campfire_choices":[{"data":"True Grit","floor":7,"key":"SMITH"},{"data":"Fire Breathing","floor":11,"key":"SMITH"},{"data":"Rage","floor":13,"key":"SMITH"},{"data":"Armaments","floor":15,"key":"SMITH"},{"floor":23,"key":"REST"},{"floor":28,"key":"REST"},{"floor":32,"key":"REST"}],"neow_cost":"NONE","seed_source_timestamp":0,"circlet_count":0,"master_deck":["Bash","Sword Boomerang+1","Cleave+1","Rage+1","True Grit+1","Fire Breathing+1","Battle Trance","Combust","Pommel Strike","Armaments+1","Offering","Whirlwind","Fiend Fire","Flame Barrier","Blood for Blood","Twin Strike","Bludgeon","Blood for Blood","Anger","Warcry","Warcry","Reaper","Warcry","Warcry","Dual Wield+1","Feed","Combust","True Grit+1"],"relics":["Burning Blood","Whetstone","Bag of Preparation","Ginger","Dodecahedron","Pandora\u0027s Box","Shuriken","Pen Nib","Happy Flower","Centennial Puzzle"],"potions_floor_usage":[6,8,25,25,30],"damage_taken":[{"damage":5,"enemies":"Jaw Worm","floor":1,"turns":4},{"damage":0,"enemies":"2 Louse","floor":2,"turns":2},{"damage":0,"enemies":"Cultist","floor":5,"turns":2},{"damage":25,"enemies":"Lagavulin","floor":6,"turns":6},{"damage":23,"enemies":"Gremlin Nob","floor":8,"turns":4},{"damage":0,"enemies":"Red Slaver","floor":12,"turns":4},{"damage":21,"enemies":"Slime Boss","floor":16,"turns":7},{"damage":7,"enemies":"Shell Parasite","floor":18,"turns":4},{"damage":7,"enemies":"Chosen","floor":19,"turns":3},{"damage":20,"enemies":"Snake Plant","floor":21,"turns":4},{"damage":30,"enemies":"Sentry and Sphere","floor":24,"turns":5},{"damage":10,"enemies":"Gremlin Leader","floor":25,"turns":4},{"damage":49,"enemies":"Book of Stabbing","floor":27,"turns":4},{"damage":34,"enemies":"Gremlin Leader","floor":29,"turns":4},{"damage":26,"enemies":"Cultist and Chosen","floor":30,"turns":4},{"damage":57,"enemies":"Automaton","floor":33,"turns":6}],"seed_played":"-7141834827557009834","potions_obtained":[{"floor":2,"key":"BloodPotion"},{"floor":6,"key":"Energy Potion"},{"floor":16,"key":"AttackPotion"},{"floor":18,"key":"SneckoOil"},{"floor":21,"key":"Swift Potion"},{"floor":30,"key":"Explosive Potion"}],"is_trial":false,"path_per_floor":["M","M","$","?","M","E","R","E","T","?","R","M","R","$","R","B",null,"M","M","$","M","?","R","M","E","T","E","R","E","M","?","R","B"],"character_chosen":"IRONCLAD","items_purchased":["Whetstone","Combust","Pommel Strike","Armaments","Reaper"],"campfire_rested":3,"item_purchase_floors":[3,14,14,14,20],"current_hp_per_floor":[80,80,80,80,80,69,69,52,52,80,80,80,80,80,80,65,80,79,78,78,64,48,72,53,49,49,12,36,20,8,8,32,0],"gold":349,"neow_bonus":"HUNDRED_GOLD","is_prod":false,"is_daily":false,"chose_seed":true,"campfire_upgraded":4,"win_rate":0,"timestamp":1554794902,"path_taken":["M","M","$","?","M","E","R","E","T","?","R","?","R","?","R","BOSS","M","M","$","M","?","R","M","E","T","E","R","E","?","?","R","BOSS"],"build_version":"2019-01-23","purchased_purges":0,"victory":false,"max_hp_per_floor":[80,80,80,80,80,80,80,80,80,80,80,80,80,80,80,80,80,80,80,80,80,80,80,80,80,80,80,80,80,80,80,80,80],"card_choices":[{"not_picked":["Thunderclap","Headbutt"],"picked":"Sword Boomerang","floor":1},{"not_picked":["True Grit","Carnage"],"picked":"Cleave","floor":2},{"not_picked":["Cleave","Heavy Blade"],"picked":"Rage","floor":5},{"not_picked":["Flex","Warcry"],"picked":"True Grit","floor":6},{"not_picked":["Heavy Blade","Thunderclap"],"picked":"Fire Breathing","floor":8},{"not_picked":["Perfected Strike","Limit Break"],"picked":"Battle Trance","floor":12},{"not_picked":["Bludgeon","Brutality"],"picked":"Offering","floor":16},{"not_picked":["Flame Barrier","Sword Boomerang"],"picked":"Warcry","floor":18},{"not_picked":["Blood for Blood+1","Clash"],"picked":"Warcry","floor":19},{"not_picked":["Body Slam","Sentinel"],"picked":"Warcry","floor":21},{"not_picked":["Armaments","Sword Boomerang"],"picked":"Warcry","floor":24},{"not_picked":["Thunderclap+1","Exhume"],"picked":"Dual Wield+1","floor":25},{"not_picked":["Flex","Body Slam"],"picked":"Feed","floor":27},{"not_picked":["Heavy Blade+1","Berserk"],"picked":"Combust","floor":29},{"not_picked":["Cleave","Sentinel+1"],"picked":"True Grit+1","floor":30}],"player_experience":301115,"relics_obtained":[{"floor":6,"key":"Bag of Preparation"},{"floor":8,"key":"Ginger"},{"floor":9,"key":"Dodecahedron"},{"floor":25,"key":"Shuriken"},{"floor":26,"key":"Pen Nib"},{"floor":27,"key":"Happy Flower"},{"floor":29,"key":"Centennial Puzzle"}],"event_choices":[{"cards_removed":["Strike_R"],"damage_healed":0,"gold_gain":0,"player_choice":"Forget","damage_taken":0,"max_hp_gain":0,"max_hp_loss":0,"event_name":"Living Wall","floor":4,"gold_loss":0},{"damage_healed":28,"gold_gain":0,"player_choice":"Full Heal","damage_taken":0,"max_hp_gain":0,"max_hp_loss":0,"event_name":"Wheel of Change","floor":10,"gold_loss":0},{"damage_healed":0,"gold_gain":90,"player_choice":"GOLD ","damage_taken":16,"max_hp_gain":0,"max_hp_loss":0,"event_name":"Knowing Skull","floor":22,"potions_obtained":[],"gold_loss":0,"cards_obtained":[]},{"damage_healed":0,"gold_gain":99,"player_choice":"Stole From Cult","damage_taken":0,"max_hp_gain":0,"max_hp_loss":0,"event_name":"Nest","floor":31,"gold_loss":0}],"is_beta":false,"boss_relics":[{"not_picked":["Runic Cube","Black Blood"],"picked":"Pandora\u0027s Box"}],"items_purged_floors":[],"is_endless":false,"potions_floor_spawned":[2,6,16,18,21,30],"killed_by":"Automaton","ascension_level":0}