{"gold_per_floor":[114,114,128,143,243,271,271,285,337,381,403,415,438,477,489,501],"floor_reached":16,"playtime":452,"items_purged":[],"score":189,"play_id":"3180ab2f-fbc2-4f4c-b41f-5de8195a5fa2","local_time":"20190416222555","is_ascension_mode":true,"campfire_choices":[{"data":"Pommel Strike","floor":7,"key":"SMITH"},{"data":"Seeing Red","floor":12,"key":"SMITH"},{"floor":15,"key":"REST"}],"neow_cost":"NONE","seed_source_timestamp":551077593707404,"circlet_count":0,"master_deck":["AscendersBane","Strike_R","Strike_R","Strike_R","Strike_R","Strike_R+1","Defend_R","Defend_R+1","Defend_R","Defend_R","Bash","Inflame","Clothesline","Flame Barrier","Pommel Strike+1","Warcry","Seeing Red+1","Iron Wave","Uppercut","Ghostly Armor"],"relics":["Burning Blood","NeowsBlessing","Bottled Flame","MawBank","Omamori","Red Skull"],"potions_floor_usage":[10,16,16],"damage_taken":[{"damage":0,"enemies":"Cultist","floor":1,"turns":1},{"damage":0,"enemies":"2 Louse","floor":3,"turns":1},{"damage":0,"enemies":"Jaw Worm","floor":4,"turns":1},{"damage":29,"enemies":"Lagavulin","floor":6,"turns":9},{"damage":17,"enemies":"2 Fungi Beasts","floor":8,"turns":4},{"damage":5,"enemies":"Gremlin Nob","floor":10,"turns":3},{"damage":11,"enemies":"Large Slime","floor":11,"turns":6},{"damage":10,"enemies":"Exordium Wildlife","floor":13,"turns":5},{"damage":28,"enemies":"Lagavulin","floor":14,"turns":6},{"damage":27,"enemies":"Hexaghost","floor":16,"turns":11}],"seed_played":"481342762101485574","potions_obtained":[{"floor":3,"key":"SkillPotion"},{"floor":8,"key":"AttackPotion"},{"floor":10,"key":"Block Potion"},{"floor":14,"key":"PowerPotion"}],"is_trial":false,"path_per_floor":["M","?","M","M","?","E","R","M","T","E","M","R","M","E","R","B"],"character_chosen":"IRONCLAD","items_purchased":[],"campfire_rested":1,"item_purchase_floors":[],"current_hp_per_floor":[78,62,68,74,74,51,51,40,40,41,36,36,32,10,34,7],"gold":501,"neow_bonus":"THREE_ENEMY_KILL","is_prod":false,"is_daily":false,"chose_seed":false,"campfire_upgraded":2,"win_rate":0,"timestamp":1555471555,"path_taken":["M","?","M","M","?","E","R","M","T","E","M","R","M","E","R","BOSS"],"build_version":"2019-01-23","purchased_purges":0,"victory":false,"max_hp_per_floor":[80,80,80,80,80,80,80,80,80,80,80,80,80,80,80,80],"card_choices":[{"not_picked":["Heavy Blade","Clothesline"],"picked":"Inflame","floor":1},{"not_picked":["Armaments","Iron Wave"],"picked":"Clothesline","floor":3},{"not_picked":["Clash","Heavy Blade"],"picked":"Flame Barrier","floor":4},{"not_picked":["Thunderclap","Searing Blow"],"picked":"Pommel Strike","floor":6},{"not_picked":["Feel No Pain","Havoc"],"picked":"Warcry","floor":8},{"not_picked":["Anger","Perfected Strike"],"picked":"Seeing Red","floor":10},{"not_picked":["Body Slam","Burning Pact"],"picked":"Iron Wave","floor":11},{"not_picked":["Heavy Blade","Havoc"],"picked":"Uppercut","floor":13},{"not_picked":["Heavy Blade","Second Wind"],"picked":"Ghostly Armor","floor":14}],"player_experience":318719,"relics_obtained":[{"floor":6,"key":"Bottled Flame"},{"floor":9,"key":"MawBank"},{"floor":10,"key":"Omamori"},{"floor":14,"key":"Red Skull"}],"event_choices":[{"damage_healed":0,"gold_gain":0,"player_choice":"Entered Light","damage_taken":16,"max_hp_gain":0,"max_hp_loss":0,"event_name":"Shining Light","floor":2,"gold_loss":0,"cards_upgraded":["Strike_R","Defend_R"]},{"damage_healed":0,"gold_gain":100,"player_choice":"Pray","damage_taken":0,"max_hp_gain":0,"max_hp_loss":0,"event_name":"Golden Shrine","floor":5,"gold_loss":0}],"is_beta":false,"boss_relics":[],"items_purged_floors":[],"is_endless":false,"potions_floor_spawned":[3,8,10,11,14],"killed_by":"Hexaghost","ascension_level":11}