{"gold_per_floor":[117,292,303,303,99,124,138,166,192,211,211,211,230,257,257,358,358,373,373,373,383,401,401,414,426,452,52,72,72],"floor_reached":29,"playtime":1108,"items_purged":["Doubt","Defend_R"],"score":406,"play_id":"fc8e82ab-9493-4d42-be12-79ac665ac90f","local_time":"20190328175842","is_ascension_mode":true,"campfire_choices":[{"data":"Pommel Strike","floor":12,"key":"SMITH"},{"data":"Armaments","floor":15,"key":"SMITH"},{"data":"Demon Form","floor":23,"key":"SMITH"}],"neow_cost":"NONE","seed_source_timestamp":1013495023693904,"circlet_count":0,"master_deck":["Defend_R","Defend_R","Bash","Twin Strike","Armaments+1","Rage","Anger","Headbutt","Anger","Rampage","Pommel Strike+1","Warcry","Demon Form+1","Thunderclap","Bite","Bite","Bite","Bite","Bite","Heavy Blade","Seeing Red+1","Flame Barrier+1","Shrug It Off","Intimidate+1","Shrug It Off","Battle Trance+1"],"relics":["Burning Blood","NeowsBlessing","Art of War","Dream Catcher","Omamori","Meat on the Bone","Runic Pyramid","Centennial Puzzle","Mercury Hourglass"],"potions_floor_usage":[8,8,14,14,18,28],"damage_taken":[{"damage":0,"enemies":"2 Louse","floor":1,"turns":1},{"damage":0,"enemies":"Cultist","floor":3,"turns":1},{"damage":0,"enemies":"Lagavulin","floor":6,"turns":2},{"damage":2,"enemies":"Jaw Worm","floor":7,"turns":3},{"damage":8,"enemies":"Gremlin Nob","floor":8,"turns":4},{"damage":9,"enemies":"Red Slaver","floor":10,"turns":3},{"damage":6,"enemies":"Lots of Slimes","floor":13,"turns":4},{"damage":5,"enemies":"3 Sentries","floor":14,"turns":5},{"damage":53,"enemies":"The Guardian","floor":16,"turns":11},{"damage":15,"enemies":"3 Byrds","floor":18,"turns":5},{"damage":28,"enemies":"2 Thieves","floor":21,"turns":4},{"damage":18,"enemies":"Snecko","floor":22,"turns":5},{"damage":26,"enemies":"Snake Plant","floor":24,"turns":5},{"damage":16,"enemies":"Cultist and Chosen","floor":25,"turns":5},{"damage":15,"enemies":"Snecko","floor":28,"turns":4},{"damage":26,"enemies":"Gremlin Leader","floor":29,"turns":7}],"seed_played":"935640030921642701","potions_obtained":[{"floor":1,"key":"Block Potion"},{"floor":6,"key":"Block Potion"},{"floor":10,"key":"AttackPotion"},{"floor":13,"key":"SteroidPotion"},{"floor":14,"key":"PowerPotion"},{"floor":21,"key":"Ancient Potion"},{"floor":22,"key":"Block Potion"}],"is_trial":false,"path_per_floor":["M","?","M","?","$","E","M","E","T","M","?","R","M","E","R","B",null,"M","?","?","M","M","R","M","M","T","$","M","E"],"character_chosen":"IRONCLAD","items_purchased":["Rage","Anger","Mercury Hourglass","Shrug It Off"],"campfire_rested":0,"item_purchase_floors":[5,5,27,27],"current_hp_per_floor":[78,78,80,73,73,79,80,78,78,75,75,75,75,76,76,41,70,61,56,56,46,49,49,39,40,40,40,39,26],"gold":72,"neow_bonus":"THREE_ENEMY_KILL","is_prod":false,"is_daily":false,"chose_seed":false,"campfire_upgraded":3,"win_rate":0,"timestamp":1553813922,"path_taken":["M","?","M","?","$","E","M","E","T","M","?","R","M","E","R","BOSS","M","?","?","M","M","R","M","?","T","?","M","E"],"build_version":"2019-01-23","purchased_purges":2,"victory":false,"max_hp_per_floor":[80,80,80,80,80,80,80,80,80,80,80,80,80,80,80,80,80,80,56,56,56,56,56,56,56,56,56,56,56],"card_choices":[{"not_picked":["Pummel","Iron Wave"],"picked":"Twin Strike","floor":1},{"not_picked":["Warcry","Body Slam"],"picked":"Armaments","floor":3},{"not_picked":["Entrench","Fire Breathing"],"picked":"Headbutt","floor":6},{"not_picked":["Reckless Charge","Headbutt"],"picked":"Anger","floor":7},{"not_picked":["Wild Strike","Iron Wave"],"picked":"Rampage","floor":8},{"not_picked":["Body Slam","Havoc"],"picked":"Pommel Strike","floor":10},{"not_picked":["Heavy Blade","Second Wind","Berserk"],"picked":"SKIP","floor":13},{"not_picked":["Thunderclap","Shockwave"],"picked":"Warcry","floor":14},{"not_picked":["Impervious","Fiend Fire"],"picked":"Demon Form","floor":16},{"not_picked":["Metallicize","Armaments"],"picked":"Thunderclap","floor":18},{"not_picked":["Heavy Blade","Iron Wave"],"picked":"Seeing Red+1","floor":21},{"not_picked":["Thunderclap","Power Through"],"picked":"Flame Barrier+1","floor":22},{"not_picked":["Flame Barrier+1","Sword Boomerang"],"picked":"Shrug It Off","floor":24},{"not_picked":["Anger","Metallicize"],"picked":"Intimidate+1","floor":25},{"not_picked":["Sword Boomerang","Thunderclap"],"picked":"Battle Trance+1","floor":28}],"player_experience":266538,"relics_obtained":[{"floor":6,"key":"Art of War"},{"floor":8,"key":"Dream Catcher"},{"floor":9,"key":"Omamori"},{"floor":14,"key":"Meat on the Bone"},{"floor":26,"key":"Centennial Puzzle"}],"event_choices":[{"damage_healed":0,"gold_gain":175,"player_choice":"AGREE","damage_taken":0,"max_hp_gain":0,"max_hp_loss":0,"event_name":"Liars Game","floor":2,"gold_loss":0,"cards_obtained":["Doubt"]},{"cards_removed":["Strike_R"],"damage_healed":0,"gold_gain":0,"player_choice":"Card Removal","damage_taken":7,"max_hp_gain":0,"max_hp_loss":0,"event_name":"Golden Wing","floor":4,"gold_loss":0},{"damage_healed":0,"gold_gain":0,"player_choice":"Cursed","damage_taken":0,"max_hp_gain":0,"max_hp_loss":0,"event_name":"Wheel of Change","floor":11,"gold_loss":0,"cards_obtained":["Decay"]},{"damage_healed":0,"gold_gain":0,"player_choice":"Became a vampire","damage_taken":0,"max_hp_gain":0,"max_hp_loss":24,"event_name":"Vampires","floor":19,"gold_loss":0,"cards_obtained":["Bite","Bite","Bite","Bite","Bite"]},{"damage_healed":0,"gold_gain":0,"cards_transformed":["Defend_R"],"player_choice":"Transformed","damage_taken":0,"max_hp_gain":0,"max_hp_loss":0,"event_name":"Transmorgrifier","floor":20,"gold_loss":0,"cards_obtained":["Heavy Blade"]}],"is_beta":false,"boss_relics":[{"not_picked":["Mark of Pain","Ectoplasm"],"picked":"Runic Pyramid"}],"items_purged_floors":[5,27],"is_endless":false,"potions_floor_spawned":[1,6,10,13,14,21,22],"killed_by":"Gremlin Leader","ascension_level":8}