{"gold_per_floor":[119,134,147,157,5,5,19,19,91,91,124,124,143,156,156,255,255,274,293,159,159,178,178,178,192,192,192,244,44,44,60,60,60],"floor_reached":33,"playtime":2775,"items_purged":["Strike_G","Strike_G","Bite"],"score":274,"play_id":"2fce1f17-9216-4eb5-aed9-fe21805dbbd7","local_time":"20190516155104","is_ascension_mode":false,"campfire_choices":[{"data":"Noxious Fumes","floor":6,"key":"SMITH"},{"data":"Footwork","floor":12,"key":"SMITH"},{"floor":15,"key":"REST"},{"floor":23,"key":"REST"},{"floor":27,"key":"REST"},{"data":"Noxious Fumes","floor":30,"key":"SMITH"},{"floor":32,"key":"REST"}],"neow_cost":"NONE","seed_source_timestamp":107838023373042,"circlet_count":0,"master_deck":["Defend_G","Defend_G","Defend_G","Defend_G","Defend_G","Survivor","Neutralize","Noxious Fumes+1","Quick Slash","Backstab","Dagger Spray","Footwork+1","Bane","Dash","Bane","Dash","Corpse Explosion","Predator","Bite","Bite","Bite","Bite","Flying Knee","Prepared+1","Noxious Fumes+1","Dodge and Roll"],"relics":["Ring of the Serpent","Kunai","Gambling Chip","Ginger","Anchor"],"potions_floor_usage":[],"damage_taken":[{"damage":0,"enemies":"2 Louse","floor":1,"turns":3},{"damage":0,"enemies":"Jaw Worm","floor":2,"turns":6},{"damage":1,"enemies":"Cultist","floor":3,"turns":4},{"damage":0,"enemies":"2 Fungi Beasts","floor":4,"turns":3},{"damage":7,"enemies":"Exordium Thugs","floor":7,"turns":5},{"damage":20,"enemies":"3 Sentries","floor":11,"turns":6},{"damage":0,"enemies":"Large Slime","floor":13,"turns":6},{"damage":1,"enemies":"3 Louse","floor":14,"turns":3},{"damage":26,"enemies":"The Guardian","floor":16,"turns":10},{"damage":26,"enemies":"2 Thieves","floor":18,"turns":4},{"damage":6,"enemies":"Chosen","floor":19,"turns":5},{"damage":35,"enemies":"Shelled Parasite and Fungi","floor":22,"turns":7},{"damage":11,"enemies":"Centurion and Healer","floor":25,"turns":9},{"damage":27,"enemies":"3 Cultists","floor":31,"turns":4},{"damage":72,"enemies":"Automaton","floor":33,"turns":12}],"seed_played":"-3311864775387866247","potions_obtained":[{"floor":1,"key":"AttackPotion"},{"floor":2,"key":"GhostInAJar"},{"floor":13,"key":"Fire Potion"},{"floor":19,"key":"Ancient Potion"}],"is_trial":false,"path_per_floor":["M","M","M","M","$","R","M","$","T","?","E","R","M","M","R","B",null,"M","M","$","?","M","R","?","M","T","R","T","$","R","M","R","B"],"character_chosen":"THE_SILENT","items_purchased":["Footwork","Predator","Noxious Fumes"],"campfire_rested":4,"item_purchase_floors":[5,20,29],"current_hp_per_floor":[77,77,76,76,76,76,69,69,69,69,49,49,49,48,71,45,77,51,45,45,45,12,27,27,30,30,45,45,45,45,20,35,0],"gold":60,"neow_bonus":"TEN_PERCENT_HP_BONUS","is_prod":false,"is_daily":false,"chose_seed":false,"campfire_upgraded":3,"win_rate":0.0,"timestamp":1558047064,"path_taken":["M","M","M","M","$","R","M","$","T","?","E","R","M","M","R","BOSS","M","M","$","?","M","R","?","M","T","R","?","$","R","M","R","BOSS"],"build_version":"2019-01-23","purchased_purges":3,"victory":false,"max_hp_per_floor":[77,77,77,77,77,77,77,77,77,77,77,77,77,77,77,77,77,77,77,77,53,53,53,53,53,53,53,53,53,53,53,53,53],"card_choices":[{"not_picked":["Eviscerate","Blur"],"picked":"Noxious Fumes","floor":1},{"not_picked":["Prepared","Masterful Stab"],"picked":"Quick Slash","floor":2},{"not_picked":["Tactician","Flying Knee"],"picked":"Backstab","floor":3},{"not_picked":["Escape Plan","Expertise"],"picked":"Dagger Spray","floor":4},{"not_picked":["Skewer","Leg Sweep"],"picked":"Bane","floor":7},{"not_picked":["Poisoned Stab","Slice"],"picked":"Dash","floor":11},{"not_picked":["Deadly Poison","Poisoned Stab"],"picked":"Bane","floor":13},{"not_picked":["Poisoned Stab","Dagger Throw"],"picked":"Dash","floor":14},{"not_picked":["Doppelganger","Glass Knife"],"picked":"Corpse Explosion","floor":16},{"not_picked":["Deadly Poison","Heel Hook+1","All Out Attack+1"],"picked":"SKIP","floor":18},{"not_picked":["Prepared","All Out Attack","Heel Hook+1"],"picked":"SKIP","floor":19},{"not_picked":["Outmaneuver","Deadly Poison"],"picked":"Flying Knee","floor":22},{"not_picked":["Accuracy","Deadly Poison"],"picked":"Prepared+1","floor":25},{"not_picked":["Dagger Throw","Flying Knee+1"],"picked":"Dodge and Roll","floor":31}],"player_experience":76241,"relics_obtained":[{"floor":9,"key":"Kunai"},{"floor":11,"key":"Gambling Chip"},{"floor":26,"key":"Ginger"},{"floor":28,"key":"Anchor"}],"event_choices":[{"damage_healed":0,"gold_gain":0,"player_choice":"Ignored","damage_taken":0,"max_hp_gain":0,"max_hp_loss":0,"event_name":"Golden Idol","floor":10,"gold_loss":0},{"damage_healed":0,"gold_gain":0,"player_choice":"Became a vampire","damage_taken":0,"max_hp_gain":0,"max_hp_loss":24,"event_name":"Vampires","floor":21,"gold_loss":0,"cards_obtained":["Bite","Bite","Bite","Bite","Bite"]},{"damage_healed":0,"gold_gain":0,"player_choice":"Ignored","damage_taken":0,"max_hp_gain":0,"max_hp_loss":0,"event_name":"Ghosts","floor":24,"gold_loss":0}],"is_beta":false,"boss_relics":[{"not_picked":["Philosopher\u0027s Stone","HoveringKite"],"picked":"Ring of the Serpent"}],"items_purged_floors":[5,20,29],"is_endless":false,"potions_floor_spawned":[1,2,13,14,19],"killed_by":"Automaton","ascension_level":0}