{"gold_per_floor":[114,127,138,153,228,228,242,275,300,300,334,347,359,377,377,476,476,492,510,528,403,403,403,318,318,318,71,71,81,81,81,81,81],"floor_reached":33,"playtime":1652,"items_purged":["Strike_R"],"score":259,"play_id":"f82b4693-2cc9-4b22-b077-d9514148fdac","local_time":"20190527015836","is_ascension_mode":false,"campfire_choices":[{"data":"Pommel Strike","floor":6,"key":"SMITH"},{"floor":10,"key":"REST"},{"data":"Armaments","floor":15,"key":"SMITH"},{"data":"Sword Boomerang","floor":23,"key":"SMITH"},{"data":"Inflame","floor":25,"key":"SMITH"},{"data":"Seeing Red","floor":28,"key":"SMITH"},{"data":"Twin Strike","floor":30,"key":"SMITH"},{"data":"Shrug It Off","floor":32,"key":"SMITH"}],"neow_cost":"NONE","seed_source_timestamp":120273487871700,"circlet_count":0,"master_deck":["Strike_R+1","Strike_R+1","Strike_R+1","Strike_R+1","Defend_R+1","Defend_R+1","Defend_R+1","Defend_R+1","Bash","Fiend Fire","Sword Boomerang+1","Pommel Strike+1","Iron Wave","Twin Strike+1","Iron Wave","Shrug It Off+1","Twin Strike","Iron Wave","Armaments+1","Twin Strike","Offering","Perfected Strike","Inflame+1","Flame Barrier+1","Headbutt","Seeing Red+1","Shrug It Off","Ghostly Armor"],"relics":["Burning Blood","Red Skull","Anchor","Pen Nib","Philosopher\u0027s Stone","Vajra","Question Card","Membership Card"],"potions_floor_usage":[33,33,33],"damage_taken":[{"damage":0,"enemies":"2 Louse","floor":1,"turns":3},{"damage":3,"enemies":"Small Slimes","floor":2,"turns":5},{"damage":5,"enemies":"Jaw Worm","floor":3,"turns":4},{"damage":14,"enemies":"3 Louse","floor":4,"turns":4},{"damage":19,"enemies":"Exordium Wildlife","floor":7,"turns":7},{"damage":30,"enemies":"3 Sentries","floor":8,"turns":8},{"damage":9,"enemies":"Gremlin Nob","floor":11,"turns":3},{"damage":3,"enemies":"Lots of Slimes","floor":12,"turns":5},{"damage":0,"enemies":"Large Slime","floor":13,"turns":5},{"damage":2,"enemies":"Blue Slaver","floor":14,"turns":4},{"damage":43,"enemies":"The Guardian","floor":16,"turns":11},{"damage":1,"enemies":"Chosen","floor":18,"turns":4},{"damage":0,"enemies":"Spheric Guardian","floor":19,"turns":3},{"damage":19,"enemies":"Chosen and Byrds","floor":20,"turns":6},{"damage":6,"enemies":"Snecko","floor":29,"turns":3},{"damage":78,"enemies":"Automaton","floor":33,"turns":6}],"seed_played":"6065591436390310921","potions_obtained":[{"floor":1,"key":"Explosive Potion"},{"floor":2,"key":"SteroidPotion"},{"floor":7,"key":"LiquidBronze"}],"is_trial":false,"path_per_floor":["M","M","M","M","?","R","M","E","T","R","E","M","M","M","R","B",null,"M","M","M","$","?","R","?","R","T","$","R","M","R","?","R","B"],"character_chosen":"IRONCLAD","items_purchased":["Headbutt","Membership Card","Seeing Red","Shrug It Off"],"campfire_rested":1,"item_purchase_floors":[21,27,27,27],"current_hp_per_floor":[80,80,80,72,61,61,48,24,24,48,45,48,54,58,58,21,80,80,80,67,67,67,67,67,67,67,67,67,67,67,67,67,0],"gold":81,"neow_bonus":"ONE_RANDOM_RARE_CARD","is_prod":false,"is_daily":false,"chose_seed":false,"campfire_upgraded":7,"win_rate":0.0,"timestamp":1558936716,"path_taken":["M","M","M","M","?","R","M","E","T","R","E","M","M","M","R","BOSS","M","M","M","$","?","R","?","R","T","?","R","M","R","?","R","BOSS"],"build_version":"2019-01-23","purchased_purges":1,"victory":false,"max_hp_per_floor":[80,80,80,80,80,80,80,80,80,80,80,80,80,80,80,80,80,80,80,80,80,80,80,80,80,80,80,80,80,80,80,80,80],"card_choices":[{"not_picked":["Clothesline","True Grit"],"picked":"Sword Boomerang","floor":1},{"not_picked":["Warcry","Wild Strike"],"picked":"Pommel Strike","floor":2},{"not_picked":["Thunderclap","Dropkick"],"picked":"Iron Wave","floor":3},{"not_picked":["Dark Embrace","Thunderclap"],"picked":"Twin Strike","floor":4},{"not_picked":["Clothesline","Blood for Blood"],"picked":"Iron Wave","floor":7},{"not_picked":["Pommel Strike","Power Through"],"picked":"Shrug It Off","floor":8},{"not_picked":["Metallicize","Thunderclap"],"picked":"Twin Strike","floor":11},{"not_picked":["Searing Blow","Thunderclap"],"picked":"Iron Wave","floor":12},{"not_picked":["Dropkick","Hemokinesis"],"picked":"Armaments","floor":13},{"not_picked":["Perfected Strike","Flex"],"picked":"Twin Strike","floor":14},{"not_picked":["Impervious","Berserk"],"picked":"Offering","floor":16},{"not_picked":["Sever Soul","Body Slam"],"picked":"Perfected Strike","floor":18},{"not_picked":["Heavy Blade","Shrug It Off+1"],"picked":"Inflame","floor":19},{"not_picked":["Anger","Searing Blow"],"picked":"Flame Barrier+1","floor":20},{"not_picked":["Warcry+1","Shrug It Off+1","Sword Boomerang"],"picked":"Ghostly Armor","floor":29}],"player_experience":45571,"relics_obtained":[{"floor":8,"key":"Red Skull"},{"floor":9,"key":"Anchor"},{"floor":11,"key":"Pen Nib"},{"floor":26,"key":"Question Card"}],"event_choices":[{"damage_healed":0,"gold_gain":75,"player_choice":"Gather Gold","damage_taken":11,"max_hp_gain":0,"max_hp_loss":0,"event_name":"World of Goop","floor":5,"gold_loss":0},{"damage_healed":0,"gold_gain":0,"player_choice":"Ignored","damage_taken":0,"max_hp_gain":0,"max_hp_loss":0,"event_name":"Ghosts","floor":22,"gold_loss":0},{"damage_healed":0,"gold_gain":0,"player_choice":"Obtained Relic","damage_taken":0,"relics_obtained":["Vajra"],"max_hp_gain":0,"max_hp_loss":0,"event_name":"Addict","floor":24,"gold_loss":85},{"damage_healed":0,"gold_gain":0,"player_choice":"Simplicity","damage_taken":0,"max_hp_gain":0,"max_hp_loss":0,"event_name":"Back to Basics","floor":31,"gold_loss":0,"cards_upgraded":["Strike_R","Strike_R","Strike_R","Strike_R","Defend_R","Defend_R","Defend_R","Defend_R"]}],"is_beta":false,"boss_relics":[{"not_picked":["Empty Cage","Lizard Tail"],"picked":"Philosopher\u0027s Stone"}],"items_purged_floors":[21],"is_endless":false,"potions_floor_spawned":[1,2,7,8,13,20,29],"killed_by":"Automaton","ascension_level":0}