{"gold_per_floor":[111,129,190,205,219,219,219,229,303,303,333,333,345,355,355,355],"floor_reached":16,"playtime":669,"items_purged":[],"score":104,"play_id":"04ad03ff-d998-4855-aee0-1cdab56674a4","local_time":"20190208010339","is_ascension_mode":false,"campfire_choices":[{"data":"Heavy Blade","floor":6,"key":"SMITH"},{"floor":12,"key":"REST"},{"data":"Feed","floor":15,"key":"SMITH"}],"neow_cost":"NONE","seed_source_timestamp":462485949512879,"circlet_count":0,"master_deck":["Strike_R","Strike_R","Strike_R","Strike_R","Strike_R","Defend_R","Defend_R","Defend_R","Defend_R","Bash","Heavy Blade+1","Thunderclap+1","Cleave","Shrug It Off","Pommel Strike","Feed+1"],"relics":["Burning Blood","Bottled Flame","Calipers"],"potions_floor_usage":[11,11],"damage_taken":[{"damage":4,"enemies":"2 Louse","floor":1,"turns":4},{"damage":2,"enemies":"Small Slimes","floor":2,"turns":3},{"damage":1,"enemies":"Cultist","floor":4,"turns":3},{"damage":9,"enemies":"Large Slime","floor":5,"turns":6},{"damage":11,"enemies":"Blue Slaver","floor":8,"turns":3},{"damage":36,"enemies":"3 Sentries","floor":11,"turns":6},{"damage":0,"enemies":"Gremlin Gang","floor":13,"turns":1},{"damage":10,"enemies":"Looter","floor":14,"turns":2},{"damage":71,"enemies":"Hexaghost","floor":16,"turns":8}],"seed_played":"5038658384473454746","potions_obtained":[{"floor":0,"key":"AttackPotion"},{"floor":0,"key":"SpeedPotion"},{"floor":0,"key":"SpeedPotion"},{"floor":14,"key":"Regen Potion"}],"is_trial":false,"path_per_floor":["M","M","?","M","M","R","$","M","T","?","E","R","M","M","R","B"],"character_chosen":"IRONCLAD","items_purchased":[],"campfire_rested":1,"item_purchase_floors":[],"current_hp_per_floor":[80,80,80,80,77,77,77,72,72,72,42,66,72,71,71,0],"gold":355,"neow_bonus":"THREE_SMALL_POTIONS","is_prod":false,"is_daily":false,"chose_seed":false,"campfire_upgraded":2,"win_rate":0,"timestamp":1549613019,"path_taken":["M","M","?","M","M","R","$","M","T","?","E","R","?","M","R","BOSS"],"build_version":"2019-01-23","purchased_purges":0,"victory":false,"max_hp_per_floor":[80,80,80,80,80,80,80,80,80,80,80,80,80,83,83,83],"card_choices":[{"not_picked":["Clothesline","Clash"],"picked":"Heavy Blade","floor":1},{"not_picked":["Warcry","Feel No Pain"],"picked":"Thunderclap","floor":2},{"not_picked":["Power Through","Whirlwind"],"picked":"Cleave","floor":4},{"not_picked":["Perfected Strike","Headbutt"],"picked":"Shrug It Off","floor":5},{"not_picked":["Anger","Headbutt","Clash"],"picked":"SKIP","floor":8},{"not_picked":["Ghostly Armor","Fire Breathing"],"picked":"Pommel Strike","floor":11},{"not_picked":["Armaments","Perfected Strike"],"picked":"Feed","floor":13},{"not_picked":["Wild Strike","Blood for Blood","Second Wind"],"picked":"SKIP","floor":14}],"player_experience":6703,"relics_obtained":[{"floor":9,"key":"Bottled Flame"},{"floor":11,"key":"Calipers"}],"event_choices":[{"damage_healed":0,"gold_gain":61,"player_choice":"Gained Gold","damage_taken":0,"max_hp_gain":0,"max_hp_loss":0,"event_name":"Golden Wing","floor":3,"gold_loss":0},{"damage_healed":0,"gold_gain":0,"player_choice":"Forge","damage_taken":0,"max_hp_gain":0,"max_hp_loss":0,"event_name":"Accursed Blacksmith","floor":10,"gold_loss":0,"cards_upgraded":["Thunderclap"]}],"is_beta":false,"boss_relics":[],"items_purged_floors":[],"is_endless":false,"potions_floor_spawned":[1,5,14],"killed_by":"Hexaghost","ascension_level":0}