{"gold_per_floor":[113,26,26,26,26,67,88,111,111,147,167,92,108,132,132,225,225,243,243,259,279,298,298,336,336,411,68,136,175,175,208,208,304,304,327,307,122,146,77,77,112,112,138,151,73,73,92,425,425,425],"floor_reached":51,"playtime":1737,"items_purged":["Strike_G"],"score":1419,"play_id":"7375321b-8411-4258-b327-dc9ac718b0c6","local_time":"20190510022826","is_ascension_mode":true,"campfire_choices":[{"data":"Footwork","floor":15.0,"key":"SMITH"},{"data":"Bouncing Flask","floor":23.0,"key":"SMITH"},{"data":"Burst","floor":25.0,"key":"SMITH"},{"floor":30.0,"key":"REST"},{"floor":32.0,"key":"REST"},{"data":"Noxious Fumes","floor":40.0,"key":"SMITH"},{"floor":42.0,"key":"REST"},{"data":"Well Laid Plans","floor":49,"key":"SMITH"}],"neow_cost":"NONE","seed_source_timestamp":1074610676853961,"circlet_count":0,"master_deck":["AscendersBane","Defend_G","Defend_G","Defend_G","Defend_G","Defend_G","Survivor","Neutralize","Cloak And Dagger","Flying Knee","Footwork+1","Deflect","Poisoned Stab","Adrenaline+1","Backflip","Predator","Dagger Spray","Glass Knife","Blade Dance+1","Bouncing Flask+1","PiercingWail+1","Quick Slash+1","Burst+1","Deadly Poison+1","Blind","Acrobatics","Corpse Explosion","PiercingWail","Well Laid Plans+1","Bouncing Flask+1","Noxious Fumes+1","Accuracy+1","Footwork","Calculated Gamble"],"special_seed":0,"relics":["Ring of the Snake","NeowsBlessing","Mercury Hourglass","Gremlin Horn","Bottled Lightning","Empty Cage","Bag of Preparation","Pantograph","Tiny Chest","Paper Crane","Bronze Scales","Omamori","Sozu","War Paint","Sundial","Strawberry"],"potions_floor_usage":[44],"damage_taken":[{"damage":0.0,"enemies":"Small Slimes","floor":1.0,"turns":1.0},{"damage":0.0,"enemies":"Gremlin Nob","floor":6.0,"turns":1.0},{"damage":0.0,"enemies":"2 Louse","floor":7.0,"turns":1.0},{"damage":7.0,"enemies":"Cultist","floor":8.0,"turns":5.0},{"damage":7.0,"enemies":"Lagavulin","floor":10.0,"turns":9.0},{"damage":0.0,"enemies":"Looter","floor":11.0,"turns":4.0},{"damage":2.0,"enemies":"2 Fungi Beasts","floor":13.0,"turns":3.0},{"damage":0.0,"enemies":"Red Slaver","floor":14.0,"turns":3.0},{"damage":39.0,"enemies":"The Guardian","floor":16.0,"turns":15.0},{"damage":0.0,"enemies":"3 Byrds","floor":18.0,"turns":4.0},{"damage":10.0,"enemies":"Spheric Guardian","floor":20.0,"turns":4.0},{"damage":6.0,"enemies":"Centurion and Healer","floor":21.0,"turns":10.0},{"damage":4.0,"enemies":"Snake Plant","floor":22.0,"turns":4.0},{"damage":0.0,"enemies":"Gremlin Leader","floor":24.0,"turns":7.0},{"damage":30.0,"enemies":"Book of Stabbing","floor":29.0,"turns":6.0},{"damage":3.0,"enemies":"Gremlin Leader","floor":31.0,"turns":6.0},{"damage":62.0,"enemies":"Collector","floor":33.0,"turns":8.0},{"damage":0.0,"enemies":"3 Darklings","floor":35.0,"turns":5.0},{"damage":0.0,"enemies":"Orb Walker","floor":38.0,"turns":3.0},{"damage":29.0,"enemies":"Nemesis","floor":41.0,"turns":7.0},{"damage":0,"enemies":"Jaw Worm Horde","floor":44,"turns":2},{"damage":0,"enemies":"3 Darklings","floor":47,"turns":2},{"damage":64,"enemies":"Donu and Deca","floor":50,"turns":8}],"seed_played":"-1230604651733550420","potions_obtained":[{"floor":8.0,"key":"Swift Potion"},{"floor":11.0,"key":"Regen Potion"},{"floor":18.0,"key":"Energy Potion"},{"floor":29.0,"key":"Strength Potion"}],"is_trial":false,"path_per_floor":["M","$","?","?","?","E","M","M","T","E","M","?","M","M","R","B",null,"M","?","M","M","M","R","E","R","T","$","T","E","R","E","R","B",null,"M","?","$","M","$","R","E","R","T","M","$","?","M","?","R","B",null],"character_chosen":"THE_SILENT","items_purchased":["Flying Knee","Footwork","Deadly Poison","Blind","Tiny Chest","Well Laid Plans","War Paint","Noxious Fumes","Footwork"],"campfire_rested":3,"item_purchase_floors":[2,2,27,27,27,37,37,39,45],"current_hp_per_floor":[59,59,59,64,64,64,64,57,57,50,50,50,48,48,48,9,51,51,51,41,50,46,46,46,46,46,46,46,16,35,32,51,3,50,50,50,50,50,50,50,21,40,47,47,47,47,47,47,47,8],"gold":425,"neow_bonus":"THREE_ENEMY_KILL","is_prod":false,"is_daily":false,"chose_seed":false,"campfire_upgraded":5,"win_rate":0,"timestamp":1557473306,"path_taken":["M","$","?","?","?","E","M","M","T","E","?","?","M","M","R","BOSS","M","?","?","M","?","R","E","R","T","$","?","E","R","E","R","BOSS","M","?","$","?","?","R","E","R","T","M","$","?","M","?","R","BOSS"],"build_version":"2019-01-23","purchased_purges":1,"victory":true,"max_hp_per_floor":[66,66,60,65,65,65,65,65,65,65,65,65,65,65,65,65,65,65,65,65,65,65,65,65,65,65,65,65,65,65,65,65,65,65,65,65,65,65,65,65,65,65,72,72,72,72,72,72,72,72],"card_choices":[{"not_picked":["Flying Knee","Slice"],"picked":"Cloak And Dagger","floor":1.0},{"not_picked":["Dodge and Roll","Endless Agony"],"picked":"Deflect","floor":6.0},{"not_picked":["Slice","Prepared"],"picked":"Poisoned Stab","floor":7.0},{"not_picked":["Endless Agony","Bane","Choke"],"picked":"SKIP","floor":8.0},{"not_picked":["A Thousand Cuts","Distraction"],"picked":"Adrenaline","floor":10.0},{"not_picked":["All Out Attack","Outmaneuver"],"picked":"Backflip","floor":11.0},{"not_picked":["Poisoned Stab","Underhanded Strike"],"picked":"Predator","floor":13.0},{"not_picked":["Backflip","Sucker Punch"],"picked":"Dagger Spray","floor":14.0},{"not_picked":["A Thousand Cuts","Die Die Die"],"picked":"Glass Knife","floor":16.0},{"not_picked":["Slice","Flechettes"],"picked":"Blade Dance+1","floor":18.0},{"not_picked":["Choke","Finisher"],"picked":"Bouncing Flask","floor":20.0},{"not_picked":["Dagger Throw","Sucker Punch"],"picked":"PiercingWail+1","floor":21.0},{"not_picked":["Prepared","Dodge and Roll"],"picked":"Quick Slash+1","floor":22.0},{"not_picked":["Choke+1","Blur+1"],"picked":"Burst","floor":24.0},{"not_picked":["Blade Dance","Reflex","Choke"],"picked":"SKIP","floor":29.0},{"not_picked":["Poisoned Stab+1","Dagger Spray"],"picked":"Acrobatics","floor":31.0},{"not_picked":["Bullet Time","Venomology"],"picked":"Corpse Explosion","floor":33.0},{"not_picked":["Caltrops","Underhanded Strike"],"picked":"PiercingWail","floor":35.0},{"not_picked":["Blur","Outmaneuver"],"picked":"Bouncing Flask+1","floor":38.0},{"not_picked":["Slice","Prepared+1","Masterful Stab"],"picked":"SKIP","floor":41.0},{"not_picked":["Cloak And Dagger","Acrobatics"],"picked":"Accuracy+1","floor":44},{"not_picked":["Infinite Blades","Bane"],"picked":"Calculated Gamble","floor":47}],"player_experience":388068,"relics_obtained":[{"floor":6.0,"key":"Mercury Hourglass"},{"floor":9.0,"key":"Gremlin Horn"},{"floor":10.0,"key":"Bottled Lightning"},{"floor":24.0,"key":"Bag of Preparation"},{"floor":26.0,"key":"Pantograph"},{"floor":28.0,"key":"Paper Crane"},{"floor":29.0,"key":"Bronze Scales"},{"floor":31.0,"key":"Omamori"},{"floor":41.0,"key":"Sundial"},{"floor":43.0,"key":"Strawberry"}],"event_choices":[{"damage_healed":0.0,"max_hp_gain":0.0,"max_hp_loss":6.0,"gold_gain":0.0,"event_name":"Golden Idol","player_choice":"Lose Max HP","floor":3.0,"gold_loss":0.0,"damage_taken":0.0,"relics_obtained":["Golden Idol"]},{"damage_healed":0.0,"max_hp_gain":5.0,"max_hp_loss":0.0,"gold_gain":0.0,"event_name":"Big Fish","player_choice":"Donut","floor":4.0,"gold_loss":0.0,"damage_taken":0.0},{"damage_healed":0.0,"max_hp_gain":0.0,"max_hp_loss":0.0,"gold_gain":0.0,"event_name":"WeMeetAgain","player_choice":"Ignored","floor":5.0,"gold_loss":0.0,"damage_taken":0.0},{"cards_removed":["Strike_G"],"damage_healed":0.0,"max_hp_gain":0.0,"max_hp_loss":0.0,"gold_gain":0.0,"event_name":"The Cleric","player_choice":"Card Removal","floor":12.0,"gold_loss":75.0,"damage_taken":0.0},{"cards_removed":["Strike_G"],"damage_healed":0.0,"max_hp_gain":0.0,"max_hp_loss":0.0,"gold_gain":0.0,"event_name":"Purifier","player_choice":"Purged","floor":19.0,"gold_loss":0.0,"damage_taken":0.0},{"damage_healed":0.0,"max_hp_gain":0.0,"max_hp_loss":0.0,"gold_gain":0.0,"event_name":"The Woman in Blue","player_choice":"Bought 1 Potion","floor":36.0,"gold_loss":0.0,"damage_taken":0.0},{"damage_healed":0,"gold_gain":0,"player_choice":"Memory 1","damage_taken":0,"max_hp_gain":0,"max_hp_loss":0,"event_name":"SensoryStone","floor":46,"gold_loss":0},{"damage_healed":0,"gold_gain":333,"player_choice":"Gave Idol","damage_taken":0,"max_hp_gain":0,"max_hp_loss":0,"event_name":"The Moai Head","floor":48,"relics_lost":["Golden Idol"],"gold_loss":0}],"is_beta":false,"boss_relics":[{"not_picked":["Calling Bell","HoveringKite"],"picked":"Empty Cage"},{"not_picked":["Eternal Feather","Pandora\u0027s Box"],"picked":"Sozu"}],"items_purged_floors":[27],"is_endless":false,"potions_floor_spawned":[8,11,16,18,29,31,35,47],"ascension_level":15}