{"gold_per_floor":[111,186,199,39,54,54,87,87,87,149,149,5,5,25,25,101,101,115,115,30,50,50,50],"floor_reached":23,"playtime":510,"items_purged":["Strike_B"],"score":374,"play_id":"43222242-7c35-4802-869a-cb07f34c58a2","local_time":"20190517005705","is_ascension_mode":true,"campfire_choices":[{"data":"Hyperbeam","floor":6.0,"key":"SMITH"},{"data":"Static Discharge","floor":8.0,"key":"SMITH"},{"floor":13.0,"key":"REST"},{"data":"Hologram","floor":15.0,"key":"SMITH"}],"neow_cost":"NONE","seed_source_timestamp":4747322119974,"circlet_count":0,"master_deck":["AscendersBane","Strike_B+1","Strike_B+1","Strike_B+1","Defend_B+1","Defend_B+1","Defend_B+1","Defend_B+1","Zap","Dualcast","Hyperbeam+1","Ball Lightning","Coolheaded","Static Discharge+1","Steam","Reinforced Body+1","Glacier","Compile Driver","Hologram+1","Buffer","Capacitor","Defragment","Leap+1"],"special_seed":0,"relics":["Cracked Core","Meat on the Bone","Cables","Tiny Chest","Sozu","MutagenicStrength"],"potions_floor_usage":[16,23],"damage_taken":[{"damage":9.0,"enemies":"Small Slimes","floor":1.0,"turns":2.0},{"damage":2.0,"enemies":"Jaw Worm","floor":3.0,"turns":4.0},{"damage":0.0,"enemies":"Cultist","floor":5.0,"turns":4.0},{"damage":10.0,"enemies":"3 Sentries","floor":7.0,"turns":2.0},{"damage":20.0,"enemies":"Lagavulin","floor":10.0,"turns":6.0},{"damage":7.0,"enemies":"Large Slime","floor":14.0,"turns":3.0},{"damage":8,"enemies":"Slime Boss","floor":16,"turns":6},{"damage":14,"enemies":"3 Byrds","floor":18,"turns":4},{"damage":14,"enemies":"2 Thieves","floor":21,"turns":5},{"damage":38,"enemies":"Slavers","floor":23,"turns":6}],"seed_played":"5091700626347253206","potions_obtained":[{"floor":5.0,"key":"AttackPotion"},{"floor":10.0,"key":"EssenceOfSteel"}],"is_trial":false,"path_per_floor":["M","?","M","$","M","R","E","R","T","E","?","$","R","M","R","B",null,"M","?","$","M","?","E"],"character_chosen":"DEFECT","items_purchased":["Static Discharge","Glacier","Compile Driver","Defragment"],"campfire_rested":1,"item_purchase_floors":[4,12,12,20],"current_hp_per_floor":[55,44,42,42,42,42,32,32,32,24,24,24,45,38,38,42,64,50,50,50,36,36,0],"gold":50,"neow_bonus":"ONE_RANDOM_RARE_CARD","is_prod":false,"is_daily":false,"chose_seed":false,"campfire_upgraded":3,"win_rate":0,"timestamp":1558072625,"path_taken":["M","?","M","$","M","R","E","R","T","E","?","?","R","?","R","BOSS","M","?","$","M","?","E"],"build_version":"2019-01-23","purchased_purges":1,"victory":false,"max_hp_per_floor":[71,71,71,71,71,71,71,71,71,71,71,71,71,71,71,71,71,71,71,71,71,71,71],"card_choices":[{"not_picked":["Gash","Steam"],"picked":"Ball Lightning","floor":1.0},{"not_picked":["Hologram","Barrage"],"picked":"Coolheaded","floor":3.0},{"not_picked":["Streamline","FTL"],"picked":"Steam","floor":5.0},{"not_picked":["Recycle","Turbo"],"picked":"Reinforced Body","floor":7.0},{"not_picked":["Fusion","Go for the Eyes","Ball Lightning"],"picked":"SKIP","floor":10.0},{"not_picked":["Streamline","Steam"],"picked":"Hologram","floor":14.0},{"not_picked":["Fission","Meteor Strike"],"picked":"Buffer","floor":16},{"not_picked":["Barrage","Hologram"],"picked":"Capacitor","floor":18},{"not_picked":["Aggregate","Fusion"],"picked":"Leap+1","floor":21}],"player_experience":425265,"relics_obtained":[{"floor":7.0,"key":"Meat on the Bone"},{"floor":9.0,"key":"Cables"},{"floor":10.0,"key":"Tiny Chest"}],"event_choices":[{"damage_healed":0.0,"max_hp_gain":0.0,"max_hp_loss":0.0,"gold_gain":75.0,"event_name":"World of Goop","player_choice":"Gather Gold","floor":2.0,"gold_loss":0.0,"damage_taken":11.0},{"damage_healed":0.0,"max_hp_gain":0.0,"max_hp_loss":0.0,"gold_gain":0.0,"event_name":"Living Wall","player_choice":"Grow","floor":11.0,"gold_loss":0.0,"damage_taken":0.0,"cards_upgraded":["Reinforced Body"]},{"damage_healed":0,"gold_gain":0,"player_choice":"Inject Mutagens","damage_taken":0,"relics_obtained":["MutagenicStrength"],"max_hp_gain":0,"max_hp_loss":0,"event_name":"Drug Dealer","floor":19,"gold_loss":0},{"damage_healed":0,"gold_gain":0,"player_choice":"Simplicity","damage_taken":0,"max_hp_gain":0,"max_hp_loss":0,"event_name":"Back to Basics","floor":22,"gold_loss":0,"cards_upgraded":["Strike_B","Strike_B","Strike_B","Defend_B","Defend_B","Defend_B","Defend_B"]}],"is_beta":false,"boss_relics":[{"not_picked":["Ectoplasm","Fusion Hammer"],"picked":"Sozu"}],"items_purged_floors":[4],"is_endless":false,"potions_floor_spawned":[5,10,21],"killed_by":"Slavers","ascension_level":18}