{"gold_per_floor":[110,122,137,237,247,247,280,280,329,329],"floor_reached":10,"playtime":573,"items_purged":[],"score":68,"play_id":"92ba4e3b-0cdb-40d0-b45c-8be501adfd1e","local_time":"20190207011132","is_ascension_mode":false,"campfire_choices":[{"data":"Neutralize","floor":6,"key":"SMITH"},{"floor":8,"key":"REST"}],"neow_cost":"NONE","seed_source_timestamp":1810335157838701,"circlet_count":0,"master_deck":["Defend_G","Defend_G","Defend_G","Defend_G","Defend_G","Strike_G","Strike_G","Strike_G","Strike_G","Strike_G","Survivor","Neutralize+1","Backflip","Infinite Blades","Dash","Underhanded Strike","Reflex"],"relics":["Ring of the Snake","NeowsBlessing","Pantograph","Snake Skull"],"potions_floor_usage":[],"damage_taken":[{"damage":0,"enemies":"Cultist","floor":1,"turns":1},{"damage":0,"enemies":"Small Slimes","floor":2,"turns":1},{"damage":0,"enemies":"Jaw Worm","floor":3,"turns":1},{"damage":9,"enemies":"Blue Slaver","floor":5,"turns":5},{"damage":33,"enemies":"Lagavulin","floor":7,"turns":10},{"damage":52,"enemies":"Gremlin Nob","floor":10,"turns":6}],"seed_played":"-5953521521984141143","potions_obtained":[{"floor":5,"key":"AttackPotion"}],"is_trial":false,"path_per_floor":["M","M","M","?","M","R","E","R","T","E"],"character_chosen":"THE_SILENT","items_purchased":[],"campfire_rested":1,"item_purchase_floors":[],"current_hp_per_floor":[70,70,70,70,61,61,28,49,49,0],"gold":329,"neow_bonus":"THREE_ENEMY_KILL","is_prod":false,"is_daily":false,"chose_seed":false,"campfire_upgraded":1,"win_rate":0.0,"timestamp":1549523492,"path_taken":["M","?","M","?","M","R","E","R","T","E"],"build_version":"2019-01-23","purchased_purges":0,"victory":false,"max_hp_per_floor":[70,70,70,70,70,70,70,70,70,70],"card_choices":[{"not_picked":["Flying Knee","PiercingWail"],"picked":"Backflip","floor":1},{"not_picked":["PiercingWail","Heel Hook"],"picked":"Infinite Blades","floor":2},{"not_picked":["Slice","Dagger Throw"],"picked":"Dash","floor":3},{"not_picked":["Reflex","Dagger Spray"],"picked":"Underhanded Strike","floor":5},{"not_picked":["Deadly Poison","Quick Slash"],"picked":"Reflex","floor":7}],"player_experience":1591,"relics_obtained":[{"floor":7,"key":"Pantograph"},{"floor":9,"key":"Snake Skull"}],"event_choices":[{"damage_healed":0,"gold_gain":100,"player_choice":"Pray","damage_taken":0,"max_hp_gain":0,"max_hp_loss":0,"event_name":"Golden Shrine","floor":4,"gold_loss":0}],"is_beta":false,"boss_relics":[],"items_purged_floors":[],"is_endless":false,"potions_floor_spawned":[5],"killed_by":"Gremlin Nob","ascension_level":0}