{"gold_per_floor":[115,115,125,180,192,219,219,219,219,247,147,147,163,181,181,181],"floor_reached":16,"playtime":560,"items_purged":["Strike_G"],"score":198,"play_id":"fbbf1071-a482-48c7-8d74-257b7915c88a","local_time":"20190512013132","is_ascension_mode":true,"campfire_choices":[{"data":"Dash","floor":8,"key":"SMITH"},{"floor":15,"key":"REST"}],"neow_cost":"NONE","seed_source_timestamp":1245231156242666,"circlet_count":0,"master_deck":["AscendersBane","Defend_G","Defend_G","Defend_G","Defend_G","Defend_G","Strike_G","Strike_G+1","Survivor","Neutralize+1","Dash+1","Finisher","Poisoned Stab","Deadly Poison","Catalyst","Backflip","Backflip"],"relics":["Ring of the Snake","NeowsBlessing","Snake Skull","Whetstone","Darkstone Periapt","Matryoshka"],"potions_floor_usage":[16],"damage_taken":[{"damage":0,"enemies":"Cultist","floor":1,"turns":1},{"damage":0,"enemies":"Jaw Worm","floor":3,"turns":1},{"damage":0,"enemies":"Small Slimes","floor":5,"turns":1},{"damage":42,"enemies":"3 Sentries","floor":6,"turns":16},{"damage":18,"enemies":"Gremlin Nob","floor":10,"turns":4},{"damage":0,"enemies":"Gremlin Gang","floor":13,"turns":7},{"damage":9,"enemies":"Large Slime","floor":14,"turns":7},{"damage":31,"enemies":"Slime Boss","floor":16,"turns":7}],"seed_played":"-463045064376307877","potions_obtained":[{"floor":1,"key":"LiquidBronze"},{"floor":6,"key":"Swift Potion"}],"is_trial":false,"path_per_floor":["M","?","M","T","M","E","?","R","T","E","$","?","M","M","R","B"],"character_chosen":"THE_SILENT","items_purchased":["Backflip"],"campfire_rested":1,"item_purchase_floors":[11],"current_hp_per_floor":[59,52,52,52,52,10,32,32,32,14,14,14,14,5,24,0],"gold":181,"neow_bonus":"THREE_ENEMY_KILL","is_prod":false,"is_daily":false,"chose_seed":false,"campfire_upgraded":1,"win_rate":0,"timestamp":1557642692,"path_taken":["M","?","M","?","?","E","?","R","T","E","$","?","M","M","R","BOSS"],"build_version":"2019-01-23","purchased_purges":1,"victory":false,"max_hp_per_floor":[66,66,66,66,66,66,66,66,66,66,66,66,66,66,66,66],"card_choices":[{"not_picked":["Flying Knee","Escape Plan"],"picked":"Dash","floor":1},{"not_picked":["Accuracy","Eviscerate"],"picked":"Finisher","floor":3},{"not_picked":["Catalyst","PiercingWail"],"picked":"Poisoned Stab","floor":5},{"not_picked":["Infinite Blades","Leg Sweep"],"picked":"Deadly Poison","floor":6},{"not_picked":["Dodge and Roll","Calculated Gamble"],"picked":"Catalyst","floor":10},{"not_picked":["Deadly Poison","Blade Dance","Infinite Blades"],"picked":"SKIP","floor":13},{"not_picked":["Poisoned Stab","Masterful Stab"],"picked":"Backflip","floor":14}],"player_experience":401778,"relics_obtained":[{"floor":4,"key":"Snake Skull"},{"floor":6,"key":"Whetstone"},{"floor":9,"key":"Darkstone Periapt"},{"floor":10,"key":"Matryoshka"}],"event_choices":[{"cards_removed":["Strike_G"],"damage_healed":0,"gold_gain":0,"player_choice":"Card Removal","damage_taken":7,"max_hp_gain":0,"max_hp_loss":0,"event_name":"Golden Wing","floor":2,"gold_loss":0},{"damage_healed":22,"gold_gain":0,"player_choice":"Banana","damage_taken":0,"max_hp_gain":0,"max_hp_loss":0,"event_name":"Big Fish","floor":7,"gold_loss":0},{"cards_removed":["Strike_G"],"damage_healed":0,"gold_gain":0,"player_choice":"Purged","damage_taken":0,"max_hp_gain":0,"max_hp_loss":0,"event_name":"Purifier","floor":12,"gold_loss":0}],"is_beta":false,"boss_relics":[],"items_purged_floors":[11],"is_endless":false,"potions_floor_spawned":[1,6,10],"killed_by":"Slime Boss","ascension_level":16}