{"gold_per_floor":[115,115,215,233,258,298,298,322,394,394,412,436,436,457,457,583,583,604,620,620,510,531,531,569,569,640,656,656,556,556,556,556,676,676,700,713,713,713,728,728],"floor_reached":40,"playtime":5267,"items_purged":["Defend_G","Strike_G"],"score":408,"play_id":"711ad0f7-f0e5-47e9-aa7f-a09b6639e0e4","local_time":"20190514224415","is_ascension_mode":false,"campfire_choices":[{"floor":7,"key":"REST"},{"data":"Well Laid Plans","floor":10,"key":"SMITH"},{"floor":15,"key":"REST"},{"floor":23,"key":"REST"},{"floor":25,"key":"REST"},{"data":"After Image","floor":28,"key":"SMITH"},{"floor":30,"key":"REST"},{"data":"Bouncing Flask","floor":32,"key":"SMITH"}],"neow_cost":"NONE","seed_source_timestamp":22070763325668,"circlet_count":0,"master_deck":["Defend_G","Defend_G","Defend_G","Defend_G","Strike_G","Strike_G","Strike_G","Survivor","Neutralize","Deadly Poison","Well Laid Plans+1","Crippling Poison","Die Die Die","Escape Plan","Bouncing Flask+1","Deadly Poison","Backflip","After Image+1","Well Laid Plans","Noxious Fumes","Deadly Poison","Poisoned Stab","Adrenaline","Blade Dance+1","Bouncing Flask","PiercingWail+1"],"relics":["Ring of the Snake","NeowsBlessing","Golden Idol","Calipers","Darkstone Periapt","Sozu","Happy Flower","Bottled Flame","WristBlade"],"potions_floor_usage":[],"damage_taken":[{"damage":0,"enemies":"Small Slimes","floor":1,"turns":1},{"damage":0,"enemies":"2 Louse","floor":4,"turns":1},{"damage":0,"enemies":"Cultist","floor":5,"turns":1},{"damage":28,"enemies":"3 Sentries","floor":6,"turns":15},{"damage":0,"enemies":"Blue Slaver","floor":8,"turns":4},{"damage":12,"enemies":"Exordium Thugs","floor":11,"turns":4},{"damage":0,"enemies":"2 Fungi Beasts","floor":12,"turns":2},{"damage":0,"enemies":"Exordium Wildlife","floor":14,"turns":2},{"damage":22,"enemies":"The Guardian","floor":16,"turns":9},{"damage":13,"enemies":"3 Byrds","floor":18,"turns":5},{"damage":8,"enemies":"Chosen","floor":19,"turns":5},{"damage":13,"enemies":"Snake Plant","floor":22,"turns":4},{"damage":40,"enemies":"Gremlin Leader","floor":24,"turns":7},{"damage":12,"enemies":"Shelled Parasite and Fungi","floor":27,"turns":4},{"damage":46,"enemies":"Champ","floor":33,"turns":11},{"damage":16,"enemies":"3 Shapes","floor":35,"turns":5},{"damage":0,"enemies":"Orb Walker","floor":36,"turns":3},{"damage":15,"enemies":"4 Shapes","floor":39,"turns":5},{"damage":74,"enemies":"Giant Head","floor":40,"turns":8}],"seed_played":"8226577474404612492","potions_obtained":[{"floor":4,"key":"Block Potion"},{"floor":8,"key":"Explosive Potion"},{"floor":11,"key":"Regen Potion"},{"floor":13,"key":"Dexterity Potion"}],"is_trial":false,"path_per_floor":["M","?","?","M","M","E","R","M","T","R","M","M","?","M","R","B",null,"M","M","?","$","M","R","E","R","T","M","R","$","R","?","R","B",null,"M","M","?","?","M","E"],"character_chosen":"THE_SILENT","items_purchased":["Noxious Fumes"],"campfire_rested":5,"item_purchase_floors":[21],"current_hp_per_floor":[70,53,53,53,53,25,46,46,46,46,34,34,34,34,55,33,70,57,49,49,49,36,57,17,38,38,26,26,26,47,70,70,24,70,54,54,76,76,61,0],"gold":728,"neow_bonus":"THREE_ENEMY_KILL","is_prod":false,"is_daily":false,"chose_seed":false,"campfire_upgraded":3,"win_rate":0.0,"timestamp":1557899055,"path_taken":["M","?","?","M","?","E","R","M","T","R","M","M","?","M","R","BOSS","M","M","?","$","M","R","E","R","T","M","R","$","R","?","R","BOSS","M","M","?","?","M","E"],"build_version":"2019-01-23","purchased_purges":2,"victory":false,"max_hp_per_floor":[70,70,70,70,70,70,70,70,70,70,70,70,70,70,70,70,70,70,70,70,70,70,70,70,70,70,70,70,70,70,70,70,70,70,70,70,76,76,76,76],"card_choices":[{"not_picked":["Flying Knee","Outmaneuver"],"picked":"Deadly Poison","floor":1},{"not_picked":["Reflex","Dagger Spray"],"picked":"Well Laid Plans","floor":4},{"not_picked":["Prepared","Caltrops"],"picked":"Crippling Poison","floor":5},{"not_picked":["Quick Slash","Deflect"],"picked":"Die Die Die","floor":6},{"not_picked":["Sucker Punch","Slice"],"picked":"Escape Plan","floor":8},{"not_picked":["Acrobatics","Quick Slash"],"picked":"Bouncing Flask","floor":11},{"not_picked":["Outmaneuver","Skewer"],"picked":"Deadly Poison","floor":12},{"not_picked":["PiercingWail","Unload"],"picked":"Backflip","floor":14},{"not_picked":["Unload","Adrenaline"],"picked":"After Image","floor":16},{"not_picked":["Blade Dance","Backflip"],"picked":"Well Laid Plans","floor":18},{"not_picked":["Outmaneuver","Finisher","PiercingWail+1"],"picked":"SKIP","floor":19},{"not_picked":["Expertise","Escape Plan"],"picked":"Deadly Poison","floor":22},{"not_picked":["Distraction+1","Sucker Punch"],"picked":"Poisoned Stab","floor":24},{"not_picked":["Endless Agony","Masterful Stab","Prepared"],"picked":"SKIP","floor":27},{"not_picked":["Doppelganger","Wraith Form v2"],"picked":"Adrenaline","floor":33},{"not_picked":["Sucker Punch+1","Dagger Throw"],"picked":"Blade Dance+1","floor":35},{"not_picked":["Dagger Spray","Flying Knee"],"picked":"Bouncing Flask","floor":36},{"not_picked":["Expertise+1","Prepared"],"picked":"PiercingWail+1","floor":39}],"player_experience":13435,"relics_obtained":[{"floor":6,"key":"Calipers"},{"floor":9,"key":"Darkstone Periapt"},{"floor":24,"key":"Happy Flower"},{"floor":26,"key":"Bottled Flame"}],"event_choices":[{"damage_healed":0,"gold_gain":0,"player_choice":"Take Damage","damage_taken":17,"relics_obtained":["Golden Idol"],"max_hp_gain":0,"max_hp_loss":0,"event_name":"Golden Idol","floor":2,"gold_loss":0},{"damage_healed":0,"gold_gain":100,"player_choice":"Pray","damage_taken":0,"max_hp_gain":0,"max_hp_loss":0,"event_name":"Golden Shrine","floor":3,"gold_loss":0},{"damage_healed":0,"gold_gain":0,"player_choice":"Got Potions","damage_taken":0,"max_hp_gain":0,"max_hp_loss":0,"event_name":"Lab","floor":13,"gold_loss":0},{"cards_removed":["Strike_G"],"damage_healed":0,"gold_gain":0,"player_choice":"Elegance","damage_taken":0,"max_hp_gain":0,"max_hp_loss":0,"event_name":"Back to Basics","floor":20,"gold_loss":0},{"damage_healed":23,"gold_gain":0,"player_choice":"Heal","damage_taken":0,"max_hp_gain":0,"max_hp_loss":0,"event_name":"The Library","floor":31,"gold_loss":0},{"damage_healed":18,"gold_gain":0,"player_choice":"Writhe","damage_taken":0,"max_hp_gain":0,"max_hp_loss":0,"event_name":"Winding Halls","floor":37,"gold_loss":0,"cards_obtained":["Writhe"]},{"cards_removed":["Writhe"],"damage_healed":0,"gold_gain":0,"player_choice":"Removed Curses","damage_taken":0,"max_hp_gain":0,"max_hp_loss":0,"event_name":"Fountain of Cleansing","floor":38,"gold_loss":0}],"is_beta":false,"boss_relics":[{"not_picked":["Lizard Tail","Runic Dome"],"picked":"Sozu"},{"not_picked":["Black Star","Fusion Hammer"],"picked":"WristBlade"}],"items_purged_floors":[21,29],"is_endless":false,"potions_floor_spawned":[4,8,11,19,27,35,39],"killed_by":"Giant Head","ascension_level":0}