{"gold_per_floor":[115,115,126,139,139,139,139,64,64,81,96,96,96,116,116,217,217,246,258,170,170,45,45,56,66,91,110,110,122,135,50,50,147,197,212,212,224,235,235,235,335,345,394,38,38,51,51,70,70,70],"floor_reached":50,"playtime":2817,"items_purged":["Strike_B","Shame","Decay","Strike_B"],"score":461,"play_id":"ff6a62d8-098a-454d-a1cc-bcc2767908cc","local_time":"20190525004024","is_ascension_mode":false,"campfire_choices":[{"floor":6,"key":"REST"},{"floor":12,"key":"REST"},{"data":"Zap","floor":15,"key":"SMITH"},{"data":"Redo","floor":23,"key":"SMITH"},{"floor":28,"key":"REST"},{"floor":32,"key":"REST"},{"data":"Hologram","floor":40,"key":"SMITH"},{"floor":45,"key":"REST"},{"floor":47,"key":"REST"},{"floor":49,"key":"REST"}],"neow_cost":"NONE","seed_source_timestamp":391742935223200,"circlet_count":0,"master_deck":["Strike_B+1","Defend_B","Defend_B+1","Defend_B","Defend_B","Zap+1","Dualcast","Conserve Battery+1","Leap","Ball Lightning","Conserve Battery","Ball Lightning","Rip and Tear","Steam","Redo+1","Electrodynamics","Go for the Eyes+1","Auto Shields","Iron Wave","Ball Lightning+1","Beam Cell+1","Sunder","Capacitor+1","Rainbow","White Noise+1","Tempest","Chill+1","Hologram+1","Sunder+1","Compile Driver","Thunder Strike","Thunder Strike","Reprogram","Cold Snap","Cold Snap+1","Chaos+1","Streamline+1","Barrage","Turbo","Redo","Hello World+1","Hologram+1","Capacitor+1","Skim","Steam Power+1","Barrage+1","Turbo+1","BootSequence","Beam Cell+1"],"relics":["Cracked Core","Dream Catcher","Juzu Bracelet","Meat on the Bone","Calling Bell","MawBank","Frozen Egg 2","Prayer Wheel","Regal Pillow","Omamori","Orichalcum","Tiny House","Bird Faced Urn","Bronze Scales","Strange Spoon"],"potions_floor_usage":[34,41,50,50],"damage_taken":[{"damage":10,"enemies":"Small Slimes","floor":1,"turns":3},{"damage":5,"enemies":"Jaw Worm","floor":3,"turns":5},{"damage":1,"enemies":"2 Louse","floor":4,"turns":3},{"damage":2,"enemies":"Exordium Wildlife","floor":10,"turns":3},{"damage":5,"enemies":"Exordium Thugs","floor":11,"turns":5},{"damage":1,"enemies":"Looter","floor":14,"turns":3},{"damage":6,"enemies":"Slime Boss","floor":16,"turns":8},{"damage":5,"enemies":"Chosen","floor":18,"turns":4},{"damage":13,"enemies":"2 Thieves","floor":24,"turns":3},{"damage":5,"enemies":"Chosen and Byrds","floor":25,"turns":4},{"damage":29,"enemies":"Shelled Parasite and Fungi","floor":27,"turns":6},{"damage":22,"enemies":"Snake Plant","floor":29,"turns":4},{"damage":30,"enemies":"Sentry and Sphere","floor":30,"turns":6},{"damage":17,"enemies":"Collector","floor":33,"turns":8},{"damage":0,"enemies":"3 Shapes","floor":35,"turns":3},{"damage":17,"enemies":"3 Darklings","floor":37,"turns":5},{"damage":11,"enemies":"Writhing Mass","floor":38,"turns":8},{"damage":15,"enemies":"Mind Bloom Boss Battle","floor":41,"turns":7},{"damage":38,"enemies":"Jaw Worm Horde","floor":42,"turns":6},{"damage":34,"enemies":"3 Darklings","floor":46,"turns":5},{"damage":31,"enemies":"4 Shapes","floor":48,"turns":5},{"damage":95,"enemies":"Time Eater","floor":50,"turns":9}],"seed_played":"-7199623062546779906","potions_obtained":[{"floor":10,"key":"Swift Potion"},{"floor":11,"key":"Ancient Potion"},{"floor":25,"key":"AttackPotion"},{"floor":29,"key":"Fire Potion"},{"floor":33,"key":"Explosive Potion"},{"floor":34,"key":"Fruit Juice"},{"floor":35,"key":"Explosive Potion"},{"floor":38,"key":"FocusPotion"},{"floor":48,"key":"Explosive Potion"}],"is_trial":false,"path_per_floor":["M","?","M","M","?","R","?","$","T","M","M","R","?","M","R","B",null,"M","?","$","T","$","R","M","M","T","M","R","M","M","?","R","B",null,"M","?","M","M","?","R","?","M","T","$","R","M","R","M","R","B"],"character_chosen":"DEFECT","items_purchased":["Strange Spoon"],"campfire_rested":7,"item_purchase_floors":[44],"current_hp_per_floor":[65,58,53,52,37,59,52,52,52,50,45,67,67,66,66,60,75,70,70,70,70,70,70,57,52,52,35,72,50,32,32,69,52,85,85,85,68,57,57,57,54,32,32,32,72,44,84,56,85,0],"gold":70,"neow_bonus":"RANDOM_COMMON_RELIC","is_prod":false,"is_daily":false,"chose_seed":false,"campfire_upgraded":3,"win_rate":0.0,"timestamp":1558759224,"path_taken":["M","?","M","M","?","R","?","$","T","M","M","R","?","M","R","BOSS","M","?","$","?","$","R","M","M","T","M","R","M","M","?","R","BOSS","M","?","M","M","?","R","?","M","T","$","R","M","R","M","R","BOSS"],"build_version":"2019-01-23","purchased_purges":4,"victory":false,"max_hp_per_floor":[75,75,75,75,75,75,75,75,75,75,75,75,75,75,75,75,75,75,75,75,75,75,75,75,75,75,75,75,75,75,75,75,75,85,85,85,85,85,85,85,85,85,85,85,85,85,85,85,85,85],"card_choices":[{"not_picked":["Sweeping Beam","Leap"],"picked":"Conserve Battery","floor":1},{"not_picked":["Lockon","Rebound"],"picked":"Leap","floor":3},{"not_picked":["Conserve Battery","Compile Driver"],"picked":"Ball Lightning","floor":4},{"not_picked":["Hologram","Recycle"],"picked":"Conserve Battery","floor":6},{"not_picked":["Streamline","Rebound"],"picked":"Ball Lightning","floor":10},{"not_picked":["Force Field","Gash"],"picked":"Rip and Tear","floor":11},{"not_picked":["Compile Driver","Reprogram"],"picked":"Steam","floor":12},{"not_picked":["Aggregate","Hologram"],"picked":"Redo","floor":14},{"not_picked":["Meteor Strike","Amplify"],"picked":"Electrodynamics","floor":16},{"not_picked":["Heatsinks+1","Compile Driver"],"picked":"Go for the Eyes+1","floor":18},{"not_picked":["Stack+1","Consume"],"picked":"Auto Shields","floor":18},{"not_picked":["Blizzard","Compile Driver"],"picked":"Ball Lightning+1","floor":24},{"not_picked":["Self Repair+1","Gash"],"picked":"Beam Cell+1","floor":24},{"not_picked":["Gash","Force Field"],"picked":"Sunder","floor":25},{"not_picked":["Ball Lightning+1","Storm+1"],"picked":"Capacitor+1","floor":25},{"not_picked":["Static Discharge+1","Rebound"],"picked":"Rainbow","floor":27},{"not_picked":["Cold Snap","Melter"],"picked":"White Noise+1","floor":27},{"not_picked":["Compile Driver","Streamline"],"picked":"Tempest","floor":28},{"not_picked":["Rebound","Skim+1"],"picked":"Chill+1","floor":29},{"not_picked":["Redo","Undo"],"picked":"Hologram","floor":29},{"not_picked":["Force Field","Lockon"],"picked":"Sunder+1","floor":30},{"not_picked":["Beam Cell","Sunder"],"picked":"Compile Driver","floor":30},{"not_picked":["Hello World+1","Consume"],"picked":"Thunder Strike","floor":32},{"not_picked":["Reboot","Meteor Strike"],"picked":"Thunder Strike","floor":33},{"not_picked":["Ball Lightning","Auto Shields"],"picked":"Reprogram","floor":34},{"not_picked":["Gash","Recycle+1"],"picked":"Cold Snap","floor":35},{"not_picked":["Hologram","Rebound"],"picked":"Cold Snap+1","floor":35},{"not_picked":["Reinforced Body","Genetic Algorithm"],"picked":"Chaos+1","floor":37},{"not_picked":["Undo","Gash+1"],"picked":"Streamline+1","floor":37},{"not_picked":["Rip and Tear","Fission"],"picked":"Barrage","floor":38},{"not_picked":["Undo+1","Gash+1"],"picked":"Turbo","floor":38},{"not_picked":["Sunder+1","Rebound+1"],"picked":"Redo","floor":41},{"not_picked":["Steam","Sweeping Beam"],"picked":"Hello World+1","floor":42},{"not_picked":["Beam Cell+1","Loop+1"],"picked":"Hologram+1","floor":42},{"not_picked":["Genetic Algorithm","Skim+1"],"picked":"Capacitor+1","floor":45},{"not_picked":["Rip and Tear+1","Compile Driver+1"],"picked":"Skim","floor":46},{"not_picked":["Beam Cell","Sunder"],"picked":"Steam Power+1","floor":46},{"not_picked":["Compile Driver+1","Aggregate+1"],"picked":"Barrage+1","floor":47},{"not_picked":["Multi-Cast","Consume+1"],"picked":"Turbo+1","floor":48},{"not_picked":["Hello World+1","Compile Driver"],"picked":"BootSequence","floor":48},{"not_picked":["Conserve Battery","Ball Lightning"],"picked":"Beam Cell+1","floor":49}],"player_experience":31811,"relics_obtained":[{"floor":9,"key":"Meat on the Bone"},{"floor":17,"key":"MawBank"},{"floor":17,"key":"Frozen Egg 2"},{"floor":17,"key":"Prayer Wheel"},{"floor":21,"key":"Regal Pillow"},{"floor":26,"key":"Omamori"},{"floor":41,"key":"Bird Faced Urn"},{"floor":43,"key":"Bronze Scales"}],"event_choices":[{"damage_healed":0,"gold_gain":0,"player_choice":"Success","damage_taken":7,"relics_obtained":["Juzu Bracelet"],"max_hp_gain":0,"max_hp_loss":0,"event_name":"Scrap Ooze","floor":2,"gold_loss":0},{"damage_healed":0,"gold_gain":0,"player_choice":"Entered Light","damage_taken":15,"max_hp_gain":0,"max_hp_loss":0,"event_name":"Shining Light","floor":5,"gold_loss":0,"cards_upgraded":["Strike_B","Conserve Battery"]},{"cards_removed":["Strike_B"],"damage_healed":0,"gold_gain":0,"player_choice":"Card Removal","damage_taken":7,"max_hp_gain":0,"max_hp_loss":0,"event_name":"Golden Wing","floor":7,"gold_loss":0},{"damage_healed":0,"gold_gain":0,"player_choice":"Ignored","damage_taken":0,"max_hp_gain":0,"max_hp_loss":0,"event_name":"Liars Game","floor":13,"gold_loss":0},{"cards_removed":["Shame"],"damage_healed":0,"gold_gain":0,"player_choice":"Took Card","damage_taken":0,"max_hp_gain":0,"max_hp_loss":0,"event_name":"NoteForYourself","floor":19,"gold_loss":0,"cards_obtained":["Iron Wave"]},{"damage_healed":0,"gold_gain":0,"player_choice":"Obtained Relic","damage_taken":0,"relics_obtained":["Orichalcum"],"max_hp_gain":0,"max_hp_loss":0,"event_name":"Addict","floor":31,"gold_loss":85},{"damage_healed":0,"gold_gain":0,"player_choice":"Bought 0 Potions","damage_taken":0,"max_hp_gain":0,"max_hp_loss":0,"event_name":"The Woman in Blue","floor":36,"gold_loss":0},{"damage_healed":0,"gold_gain":0,"player_choice":"Ignored","damage_taken":0,"max_hp_gain":0,"max_hp_loss":0,"event_name":"Tomb of Lord Red Mask","floor":39,"gold_loss":0},{"damage_healed":0,"gold_gain":0,"player_choice":"Fight","damage_taken":0,"max_hp_gain":0,"max_hp_loss":0,"event_name":"MindBloom","floor":41,"gold_loss":0}],"is_beta":false,"boss_relics":[{"not_picked":["Fusion Hammer","Coffee Dripper"],"picked":"Calling Bell"},{"not_picked":["Snecko Eye","Busted Crown"],"picked":"Tiny House"}],"items_purged_floors":[8,20,22,44],"is_endless":false,"potions_floor_spawned":[10,11,25,29,33,35,37,38,48],"killed_by":"Time Eater","ascension_level":0}