{"gold_per_floor":[112,132,150,150,150,150,225,258],"floor_reached":8,"playtime":215,"items_purged":[],"score":78,"play_id":"74d2022f-2043-48fc-aec2-ff7586c9722e","local_time":"20190323013434","is_ascension_mode":true,"campfire_choices":[{"data":"Blade Dance","floor":6,"key":"SMITH"}],"neow_cost":"NONE","seed_source_timestamp":523327921584182,"circlet_count":0,"master_deck":["Defend_G","Defend_G","Defend_G","Defend_G","Defend_G","Strike_G","Strike_G","Strike_G","Strike_G","Strike_G","Survivor","Neutralize","Slice","PiercingWail","Blade Dance+1","Caltrops"],"relics":["Ring of the Snake","Omamori","Vajra","Lantern","Darkstone Periapt"],"potions_floor_usage":[8],"damage_taken":[{"damage":0,"enemies":"Small Slimes","floor":1,"turns":5},{"damage":3,"enemies":"Jaw Worm","floor":2,"turns":6},{"damage":1,"enemies":"Cultist","floor":3,"turns":5},{"damage":31,"enemies":"Lagavulin","floor":8,"turns":10}],"seed_played":"4599103434610542652","potions_obtained":[{"floor":1,"key":"LiquidBronze"},{"floor":3,"key":"Fire Potion"}],"is_trial":false,"path_per_floor":["M","M","M","?","?","R","?","E"],"character_chosen":"THE_SILENT","items_purchased":[],"campfire_rested":0,"item_purchase_floors":[],"current_hp_per_floor":[63,60,59,47,47,47,36,5],"gold":258,"neow_bonus":"RANDOM_COMMON_RELIC","is_prod":false,"is_daily":false,"chose_seed":false,"campfire_upgraded":1,"win_rate":0,"timestamp":1553322874,"path_taken":["M","M","M","?","?","R","?","E"],"build_version":"2019-01-23","purchased_purges":0,"victory":false,"max_hp_per_floor":[70,70,70,70,70,70,70,70],"card_choices":[{"not_picked":["Eviscerate","Bane"],"picked":"Slice","floor":1},{"not_picked":["Acrobatics","Dagger Throw"],"picked":"PiercingWail","floor":2},{"not_picked":["Acrobatics","Terror"],"picked":"Blade Dance","floor":3},{"not_picked":["Reflex","Underhanded Strike"],"picked":"Caltrops","floor":8}],"player_experience":260828,"relics_obtained":[{"floor":8,"key":"Darkstone Periapt"}],"event_choices":[{"damage_healed":0,"gold_gain":0,"player_choice":"Success","damage_taken":12,"relics_obtained":["Vajra"],"max_hp_gain":0,"max_hp_loss":0,"event_name":"Scrap Ooze","floor":4,"gold_loss":0},{"damage_healed":0,"gold_gain":0,"player_choice":"Box","damage_taken":0,"relics_obtained":["Lantern"],"max_hp_gain":0,"max_hp_loss":0,"event_name":"Big Fish","floor":5,"gold_loss":0,"cards_obtained":["Regret"]},{"damage_healed":0,"gold_gain":75,"player_choice":"Gather Gold","damage_taken":11,"max_hp_gain":0,"max_hp_loss":0,"event_name":"World of Goop","floor":7,"gold_loss":0}],"is_beta":false,"boss_relics":[],"items_purged_floors":[],"is_endless":false,"potions_floor_spawned":[1,3],"killed_by":"Lagavulin","ascension_level":8}