{"gold_per_floor":[111,128,128,128,128,128,146,158,158,191,204,204],"floor_reached":12,"playtime":275,"items_purged":[],"score":140,"play_id":"102dd1e0-3ba8-42fb-8086-837372010e32","local_time":"20190430145830","is_ascension_mode":true,"campfire_choices":[{"floor":6,"key":"REST"}],"neow_cost":"TEN_PERCENT_HP_LOSS","seed_source_timestamp":257114244202660,"circlet_count":0,"master_deck":["AscendersBane","Strike_B","Strike_B","Strike_B+1","Strike_B","Defend_B+1","Defend_B","Defend_B","Defend_B","Zap","Dualcast","Compile Driver","Ball Lightning","Cold Snap","Go for the Eyes","Gash+1","Glacier"],"relics":["Cracked Core","Peace Pipe","Molten Egg 2","Mercury Hourglass"],"potions_floor_usage":[],"damage_taken":[{"damage":8,"enemies":"Jaw Worm","floor":1,"turns":4},{"damage":9,"enemies":"2 Louse","floor":2,"turns":3},{"damage":0,"enemies":"Cultist","floor":7,"turns":3},{"damage":4,"enemies":"Blue Slaver","floor":8,"turns":4},{"damage":18,"enemies":"Lagavulin","floor":10,"turns":7},{"damage":2,"enemies":"Red Slaver","floor":11,"turns":2},{"damage":8,"enemies":"Exordium Wildlife","floor":12,"turns":2}],"seed_played":"6918785037942876677","potions_obtained":[{"floor":1,"key":"SpeedPotion"},{"floor":8,"key":"LiquidBronze"},{"floor":10,"key":"PowerPotion"}],"is_trial":false,"path_per_floor":["M","M","?","?","?","R","M","M","T","E","M","M"],"character_chosen":"DEFECT","items_purchased":[],"campfire_rested":1,"item_purchase_floors":[],"current_hp_per_floor":[56,47,29,10,6,25,25,21,21,3,1,0],"gold":204,"neow_bonus":"ONE_RARE_RELIC","is_prod":false,"is_daily":false,"chose_seed":false,"campfire_upgraded":0,"win_rate":0,"timestamp":1556654310,"path_taken":["M","M","?","?","?","R","M","M","T","E","M","?"],"build_version":"2019-01-23","purchased_purges":0,"victory":false,"max_hp_per_floor":[64,64,64,64,64,64,64,64,64,64,64,64],"card_choices":[{"not_picked":["BootSequence","Fusion"],"picked":"Compile Driver","floor":1},{"not_picked":["Static Discharge","White Noise"],"picked":"Ball Lightning","floor":2},{"not_picked":["Undo","Scrape"],"picked":"Cold Snap","floor":7},{"not_picked":["Gash","Force Field"],"picked":"Go for the Eyes","floor":8},{"not_picked":["Compile Driver+1","Redo"],"picked":"Gash+1","floor":10},{"not_picked":["Loop","Force Field"],"picked":"Glacier","floor":11}],"player_experience":348462,"relics_obtained":[{"floor":9,"key":"Molten Egg 2"},{"floor":10,"key":"Mercury Hourglass"}],"event_choices":[{"damage_healed":0,"gold_gain":0,"player_choice":"Fled","damage_taken":18,"max_hp_gain":0,"max_hp_loss":0,"event_name":"Scrap Ooze","floor":3,"gold_loss":0},{"damage_healed":0,"gold_gain":0,"player_choice":"Entered Light","damage_taken":19,"max_hp_gain":0,"max_hp_loss":0,"event_name":"Shining Light","floor":4,"gold_loss":0,"cards_upgraded":["Strike_B","Defend_B"]},{"damage_healed":0,"gold_gain":0,"player_choice":"Bought 0 Potions","damage_taken":0,"max_hp_gain":0,"max_hp_loss":0,"event_name":"The Woman in Blue","floor":5,"gold_loss":0}],"is_beta":false,"boss_relics":[],"items_purged_floors":[],"is_endless":false,"potions_floor_spawned":[1,8,10,11],"killed_by":"Exordium Wildlife","ascension_level":15}