{"gold_per_floor":[109,109,129,129,50,50,66,66,144,144,144,170,187,187,187,263,263,277,202,222,222,234,260,260,260,312,312,312,345,357,357,357,433,433,443,5,5,105,121,154,171,171],"floor_reached":42,"playtime":1644,"items_purged":["Strike_B"],"score":857,"play_id":"78f21084-6d7b-43cb-905b-294abcbe0812","local_time":"20190512193906","is_ascension_mode":true,"campfire_choices":[{"data":"Static Discharge","floor":8.0,"key":"SMITH"},{"data":"Darkness","floor":10.0,"key":"SMITH"},{"data":"Zap","floor":15.0,"key":"SMITH"},{"floor":24.0,"key":"REST"},{"floor":28.0,"key":"REST"},{"data":"Biased Cognition","floor":32.0,"key":"SMITH"}],"neow_cost":"NONE","seed_source_timestamp":1309303389072656,"circlet_count":0,"master_deck":["AscendersBane","Defend_B","Defend_B","Defend_B","Defend_B","Zap+1","Dualcast","Coolheaded","Streamline+1","Self Repair","Darkness+1","Heatsinks+1","Static Discharge+1","Leap","Go for the Eyes","Stack","Parasite","Core Surge","Turbo+1","Hologram","All For One","Doom and Gloom","Biased Cognition+1","Glacier","Creative AI","Loop","Capacitor","Hologram","Parasite"],"special_seed":0,"relics":["Cracked Core","Prayer Wheel","Bottled Flame","Mango","Snecko Eye","Happy Flower","MutagenicStrength","Orichalcum","Boot","Meat on the Bone","Empty Cage","Bottled Tornado","Nunchaku","Smiling Mask"],"potions_floor_usage":[],"damage_taken":[{"damage":2.0,"enemies":"Jaw Worm","floor":1.0,"turns":3.0},{"damage":6.0,"enemies":"Small Slimes","floor":3.0,"turns":2.0},{"damage":7.0,"enemies":"2 Louse","floor":7.0,"turns":3.0},{"damage":30.0,"enemies":"Lagavulin","floor":12.0,"turns":5.0},{"damage":9.0,"enemies":"Red Slaver","floor":13.0,"turns":4.0},{"damage":21.0,"enemies":"Hexaghost","floor":16.0,"turns":10.0},{"damage":21.0,"enemies":"Shell Parasite","floor":18.0,"turns":6.0},{"damage":11.0,"enemies":"Spheric Guardian","floor":20.0,"turns":3.0},{"damage":31.0,"enemies":"Chosen and Byrds","floor":22.0,"turns":5.0},{"damage":21.0,"enemies":"Book of Stabbing","floor":23.0,"turns":3.0},{"damage":5.0,"enemies":"Gremlin Leader","floor":29.0,"turns":7.0},{"damage":0.0,"enemies":"Snake Plant","floor":30.0,"turns":2.0},{"damage":12.0,"enemies":"Collector","floor":33.0,"turns":8.0},{"damage":0.0,"enemies":"3 Shapes","floor":35.0,"turns":5.0},{"damage":3.0,"enemies":"Mind Bloom Boss Battle","floor":38.0,"turns":10.0},{"damage":0.0,"enemies":"Orb Walker","floor":39.0,"turns":2.0},{"damage":14.0,"enemies":"Reptomancer","floor":40.0,"turns":6.0},{"damage":45.0,"enemies":"Writhing Mass","floor":41.0,"turns":7.0},{"damage":59,"enemies":"Giant Head","floor":42,"turns":11}],"seed_played":"7562764562734536103","potions_obtained":[{"floor":7.0,"key":"FearPotion"},{"floor":16.0,"key":"Swift Potion"},{"floor":29.0,"key":"AttackPotion"},{"floor":38.0,"key":"Energy Potion"},{"floor":39.0,"key":"Fruit Juice"}],"is_trial":false,"path_per_floor":["M","?","M","?","$","T","M","R","T","R","?","E","M","?","R","B",null,"M","?","M","?","M","E","R","?","T","?","R","E","M","T","R","B",null,"M","$","$","?","M","E","M","E"],"character_chosen":"DEFECT","items_purchased":["Darkness","Capacitor","Bottled Tornado","Hologram"],"campfire_rested":2,"item_purchase_floors":[5,36,36,36],"current_hp_per_floor":[62,62,56,45,45,45,45,45,45,45,45,36,34,55,55,41,74,60,60,49,49,25,4,29,29,29,29,54,56,56,56,56,51,77,84,84,84,85,85,78,57,0],"gold":171,"neow_bonus":"THREE_CARDS","is_prod":false,"is_daily":false,"chose_seed":false,"campfire_upgraded":4,"win_rate":0,"timestamp":1557707946,"path_taken":["M","?","M","?","$","?","M","R","T","R","?","E","?","?","R","BOSS","M","?","M","?","M","E","R","?","T","?","R","E","M","?","R","BOSS","M","?","$","?","M","E","M","E"],"build_version":"2019-01-23","purchased_purges":1,"victory":false,"max_hp_per_floor":[71,71,71,71,71,71,71,71,71,71,71,85,85,85,85,85,85,85,85,85,85,85,85,85,85,85,85,85,85,85,85,85,85,85,85,85,85,85,85,85,90,90],"card_choices":[{"not_picked":["Cold Snap","Barrage"],"picked":"Coolheaded","floor":0.0},{"not_picked":["Conserve Battery","Cold Snap"],"picked":"Streamline","floor":1.0},{"not_picked":["Capacitor","Steam"],"picked":"Self Repair","floor":3.0},{"not_picked":["Genetic Algorithm","Tempest"],"picked":"Heatsinks","floor":7.0},{"not_picked":["Cold Snap","Redo"],"picked":"Static Discharge","floor":7.0},{"not_picked":["Darkness","Hologram"],"picked":"Leap","floor":12.0},{"not_picked":["Aggregate","Meteor Strike"],"picked":"Go for the Eyes","floor":13.0},{"not_picked":["Turbo","Barrage"],"picked":"Stack","floor":13.0},{"not_picked":["Amplify","Reboot"],"picked":"Core Surge","floor":16.0},{"not_picked":["Genetic Algorithm","Auto Shields"],"picked":"Turbo+1","floor":18.0},{"not_picked":["Leap","Gash","Steam Power"],"picked":"SKIP","floor":18.0},{"not_picked":["Redo+1","Chill","Coolheaded"],"picked":"SKIP","floor":20.0},{"not_picked":["Darkness","Turbo","Streamline"],"picked":"SKIP","floor":20.0},{"not_picked":["Steam","Turbo"],"picked":"Hologram","floor":22.0},{"not_picked":["Chaos","Double Energy"],"picked":"All For One","floor":22.0},{"not_picked":["Conserve Battery","Beam Cell+1"],"picked":"Doom and Gloom","floor":23.0},{"not_picked":["Ball Lightning","Gash"],"picked":"Biased Cognition","floor":29.0},{"not_picked":["Leap","Undo+1"],"picked":"Glacier","floor":30.0},{"not_picked":["FTL+1","Steam Power","Force Field"],"picked":"SKIP","floor":30.0},{"not_picked":["Fission","Core Surge"],"picked":"Creative AI","floor":33.0},{"not_picked":["Go for the Eyes","Blizzard"],"picked":"Loop","floor":35.0},{"not_picked":["Sweeping Beam","Coolheaded","Leap"],"picked":"SKIP","floor":35.0},{"not_picked":["Cold Snap","Compile Driver+1","Steam"],"picked":"SKIP","floor":39.0},{"not_picked":["Melter","Stack","Streamline"],"picked":"SKIP","floor":39.0},{"not_picked":["Reboot","Turbo+1","Sweeping Beam"],"picked":"SKIP","floor":40.0},{"not_picked":["Hello World+1","Steam+1","Redo"],"picked":"SKIP","floor":41.0},{"not_picked":["Stack","Self Repair","Go for the Eyes+1"],"picked":"SKIP","floor":41.0}],"player_experience":407020,"relics_obtained":[{"floor":6.0,"key":"Prayer Wheel"},{"floor":9.0,"key":"Bottled Flame"},{"floor":12.0,"key":"Mango"},{"floor":23.0,"key":"Happy Flower"},{"floor":26.0,"key":"Orichalcum"},{"floor":29.0,"key":"Boot"},{"floor":31.0,"key":"Meat on the Bone"},{"floor":38.0,"key":"Nunchaku"},{"floor":40.0,"key":"Smiling Mask"}],"event_choices":[{"damage_healed":0.0,"max_hp_gain":0.0,"max_hp_loss":0.0,"gold_gain":0.0,"event_name":"Living Wall","player_choice":"Grow","floor":2.0,"gold_loss":0.0,"damage_taken":0.0,"cards_upgraded":["Streamline"]},{"damage_healed":0.0,"max_hp_gain":0.0,"max_hp_loss":0.0,"gold_gain":0.0,"event_name":"Scrap Ooze","player_choice":"Fled","floor":4.0,"gold_loss":0.0,"damage_taken":11.0},{"damage_healed":0.0,"max_hp_gain":0.0,"max_hp_loss":0.0,"gold_gain":0.0,"event_name":"Accursed Blacksmith","player_choice":"Forge","floor":11.0,"gold_loss":0.0,"damage_taken":0.0,"cards_upgraded":["Heatsinks"]},{"damage_healed":21.0,"max_hp_gain":0.0,"max_hp_loss":0.0,"gold_gain":0.0,"event_name":"Mushrooms","player_choice":"Healed and dodged fight","floor":14.0,"gold_loss":0.0,"damage_taken":0.0,"cards_obtained":["Parasite"]},{"cards_removed":["Strike_B"],"damage_healed":0.0,"max_hp_gain":0.0,"max_hp_loss":0.0,"gold_gain":0.0,"event_name":"Beggar","player_choice":"Gave Gold","floor":19.0,"gold_loss":75.0,"damage_taken":0.0},{"damage_healed":0.0,"max_hp_gain":0.0,"max_hp_loss":0.0,"gold_gain":0.0,"event_name":"Ghosts","player_choice":"Ignored","floor":21.0,"gold_loss":0.0,"damage_taken":0.0},{"damage_healed":0.0,"max_hp_gain":0.0,"max_hp_loss":0.0,"gold_gain":0.0,"event_name":"Drug Dealer","player_choice":"Inject Mutagens","floor":25.0,"gold_loss":0.0,"damage_taken":0.0,"relics_obtained":["MutagenicStrength"]},{"damage_healed":0.0,"max_hp_gain":0.0,"max_hp_loss":0.0,"gold_gain":0.0,"event_name":"The Mausoleum","player_choice":"Ignored","floor":27.0,"gold_loss":0.0,"damage_taken":0.0},{"damage_healed":0.0,"max_hp_gain":0.0,"max_hp_loss":0.0,"gold_gain":0.0,"event_name":"MindBloom","player_choice":"Fight","floor":38.0,"gold_loss":0.0,"damage_taken":0.0}],"is_beta":false,"boss_relics":[{"not_picked":["Runic Dome","Black Star"],"picked":"Snecko Eye"},{"not_picked":["Coffee Dripper","Calling Bell"],"picked":"Empty Cage"}],"items_purged_floors":[36],"is_endless":false,"potions_floor_spawned":[7,16,22,29,38,39],"killed_by":"Giant Head","ascension_level":16}