{"gold_per_floor":[111,122,122,122,143,143,176,200,223,237,12,12,33,56,56,179,179,195,210,225,43,43,43,86,86,113,68,68,68,89,104,104,104],"floor_reached":33,"playtime":3315,"items_purged":["Strike_G"],"score":269,"play_id":"747220b3-80ac-437d-ae6e-643f74322d00","local_time":"20190520142903","is_ascension_mode":false,"campfire_choices":[{"data":"Endless Agony","floor":6,"key":"SMITH"},{"floor":15,"key":"REST"},{"floor":23,"key":"REST"},{"floor":25,"key":"REST"},{"data":"Footwork","floor":28,"key":"SMITH"},{"data":"Leg Sweep","floor":32,"key":"SMITH"}],"neow_cost":"NONE","seed_source_timestamp":279148202359824,"circlet_count":0,"master_deck":["Defend_G","Defend_G","Defend_G","Defend_G","Defend_G","Strike_G+1","Strike_G","Strike_G","Survivor","Neutralize","Riddle With Holes","Leg Sweep+1","Endless Agony+1","Caltrops","Corpse Explosion","Backstab+1","Dodge and Roll","Parasite","Footwork+1","Acrobatics","After Image","Accuracy","Cloak And Dagger","Noxious Fumes+1","Cloak And Dagger","After Image","Blade Dance","Finisher"],"relics":["Ring of the Snake","Golden Idol","Ancient Tea Set","Whetstone","Pen Nib","WristBlade","Snake Skull","Regal Pillow","Lantern"],"potions_floor_usage":[],"damage_taken":[{"damage":0,"enemies":"2 Louse","floor":1,"turns":2},{"damage":0,"enemies":"Small Slimes","floor":2,"turns":6},{"damage":3,"enemies":"Jaw Worm","floor":5,"turns":4},{"damage":33,"enemies":"Gremlin Nob","floor":7,"turns":6},{"damage":14,"enemies":"Exordium Thugs","floor":8,"turns":7},{"damage":11,"enemies":"Large Slime","floor":10,"turns":4},{"damage":0,"enemies":"Lots of Slimes","floor":13,"turns":1},{"damage":0,"enemies":"3 Louse","floor":14,"turns":1},{"damage":15,"enemies":"The Guardian","floor":16,"turns":15},{"damage":1,"enemies":"Spheric Guardian","floor":18,"turns":7},{"damage":24,"enemies":"3 Byrds","floor":19,"turns":3},{"damage":2,"enemies":"Snecko","floor":20,"turns":7},{"damage":32,"enemies":"Book of Stabbing","floor":24,"turns":8},{"damage":5,"enemies":"Shelled Parasite and Fungi","floor":30,"turns":6},{"damage":12,"enemies":"Cultist and Chosen","floor":31,"turns":4},{"damage":58,"enemies":"Collector","floor":33,"turns":7}],"seed_played":"5755240447103474229","potions_obtained":[{"floor":1,"key":"GhostInAJar"},{"floor":2,"key":"Energy Potion"},{"floor":7,"key":"Poison Potion"}],"is_trial":false,"path_per_floor":["M","M","?","?","M","R","E","M","T","M","$","?","M","M","R","B",null,"M","M","M","$","?","R","E","R","T","$","R","?","M","M","R","B"],"character_chosen":"THE_SILENT","items_purchased":["Pen Nib","Snake Skull","Noxious Fumes","Cloak And Dagger"],"campfire_rested":3,"item_purchase_floors":[11,21,21,27],"current_hp_per_floor":[70,70,70,70,67,67,34,20,20,9,9,26,26,26,47,32,70,69,45,43,43,43,64,32,68,68,68,68,68,63,51,51,0],"gold":104,"neow_bonus":"TRANSFORM_CARD","is_prod":false,"is_daily":false,"chose_seed":false,"campfire_upgraded":3,"win_rate":0,"timestamp":1558387743,"path_taken":["M","M","?","?","M","R","E","M","T","M","$","?","?","M","R","BOSS","M","M","M","$","?","R","E","R","T","?","R","?","M","?","R","BOSS"],"build_version":"2019-01-23","purchased_purges":1,"victory":false,"max_hp_per_floor":[70,70,70,70,70,70,70,70,70,70,70,70,70,70,70,70,70,70,70,70,70,70,70,70,70,70,70,70,70,70,70,70,70],"card_choices":[{"not_picked":["Backstab","Backflip"],"picked":"Leg Sweep","floor":1},{"not_picked":["Acrobatics","Slice"],"picked":"Endless Agony","floor":2},{"not_picked":["Quick Slash","Acrobatics"],"picked":"Caltrops","floor":5},{"not_picked":["Escape Plan","Poisoned Stab"],"picked":"Corpse Explosion","floor":7},{"not_picked":["All Out Attack","Poisoned Stab"],"picked":"Backstab","floor":8},{"not_picked":["Skewer","Slice"],"picked":"Dodge and Roll","floor":10},{"not_picked":["Expertise","Slice"],"picked":"Footwork","floor":13},{"not_picked":["Underhanded Strike","Bouncing Flask"],"picked":"Acrobatics","floor":14},{"not_picked":["Die Die Die","Doppelganger"],"picked":"After Image","floor":16},{"not_picked":["Caltrops","Flying Knee","Sucker Punch"],"picked":"SKIP","floor":18},{"not_picked":["Underhanded Strike","Bane+1"],"picked":"Accuracy","floor":19},{"not_picked":["All Out Attack","Deadly Poison+1"],"picked":"Cloak And Dagger","floor":20},{"not_picked":["Grand Finale","Dagger Throw+1","Finisher"],"picked":"SKIP","floor":24},{"not_picked":["Slice+1","Quick Slash+1"],"picked":"Blade Dance","floor":30},{"not_picked":["Bane","Expertise"],"picked":"Finisher","floor":31}],"player_experience":210225,"relics_obtained":[{"floor":7,"key":"Ancient Tea Set"},{"floor":9,"key":"Whetstone"},{"floor":24,"key":"Regal Pillow"},{"floor":26,"key":"Lantern"}],"event_choices":[{"damage_healed":0,"gold_gain":0,"player_choice":"Take Wound","damage_taken":0,"relics_obtained":["Golden Idol"],"max_hp_gain":0,"max_hp_loss":0,"event_name":"Golden Idol","floor":3,"gold_loss":0,"cards_obtained":["Injury"]},{"cards_removed":["Injury"],"damage_healed":0,"gold_gain":0,"player_choice":"Forget","damage_taken":0,"max_hp_gain":0,"max_hp_loss":0,"event_name":"Living Wall","floor":4,"gold_loss":0},{"damage_healed":17,"gold_gain":0,"player_choice":"Healed and dodged fight","damage_taken":0,"max_hp_gain":0,"max_hp_loss":0,"event_name":"Mushrooms","floor":12,"gold_loss":0,"cards_obtained":["Parasite"]},{"damage_healed":0,"gold_gain":0,"player_choice":"Upgraded","damage_taken":0,"max_hp_gain":0,"max_hp_loss":0,"event_name":"Upgrade Shrine","floor":22,"gold_loss":0,"cards_upgraded":["Noxious Fumes"]},{"damage_healed":0,"gold_gain":0,"player_choice":"Copied","damage_taken":0,"max_hp_gain":0,"max_hp_loss":0,"event_name":"Duplicator","floor":29,"gold_loss":0,"cards_obtained":["After Image"]}],"is_beta":false,"boss_relics":[{"not_picked":["HoveringKite","Runic Pyramid"],"picked":"WristBlade"}],"items_purged_floors":[11],"is_endless":false,"potions_floor_spawned":[1,2,7,14,19,30],"killed_by":"Collector","ascension_level":0}