{"gold_per_floor":[114,124,143,143,120,120,155,171,171,187,221,221,4,38,38,38],"floor_reached":16,"playtime":532,"items_purged":[],"score":162,"play_id":"74ca89d7-4179-491f-8c13-f3ed2e3de068","local_time":"20190315010757","is_ascension_mode":true,"campfire_choices":[{"data":"True Grit","floor":6.0,"key":"SMITH"},{"floor":12,"key":"REST"},{"floor":15,"key":"REST"}],"neow_cost":"NONE","seed_source_timestamp":4042944538153,"circlet_count":0,"master_deck":["Strike_R","Strike_R","Strike_R","Strike_R","Strike_R","Defend_R","Defend_R","Defend_R","Defend_R","Bash+1","Sword Boomerang","Whirlwind","Spot Weakness","True Grit+1","Pommel Strike","Shrug It Off","Perfected Strike","Corruption","Flex","Double Tap"],"special_seed":0,"relics":["Burning Blood","Bag of Preparation","Smiling Mask","Bottled Flame","Membership Card","Magic Flower"],"potions_floor_usage":[14,16],"damage_taken":[{"damage":1.0,"enemies":"Cultist","floor":1.0,"turns":3.0},{"damage":2.0,"enemies":"Jaw Worm","floor":2.0,"turns":3.0},{"damage":8.0,"enemies":"2 Louse","floor":3.0,"turns":3.0},{"damage":41.0,"enemies":"Lagavulin","floor":7.0,"turns":6.0},{"damage":13.0,"enemies":"Looter","floor":8.0,"turns":3.0},{"damage":7.0,"enemies":"Exordium Wildlife","floor":10.0,"turns":5.0},{"damage":22.0,"enemies":"3 Sentries","floor":11.0,"turns":5.0},{"damage":27,"enemies":"Lagavulin","floor":14,"turns":8},{"damage":48,"enemies":"The Guardian","floor":16,"turns":7}],"seed_played":"-7227879854538033590","potions_obtained":[{"floor":7.0,"key":"Dexterity Potion"},{"floor":8.0,"key":"Explosive Potion"},{"floor":14,"key":"PowerPotion"}],"is_trial":false,"path_per_floor":["M","M","M","?","$","R","E","M","T","M","E","R","$","E","R","B"],"character_chosen":"IRONCLAD","items_purchased":["True Grit","Membership Card","Flex"],"campfire_rested":2,"item_purchase_floors":[5,13,13],"current_hp_per_floor":[77,80,78,78,78,78,43,36,36,35,19,43,43,22,46,0],"gold":38,"neow_bonus":"UPGRADE_CARD","is_prod":false,"is_daily":false,"chose_seed":false,"campfire_upgraded":1,"win_rate":0,"timestamp":1552630077,"path_taken":["M","M","?","?","$","R","E","?","T","?","E","R","$","E","R","BOSS"],"build_version":"2019-01-23","purchased_purges":0,"victory":false,"max_hp_per_floor":[80,80,80,80,80,80,80,80,80,80,80,80,80,80,80,80],"card_choices":[{"not_picked":["Headbutt","Shrug It Off"],"picked":"Sword Boomerang","floor":1.0},{"not_picked":["Reckless Charge","Carnage"],"picked":"Whirlwind","floor":2.0},{"not_picked":["Flex","Rampage"],"picked":"Spot Weakness","floor":3.0},{"not_picked":["Evolve","Uppercut"],"picked":"Pommel Strike","floor":7.0},{"not_picked":["Clothesline","Wild Strike"],"picked":"Shrug It Off","floor":8.0},{"not_picked":["Havoc","True Grit"],"picked":"Perfected Strike","floor":10.0},{"not_picked":["Whirlwind","Hemokinesis"],"picked":"Corruption","floor":11},{"not_picked":["Havoc","Pommel Strike"],"picked":"Double Tap","floor":14}],"player_experience":212534,"relics_obtained":[{"floor":7.0,"key":"Bag of Preparation"},{"floor":9.0,"key":"Smiling Mask"},{"floor":11,"key":"Bottled Flame"},{"floor":14,"key":"Magic Flower"}],"event_choices":[{"damage_healed":0.0,"max_hp_gain":0.0,"max_hp_loss":0.0,"gold_gain":0.0,"event_name":"The Woman in Blue","player_choice":"Bought 0 Potions","floor":4.0,"gold_loss":0.0,"damage_taken":0.0}],"is_beta":false,"boss_relics":[],"items_purged_floors":[],"is_endless":false,"potions_floor_spawned":[7,8,14],"killed_by":"The Guardian","ascension_level":7}