{"gold_per_floor":[110,35,48,48,61,61,93,93,143,143,293,15,15,40,40,115,115,131,131,151,166,177,177,210,224,251,251,276,276,288,301,301,380,380,400,419,419,419,439,439,466,466,491,491,491,502,233,64,64,64],"floor_reached":51,"playtime":1726,"items_purged":["Doubt","Strike_R"],"score":1376,"play_id":"b141d345-f780-4d8e-9467-02cfcbc80861","local_time":"20190517174958","is_ascension_mode":true,"campfire_choices":[{"data":"Anger","floor":6.0,"key":"SMITH"},{"data":"Metallicize","floor":10.0,"key":"SMITH"},{"data":"Bash","floor":13.0,"key":"SMITH"},{"data":"Clothesline","floor":15.0,"key":"SMITH"},{"data":"Inflame","floor":23.0,"key":"SMITH"},{"floor":27.0,"key":"REST"},{"floor":29.0,"key":"REST"},{"floor":32.0,"key":"REST"},{"floor":40,"key":"REST"},{"floor":42,"key":"REST"},{"data":"Demon Form","floor":44,"key":"SMITH"},{"data":"Disarm","floor":49,"key":"SMITH"}],"neow_cost":"NONE","seed_source_timestamp":12643043405368,"circlet_count":0,"master_deck":["AscendersBane","Strike_R","Strike_R+1","Defend_R","Defend_R","Defend_R","Defend_R","Bash+1","Anger+1","Pommel Strike+1","Intimidate","Metallicize+1","Clothesline+1","Reaper","Inflame+1","Shrug It Off","Shrug It Off","Twin Strike","Disarm+1","Flex","Demon Form+1","Warcry","Shockwave","Corruption","Heavy Blade+1","Offering","Impervious"],"special_seed":0,"relics":["Burning Blood","Red Skull","Regal Pillow","Whetstone","Lantern","StoneCalendar","Mark of Pain","Mummified Hand","Orichalcum","Dodecahedron","Eternal Feather","Anchor","Dream Catcher","Molten Egg 2"],"potions_floor_usage":[41,50],"damage_taken":[{"damage":6.0,"enemies":"2 Louse","floor":1.0,"turns":4.0},{"damage":7.0,"enemies":"Small Slimes","floor":3.0,"turns":4.0},{"damage":1.0,"enemies":"Cultist","floor":5.0,"turns":3.0},{"damage":32.0,"enemies":"Gremlin Nob","floor":7.0,"turns":4.0},{"damage":7.0,"enemies":"Lagavulin","floor":14.0,"turns":5.0},{"damage":35.0,"enemies":"The Guardian","floor":16.0,"turns":7.0},{"damage":17.0,"enemies":"Spheric Guardian","floor":18.0,"turns":5.0},{"damage":26.0,"enemies":"Shell Parasite","floor":20.0,"turns":5.0},{"damage":25.0,"enemies":"Snake Plant","floor":21.0,"turns":5.0},{"damage":0.0,"enemies":"Centurion and Healer","floor":22.0,"turns":5.0},{"damage":61.0,"enemies":"Slavers","floor":24.0,"turns":7.0},{"damage":15.0,"enemies":"Cultist and Chosen","floor":25.0,"turns":6.0},{"damage":79.0,"enemies":"Gremlin Leader","floor":28.0,"turns":11.0},{"damage":29.0,"enemies":"3 Cultists","floor":30.0,"turns":7.0},{"damage":12.0,"enemies":"Snake Plant","floor":31.0,"turns":6.0},{"damage":62.0,"enemies":"Collector","floor":33.0,"turns":8.0},{"damage":53.0,"enemies":"3 Darklings","floor":35.0,"turns":7.0},{"damage":13.0,"enemies":"3 Shapes","floor":36.0,"turns":7.0},{"damage":58,"enemies":"Jaw Worm Horde","floor":39,"turns":6},{"damage":113,"enemies":"Giant Head","floor":41,"turns":9},{"damage":0,"enemies":"4 Shapes","floor":46,"turns":7},{"damage":101,"enemies":"Awakened One","floor":50,"turns":11}],"seed_played":"3870749251744141652","potions_obtained":[{"floor":1.0,"key":"PowerPotion"},{"floor":3.0,"key":"FairyPotion"},{"floor":14.0,"key":"GamblersBrew"},{"floor":21.0,"key":"Strength Potion"},{"floor":25.0,"key":"FairyPotion"},{"floor":28.0,"key":"PowerPotion"},{"floor":35.0,"key":"FearPotion"},{"floor":46,"key":"Strength Potion"}],"is_trial":false,"path_per_floor":["M","?","M","?","M","R","E","?","T","R","?","$","R","E","R","B",null,"M","?","M","M","M","R","E","M","T","R","E","R","M","M","R","B",null,"M","M","?","?","M","R","E","R","T","R","T","M","$","$","R","B",null],"character_chosen":"IRONCLAD","items_purchased":["Lantern","Battle Trance","Offering","Impervious"],"campfire_rested":5,"item_purchase_floors":[12,12,47,48],"current_hp_per_floor":[68,68,67,67,72,72,46,71,71,71,71,71,71,70,70,41,67,59,59,48,39,52,52,28,29,29,66,23,60,52,53,75,20,61,66,59,59,59,31,75,8,60,60,75,75,75,75,75,75,11],"gold":64,"neow_bonus":"RANDOM_COMMON_RELIC","is_prod":false,"is_daily":false,"chose_seed":false,"campfire_upgraded":7,"win_rate":0,"timestamp":1558133398,"path_taken":["M","?","M","?","?","R","E","?","T","R","?","$","R","E","R","BOSS","M","?","M","M","M","R","E","M","T","R","E","R","M","M","R","BOSS","M","M","?","?","?","R","E","R","T","R","?","M","?","$","R","BOSS"],"build_version":"2019-01-23","purchased_purges":2,"victory":true,"max_hp_per_floor":[75,75,75,75,75,75,75,75,75,75,75,75,75,75,75,75,75,75,75,75,75,75,75,75,75,75,75,75,75,75,75,75,75,75,75,75,75,75,75,75,75,75,75,75,75,75,75,75,75,75],"card_choices":[{"not_picked":["Seeing Red","Wild Strike"],"picked":"Anger","floor":1.0},{"not_picked":["Blood for Blood","Sever Soul"],"picked":"Pommel Strike","floor":3.0},{"not_picked":["Rupture","Evolve"],"picked":"Intimidate","floor":5.0},{"not_picked":["Sentinel","Evolve"],"picked":"Metallicize","floor":7.0},{"not_picked":["Second Wind","Seeing Red"],"picked":"Clothesline","floor":14.0},{"not_picked":["Berserk","Dark Embrace"],"picked":"Reaper","floor":16.0},{"not_picked":["Wild Strike","Havoc"],"picked":"Inflame","floor":18.0},{"not_picked":["Clash","Havoc","Perfected Strike"],"picked":"SKIP","floor":20.0},{"not_picked":["Body Slam","Searing Blow"],"picked":"Shrug It Off","floor":21.0},{"not_picked":["Havoc","Hemokinesis"],"picked":"Shrug It Off","floor":22.0},{"not_picked":["Wild Strike","Dark Embrace"],"picked":"Twin Strike","floor":24.0},{"not_picked":["Intimidate","Anger"],"picked":"Disarm","floor":25.0},{"not_picked":["Pommel Strike","Seeing Red"],"picked":"Flex","floor":28.0},{"not_picked":["Hemokinesis","Twin Strike+1","Shrug It Off"],"picked":"SKIP","floor":30.0},{"not_picked":["Sentinel","Burning Pact+1","Havoc"],"picked":"SKIP","floor":31.0},{"not_picked":["Double Tap","Berserk"],"picked":"Demon Form","floor":33.0},{"not_picked":["Headbutt","Iron Wave+1"],"picked":"Warcry","floor":35.0},{"not_picked":["Twin Strike","Shrug It Off"],"picked":"Shockwave","floor":36.0},{"not_picked":["Rupture","Disarm"],"picked":"Corruption","floor":39},{"not_picked":["Bludgeon","Second Wind","Whirlwind"],"picked":"SKIP","floor":41},{"not_picked":["Cleave+1","Clothesline+1"],"picked":"Heavy Blade+1","floor":46}],"player_experience":436425,"relics_obtained":[{"floor":7.0,"key":"Regal Pillow"},{"floor":9.0,"key":"Whetstone"},{"floor":14.0,"key":"StoneCalendar"},{"floor":24.0,"key":"Mummified Hand"},{"floor":26.0,"key":"Orichalcum"},{"floor":28.0,"key":"Dodecahedron"},{"floor":41,"key":"Anchor"},{"floor":43,"key":"Dream Catcher"},{"floor":45,"key":"Molten Egg 2"}],"event_choices":[{"cards_removed":["Strike_R"],"damage_healed":0.0,"max_hp_gain":0.0,"max_hp_loss":0.0,"gold_gain":0.0,"event_name":"The Cleric","player_choice":"Card Removal","floor":2.0,"gold_loss":75.0,"damage_taken":0.0},{"cards_removed":["Strike_R"],"damage_healed":0.0,"max_hp_gain":0.0,"max_hp_loss":0.0,"gold_gain":0.0,"event_name":"Bonfire Elementals","player_choice":"Offered Basic","floor":4.0,"gold_loss":0.0,"damage_taken":0.0},{"damage_healed":25.0,"max_hp_gain":0.0,"max_hp_loss":0.0,"gold_gain":0.0,"event_name":"Big Fish","player_choice":"Banana","floor":8.0,"gold_loss":0.0,"damage_taken":0.0},{"damage_healed":0.0,"max_hp_gain":0.0,"max_hp_loss":0.0,"gold_gain":150.0,"event_name":"Liars Game","player_choice":"AGREE","floor":11.0,"gold_loss":0.0,"damage_taken":0.0,"cards_obtained":["Doubt"]},{"damage_healed":0.0,"max_hp_gain":0.0,"max_hp_loss":0.0,"gold_gain":0.0,"event_name":"Ghosts","player_choice":"Ignored","floor":19.0,"gold_loss":0.0,"damage_taken":0.0},{"cards_removed":["Battle Trance"],"damage_healed":0,"gold_gain":0,"player_choice":"Removed Skill","damage_taken":0,"max_hp_gain":0,"max_hp_loss":0,"event_name":"Falling","floor":37,"gold_loss":0},{"damage_healed":0,"gold_gain":0,"player_choice":"Ignored","damage_taken":0,"max_hp_gain":0,"max_hp_loss":0,"event_name":"SecretPortal","floor":38,"gold_loss":0}],"is_beta":false,"boss_relics":[{"not_picked":["Philosopher\u0027s Stone","Tiny House"],"picked":"Mark of Pain"},{"not_picked":["Pandora\u0027s Box","Runic Cube"],"picked":"Eternal Feather"}],"items_purged_floors":[12,47],"is_endless":false,"potions_floor_spawned":[1,3,5,14,18,20,21,25,28,35,46],"ascension_level":18}