{"gold_per_floor":[118,19,39,39,39,65,65,82,128,141,152,168,168,180,180,258,258,273,273,163,178,190,190],"floor_reached":23,"playtime":673,"items_purged":[],"score":396,"play_id":"e9f4e4ee-7c26-47a8-80d8-d1aa0a1a8199","local_time":"20190511224925","is_ascension_mode":true,"campfire_choices":[{"data":"Fusion","floor":7,"key":"SMITH"},{"floor":13,"key":"REST"},{"data":"Recycle","floor":15,"key":"SMITH"}],"neow_cost":"NONE","seed_source_timestamp":1235391612192554,"circlet_count":0,"master_deck":["AscendersBane","Strike_B","Strike_B","Strike_B+1","Defend_B","Defend_B","Defend_B+1","Defend_B","Zap","Dualcast","Ball Lightning","Leap","Loop+1","Chaos+1","Fusion+1","Hologram","Redo","Biased Cognition","Recycle+1","Core Surge","Glacier+1"],"relics":["Cracked Core","NeowsBlessing","War Paint","Pen Nib","Inserter"],"potions_floor_usage":[21,22],"damage_taken":[{"damage":0,"enemies":"Cultist","floor":1,"turns":1},{"damage":0,"enemies":"2 Louse","floor":3,"turns":1},{"damage":0,"enemies":"3 Sentries","floor":6,"turns":1},{"damage":12,"enemies":"Jaw Worm","floor":8,"turns":3},{"damage":12,"enemies":"3 Louse","floor":10,"turns":4},{"damage":13,"enemies":"Blue Slaver","floor":11,"turns":3},{"damage":10,"enemies":"Gremlin Gang","floor":12,"turns":6},{"damage":11,"enemies":"Exordium Wildlife","floor":14,"turns":4},{"damage":12,"enemies":"Slime Boss","floor":16,"turns":11},{"damage":39,"enemies":"3 Byrds","floor":18,"turns":5},{"damage":23,"enemies":"Shell Parasite","floor":21,"turns":6},{"damage":16,"enemies":"3 Cultists","floor":22,"turns":8},{"damage":13,"enemies":"Slavers","floor":23,"turns":1}],"seed_played":"4494123749460326081","potions_obtained":[{"floor":6,"key":"EssenceOfSteel"},{"floor":11,"key":"Strength Potion"},{"floor":14,"key":"GamblersBrew"},{"floor":16,"key":"Ancient Potion"},{"floor":18,"key":"Regen Potion"},{"floor":22,"key":"Strength Potion"}],"is_trial":false,"path_per_floor":["M","$","M","?","?","E","R","M","T","M","M","M","R","M","R","B",null,"M","?","?","M","M","E"],"character_chosen":"DEFECT","items_purchased":["Leap","Loop"],"campfire_rested":1,"item_purchase_floors":[2,2],"current_hp_per_floor":[64,64,64,64,64,64,64,52,52,40,27,17,38,27,27,15,57,18,32,32,21,5,0],"gold":190,"neow_bonus":"THREE_ENEMY_KILL","is_prod":false,"is_daily":false,"chose_seed":false,"campfire_upgraded":2,"win_rate":0,"timestamp":1557632965,"path_taken":["M","?","M","?","?","E","R","M","T","M","M","?","R","M","R","BOSS","M","?","?","M","M","E"],"build_version":"2019-01-23","purchased_purges":0,"victory":false,"max_hp_per_floor":[71,71,71,71,71,71,71,71,71,71,71,71,71,71,71,71,71,71,71,71,71,71,71],"card_choices":[{"not_picked":["Rebound","Leap"],"picked":"Ball Lightning","floor":1},{"not_picked":["Leap","Stack"],"picked":"Chaos","floor":3},{"not_picked":["Gash","Conserve Battery"],"picked":"Fusion","floor":6},{"not_picked":["Conserve Battery","Double Energy"],"picked":"Hologram","floor":8},{"not_picked":["Compile Driver","Stack"],"picked":"Redo","floor":10},{"not_picked":["Genetic Algorithm","Coolheaded"],"picked":"Biased Cognition","floor":11},{"not_picked":["Ball Lightning","Double Energy","Rebound"],"picked":"SKIP","floor":12},{"not_picked":["Reprogram","Barrage"],"picked":"Recycle","floor":14},{"not_picked":["All For One","Meteor Strike"],"picked":"Core Surge","floor":16},{"not_picked":["Sweeping Beam","Stack","Redo"],"picked":"SKIP","floor":18},{"not_picked":["Beam Cell","Chill"],"picked":"Glacier+1","floor":21},{"not_picked":["Redo","Loop","Beam Cell"],"picked":"SKIP","floor":22}],"player_experience":397987,"relics_obtained":[{"floor":6,"key":"War Paint"},{"floor":9,"key":"Pen Nib"}],"event_choices":[{"damage_healed":0,"gold_gain":0,"player_choice":"Grow","damage_taken":0,"max_hp_gain":0,"max_hp_loss":0,"event_name":"Living Wall","floor":4,"gold_loss":0,"cards_upgraded":["Loop"]},{"damage_healed":0,"gold_gain":0,"player_choice":"Ignored","damage_taken":0,"max_hp_gain":0,"max_hp_loss":0,"event_name":"Liars Game","floor":5,"gold_loss":0},{"damage_healed":14,"gold_gain":0,"player_choice":"Heal","damage_taken":0,"max_hp_gain":0,"max_hp_loss":0,"event_name":"The Library","floor":19,"gold_loss":0},{"cards_removed":["Strike_B"],"damage_healed":0,"gold_gain":0,"player_choice":"Upgrade and Remove","damage_taken":0,"max_hp_gain":0,"max_hp_loss":0,"event_name":"Designer","floor":20,"gold_loss":110,"cards_upgraded":["Strike_B"]}],"is_beta":false,"boss_relics":[{"not_picked":["Fusion Hammer","Busted Crown"],"picked":"Inserter"}],"items_purged_floors":[],"is_endless":false,"potions_floor_spawned":[6,11,14,16,18,22],"killed_by":"Slavers","ascension_level":16}