{"gold_per_floor":[363,373,67,82,82,117,292,28,28,38,38,48,48,98,98,98],"floor_reached":16,"playtime":1195,"items_purged":["Doubt"],"score":100,"play_id":"08416bc7-a3d1-4cda-af53-019fd1946ae7","local_time":"20190516181029","is_ascension_mode":false,"campfire_choices":[{"floor":11,"key":"REST"},{"data":"Glass Knife","floor":13,"key":"SMITH"},{"floor":15,"key":"REST"}],"neow_cost":"CURSE","seed_source_timestamp":117429663456718,"circlet_count":0,"master_deck":["Defend_G","Defend_G","Defend_G","Defend_G","Defend_G","Strike_G","Strike_G","Strike_G","Strike_G","Survivor","Neutralize","Footwork","Well Laid Plans","Skewer","Backflip","Doubt","Glass Knife+1","Blur","Malaise"],"relics":["Ring of the Snake","Oddly Smooth Stone","Ornamental Fan","Membership Card","Meat on the Bone","Snake Skull"],"potions_floor_usage":[],"damage_taken":[{"damage":4,"enemies":"Cultist","floor":1,"turns":5},{"damage":0,"enemies":"Small Slimes","floor":2,"turns":4},{"damage":0,"enemies":"2 Louse","floor":4,"turns":4},{"damage":28,"enemies":"Gremlin Nob","floor":6,"turns":6},{"damage":2,"enemies":"Blue Slaver","floor":10,"turns":3},{"damage":4,"enemies":"3 Louse","floor":12,"turns":4},{"damage":73,"enemies":"Hexaghost","floor":16,"turns":21}],"seed_played":"-8026388263609563822","potions_obtained":[{"floor":4,"key":"SteroidPotion"},{"floor":12,"key":"Energy Potion"}],"is_trial":false,"path_per_floor":["M","M","$","M","?","E","?","$","T","M","R","M","R","T","R","B"],"character_chosen":"THE_SILENT","items_purchased":["Oddly Smooth Stone","Well Laid Plans","Membership Card","Glass Knife"],"campfire_rested":2,"item_purchase_floors":[3,3,8,8],"current_hp_per_floor":[66,66,66,66,59,31,31,31,31,41,62,58,58,58,70,0],"gold":98,"neow_bonus":"TWO_FIFTY_GOLD","is_prod":false,"is_daily":false,"chose_seed":false,"campfire_upgraded":1,"win_rate":0.0,"timestamp":1558055429,"path_taken":["M","?","$","M","?","E","?","$","T","M","R","M","R","?","R","BOSS"],"build_version":"2019-01-23","purchased_purges":1,"victory":false,"max_hp_per_floor":[70,70,70,70,70,70,70,70,70,70,70,70,70,70,70,70],"card_choices":[{"not_picked":["Underhanded Strike","Blade Dance","Distraction"],"picked":"SKIP","floor":1},{"not_picked":["Acrobatics","Prepared"],"picked":"Footwork","floor":2},{"not_picked":["Underhanded Strike","Blur"],"picked":"Skewer","floor":4},{"not_picked":["Crippling Poison","Reflex"],"picked":"Backflip","floor":6},{"not_picked":["Prepared","Escape Plan"],"picked":"Blur","floor":10},{"not_picked":["Bane","Deadly Poison"],"picked":"Malaise","floor":12}],"player_experience":85574,"relics_obtained":[{"floor":6,"key":"Ornamental Fan"},{"floor":9,"key":"Meat on the Bone"},{"floor":14,"key":"Snake Skull"}],"event_choices":[{"cards_removed":["Strike_G"],"damage_healed":0,"gold_gain":0,"player_choice":"Card Removal","damage_taken":7,"max_hp_gain":0,"max_hp_loss":0,"event_name":"Golden Wing","floor":5,"gold_loss":0},{"damage_healed":0,"gold_gain":175,"player_choice":"AGREE","damage_taken":0,"max_hp_gain":0,"max_hp_loss":0,"event_name":"Liars Game","floor":7,"gold_loss":0,"cards_obtained":["Doubt"]}],"is_beta":false,"boss_relics":[],"items_purged_floors":[3],"is_endless":false,"potions_floor_spawned":[4,12],"killed_by":"Hexaghost","ascension_level":0}