{"gold_per_floor":[116,41,41,54,74,74,103,103,103,103,118,118,136,36,36,109,159,174,174,193,210,135,135,163,163],"floor_reached":25,"playtime":531,"items_purged":["Strike_B","Strike_B"],"score":420,"play_id":"f19471eb-ac42-478c-a600-5ec12bc1c908","local_time":"20190517162622","is_ascension_mode":true,"campfire_choices":[{"data":"Barrage","floor":6,"key":"SMITH"},{"data":"Defragment","floor":8,"key":"SMITH"},{"data":"Conserve Battery","floor":12,"key":"SMITH"},{"floor":15,"key":"REST"},{"data":"Loop","floor":23,"key":"SMITH"}],"neow_cost":"NONE","seed_source_timestamp":8936038277120,"circlet_count":0,"master_deck":["AscendersBane","Strike_B+1","Defend_B","Defend_B","Defend_B","Defend_B","Zap+1","Dualcast+1","Barrage+1","Ball Lightning","Cold Snap","Defragment+1","Conserve Battery+1","Steam","Biased Cognition","Loop+1","White Noise","Static Discharge"],"relics":["Cracked Core","NeowsBlessing","Darkstone Periapt","Omamori","Whetstone","Tiny House","WarpedTongs","Prayer Wheel"],"potions_floor_usage":[21,24,25],"damage_taken":[{"damage":0,"enemies":"2 Louse","floor":1,"turns":1},{"damage":0,"enemies":"Cultist","floor":4,"turns":1},{"damage":0,"enemies":"Jaw Worm","floor":5,"turns":1},{"damage":21,"enemies":"Lagavulin","floor":7,"turns":6},{"damage":3,"enemies":"Blue Slaver","floor":11,"turns":2},{"damage":30,"enemies":"Exordium Thugs","floor":13,"turns":4},{"damage":20,"enemies":"Hexaghost","floor":16,"turns":10},{"damage":4,"enemies":"Chosen","floor":18,"turns":4},{"damage":3,"enemies":"Spheric Guardian","floor":20,"turns":4},{"damage":7,"enemies":"Cultist and Chosen","floor":21,"turns":5},{"damage":37,"enemies":"Book of Stabbing","floor":24,"turns":5},{"damage":16,"enemies":"Snake Plant","floor":25,"turns":1}],"seed_played":"-1621051420466854990","potions_obtained":[{"floor":1,"key":"Explosive Potion"},{"floor":4,"key":"Energy Potion"},{"floor":13,"key":"AttackPotion"},{"floor":17,"key":"Ancient Potion"},{"floor":24,"key":"EntropicBrew"}],"is_trial":false,"path_per_floor":["M","$","?","M","M","R","E","R","T","?","M","R","M","$","R","B",null,"M","?","M","M","?","R","E","M"],"character_chosen":"DEFECT","items_purchased":[],"campfire_rested":1,"item_purchase_floors":[],"current_hp_per_floor":[64,64,64,64,64,64,43,43,43,43,40,40,10,10,31,11,61,57,57,54,47,47,47,10,0],"gold":163,"neow_bonus":"THREE_ENEMY_KILL","is_prod":false,"is_daily":false,"chose_seed":false,"campfire_upgraded":4,"win_rate":0,"timestamp":1558128382,"path_taken":["M","$","?","?","M","R","E","R","T","?","M","R","?","$","R","BOSS","M","?","M","?","?","R","E","M"],"build_version":"2019-01-23","purchased_purges":2,"victory":false,"max_hp_per_floor":[71,71,71,71,71,71,71,71,71,71,71,71,71,71,71,71,76,76,76,76,76,76,76,76,76],"card_choices":[{"not_picked":["Scrape","Loop"],"picked":"Barrage","floor":1},{"not_picked":["Sweeping Beam","Beam Cell"],"picked":"Ball Lightning","floor":4},{"not_picked":["Hologram","Sunder"],"picked":"Cold Snap","floor":5},{"not_picked":["Redo","Chaos"],"picked":"Defragment","floor":7},{"not_picked":["Hologram","Gash"],"picked":"Conserve Battery","floor":11},{"not_picked":["Amplify","Rip and Tear"],"picked":"Steam","floor":13},{"not_picked":["Rainbow","Core Surge"],"picked":"Biased Cognition","floor":16},{"not_picked":["Heatsinks","Gash"],"picked":"Loop","floor":18},{"not_picked":["Sunder","Aggregate"],"picked":"White Noise","floor":20},{"not_picked":["Go for the Eyes","Auto Shields","Gash"],"picked":"SKIP","floor":21},{"not_picked":["Multi-Cast","Tempest"],"picked":"Static Discharge","floor":24}],"player_experience":433047,"relics_obtained":[{"floor":7,"key":"Omamori"},{"floor":9,"key":"Whetstone"},{"floor":24,"key":"Prayer Wheel"}],"event_choices":[{"damage_healed":0,"gold_gain":0,"player_choice":"Gave Potion","damage_taken":0,"relics_obtained":["Darkstone Periapt"],"max_hp_gain":0,"max_hp_loss":0,"event_name":"WeMeetAgain","floor":3,"gold_loss":0},{"damage_healed":0,"gold_gain":0,"player_choice":"Upgraded","damage_taken":0,"max_hp_gain":0,"max_hp_loss":0,"event_name":"Upgrade Shrine","floor":10,"gold_loss":0,"cards_upgraded":["Zap"]},{"damage_healed":0,"gold_gain":0,"player_choice":"Rummage","damage_taken":0,"relics_obtained":["WarpedTongs"],"max_hp_gain":0,"max_hp_loss":0,"event_name":"Accursed Blacksmith","floor":19,"gold_loss":0,"cards_obtained":["Pain"]},{"cards_removed":["Strike_B"],"damage_healed":0,"gold_gain":0,"player_choice":"Gave Gold","damage_taken":0,"max_hp_gain":0,"max_hp_loss":0,"event_name":"Beggar","floor":22,"gold_loss":75}],"is_beta":false,"boss_relics":[{"not_picked":["Astrolabe","Empty Cage"],"picked":"Tiny House"}],"items_purged_floors":[2,14],"is_endless":false,"potions_floor_spawned":[1,4,13,18,24],"killed_by":"Snake Plant","ascension_level":18}