{"gold_per_floor":[115,115,13,26,26,61,61,81,81,81,121,141,156,170,170,299,299,318,318],"floor_reached":19,"playtime":684,"items_purged":["Strike_R"],"score":286,"play_id":"f5fbb30c-094f-4864-876d-835804ce9263","local_time":"20190401120812","is_ascension_mode":true,"campfire_choices":[{"data":"Dark Embrace","floor":10.0,"key":"SMITH"},{"data":"Armaments","floor":15,"key":"SMITH"}],"neow_cost":"NONE","seed_source_timestamp":0,"circlet_count":0,"master_deck":["Strike_R","Strike_R","Strike_R","Defend_R","Defend_R","Defend_R","Defend_R","Bash","Warcry","Twin Strike","Cleave","Dark Embrace+1","Limit Break","Thunderclap","Armaments+1","Shrug It Off","Body Slam","Reaper","Heavy Blade+1"],"special_seed":0,"relics":["Burning Blood","NeowsBlessing","Golden Idol","Gremlin Horn","Gambling Chip","Ancient Tea Set","Snecko Eye"],"potions_floor_usage":[16,17,19],"damage_taken":[{"damage":0.0,"enemies":"Small Slimes","floor":1.0,"turns":1.0},{"damage":0.0,"enemies":"2 Louse","floor":4.0,"turns":1.0},{"damage":0.0,"enemies":"Gremlin Nob","floor":6.0,"turns":1.0},{"damage":6.0,"enemies":"Cultist","floor":8.0,"turns":4.0},{"damage":15.0,"enemies":"3 Sentries","floor":11.0,"turns":6.0},{"damage":32.0,"enemies":"Exordium Thugs","floor":12.0,"turns":4.0},{"damage":3.0,"enemies":"Blue Slaver","floor":13.0,"turns":5.0},{"damage":1.0,"enemies":"Exordium Wildlife","floor":14.0,"turns":4.0},{"damage":31,"enemies":"Hexaghost","floor":16,"turns":8},{"damage":0,"enemies":"3 Byrds","floor":18,"turns":4},{"damage":56,"enemies":"Colosseum Slavers","floor":19,"turns":7},{"damage":10,"enemies":"Colosseum Nobs","floor":19,"turns":3}],"seed_played":"8604673706803166111","potions_obtained":[{"floor":1.0,"key":"AttackPotion"},{"floor":6.0,"key":"Weak Potion"},{"floor":12.0,"key":"BloodPotion"},{"floor":14.0,"key":"PowerPotion"},{"floor":16,"key":"Fruit Juice"}],"is_trial":false,"path_per_floor":["M","?","$","M","$","E","?","M","T","R","E","M","M","M","R","B",null,"M","?"],"character_chosen":"IRONCLAD","items_purchased":["Twin Strike"],"campfire_rested":0,"item_purchase_floors":[3],"current_hp_per_floor":[78,58,58,64,64,70,70,70,70,70,61,35,38,43,43,18,70,85,43],"gold":318,"neow_bonus":"THREE_ENEMY_KILL","is_prod":false,"is_daily":false,"chose_seed":false,"campfire_upgraded":2,"win_rate":0,"timestamp":1554138492,"path_taken":["M","?","$","M","$","E","?","M","T","R","E","?","M","M","R","BOSS","M","?"],"build_version":"2019-01-23","purchased_purges":1,"victory":false,"max_hp_per_floor":[80,80,80,80,80,80,80,80,80,80,80,80,80,80,80,80,85,85,85],"card_choices":[{"not_picked":["Rage","Havoc"],"picked":"Warcry","floor":1.0},{"not_picked":["Feel No Pain","Clash"],"picked":"Cleave","floor":4.0},{"not_picked":["Heavy Blade","Clothesline"],"picked":"Dark Embrace","floor":6.0},{"not_picked":["Body Slam","Iron Wave"],"picked":"Thunderclap","floor":8.0},{"not_picked":["Anger","Fire Breathing","Searing Blow"],"picked":"SKIP","floor":11.0},{"not_picked":["Evolve","True Grit"],"picked":"Armaments","floor":12.0},{"not_picked":["Cleave","Wild Strike"],"picked":"Shrug It Off","floor":13.0},{"not_picked":["Feed","Thunderclap"],"picked":"Body Slam","floor":14.0},{"not_picked":["Barricade","Limit Break"],"picked":"Reaper","floor":16},{"not_picked":["Shrug It Off","Havoc"],"picked":"Heavy Blade+1","floor":18}],"player_experience":278097,"relics_obtained":[{"floor":6.0,"key":"Gremlin Horn"},{"floor":9.0,"key":"Gambling Chip"},{"floor":11.0,"key":"Ancient Tea Set"}],"event_choices":[{"damage_healed":0.0,"max_hp_gain":0.0,"max_hp_loss":0.0,"gold_gain":0.0,"event_name":"Golden Idol","player_choice":"Take Damage","floor":2.0,"gold_loss":0.0,"damage_taken":20.0,"relics_obtained":["Golden Idol"]},{"damage_healed":0.0,"max_hp_gain":0.0,"max_hp_loss":0.0,"gold_gain":0.0,"cards_transformed":["Strike_R"],"event_name":"Transmorgrifier","player_choice":"Transformed","floor":7.0,"gold_loss":0.0,"damage_taken":0.0,"cards_obtained":["Limit Break"]},{"damage_healed":0,"gold_gain":0,"player_choice":"Fight","damage_taken":0,"max_hp_gain":0,"max_hp_loss":0,"event_name":"Colosseum","floor":19,"gold_loss":0},{"damage_healed":0,"gold_gain":0,"player_choice":"Fought Nobs","damage_taken":0,"max_hp_gain":0,"max_hp_loss":0,"event_name":"Colosseum","floor":19,"gold_loss":0}],"is_beta":false,"boss_relics":[{"not_picked":["Fusion Hammer","Lizard Tail"],"picked":"Snecko Eye"}],"items_purged_floors":[3],"is_endless":false,"potions_floor_spawned":[1,6,12,14,16],"killed_by":"Colosseum Nobs","ascension_level":8}