{"gold_per_floor":[116,291,25,36,53,53,75,105,105,105,121,141,141,196,196,196],"floor_reached":16,"playtime":537,"items_purged":["Doubt"],"score":116,"play_id":"c1e137e1-2162-4db7-8dc6-5ac01236c69c","local_time":"20190527230240","is_ascension_mode":true,"campfire_choices":[{"data":"Strike_R","floor":6,"key":"PURGE"},{"data":"Defend_R","floor":10,"key":"PURGE"},{"data":"Strike_R","floor":13,"key":"PURGE"},{"floor":15,"key":"REST"}],"neow_cost":"TEN_PERCENT_HP_LOSS","seed_source_timestamp":15689597927425,"circlet_count":0,"master_deck":["Strike_R","Strike_R","Strike_R","Defend_R","Defend_R","Defend_R","Bash","Uppercut","Whirlwind","Shrug It Off","Havoc","Burning Pact","Battle Trance"],"relics":["Burning Blood","Peace Pipe","TheAbacus","Odd Mushroom","Sundial","The Courier","Tiny Chest"],"potions_floor_usage":[],"damage_taken":[{"damage":6,"enemies":"Jaw Worm","floor":1,"turns":4},{"damage":7,"enemies":"Small Slimes","floor":4,"turns":4},{"damage":2,"enemies":"2 Louse","floor":5,"turns":2},{"damage":18,"enemies":"The Mushroom Lair","floor":7,"turns":5},{"damage":27,"enemies":"Gremlin Nob","floor":8,"turns":5},{"damage":2,"enemies":"Large Slime","floor":11,"turns":6},{"damage":6,"enemies":"Exordium Wildlife","floor":12,"turns":2},{"damage":22,"enemies":"3 Sentries","floor":14,"turns":4},{"damage":44,"enemies":"Hexaghost","floor":16,"turns":10}],"seed_played":"-411972937063163374","potions_obtained":[{"floor":4,"key":"Weak Potion"},{"floor":5,"key":"Dexterity Potion"},{"floor":7,"key":"SpeedPotion"}],"is_trial":false,"path_per_floor":["M","?","$","M","M","R","?","E","T","R","M","M","R","E","R","B"],"character_chosen":"IRONCLAD","items_purchased":["TheAbacus"],"campfire_rested":1,"item_purchase_floors":[3],"current_hp_per_floor":[72,72,72,71,72,72,60,39,39,39,43,43,43,27,48,4],"gold":196,"neow_bonus":"ONE_RARE_RELIC","is_prod":false,"is_daily":false,"chose_seed":false,"campfire_upgraded":0,"win_rate":0,"timestamp":1559023360,"path_taken":["M","?","$","M","M","R","?","E","T","R","M","M","R","E","R","BOSS"],"build_version":"2019-01-23","purchased_purges":1,"victory":false,"max_hp_per_floor":[72,72,72,72,72,72,72,72,72,72,72,72,72,72,72,72],"card_choices":[{"not_picked":["Warcry","Shrug It Off"],"picked":"Uppercut","floor":1},{"not_picked":["Shrug It Off","Pommel Strike"],"picked":"Whirlwind","floor":4},{"not_picked":["Heavy Blade","Seeing Red","Body Slam"],"picked":"SKIP","floor":5},{"not_picked":["Rupture","Warcry"],"picked":"Shrug It Off","floor":7},{"not_picked":["Dual Wield","Sentinel"],"picked":"Havoc","floor":8},{"not_picked":["Fire Breathing","Bloodletting"],"picked":"Burning Pact","floor":11},{"not_picked":["Armaments","Heavy Blade","Thunderclap"],"picked":"SKIP","floor":12},{"not_picked":["Uppercut","Entrench"],"picked":"Battle Trance","floor":14}],"player_experience":346751,"relics_obtained":[{"floor":7,"key":"Odd Mushroom"},{"floor":8,"key":"Sundial"},{"floor":9,"key":"The Courier"},{"floor":14,"key":"Tiny Chest"}],"event_choices":[{"damage_healed":0,"gold_gain":175,"player_choice":"AGREE","damage_taken":0,"max_hp_gain":0,"max_hp_loss":0,"event_name":"Liars Game","floor":2,"gold_loss":0,"cards_obtained":["Doubt"]},{"damage_healed":0,"gold_gain":0,"player_choice":"Fought Mushrooms","damage_taken":0,"max_hp_gain":0,"max_hp_loss":0,"event_name":"Mushrooms","floor":7,"gold_loss":0}],"is_beta":false,"boss_relics":[],"items_purged_floors":[3],"is_endless":false,"potions_floor_spawned":[4,5,7,12,14],"killed_by":"Hexaghost","ascension_level":1}