{"gold_per_floor":[112,112,124,124,23,54,54,129,129,129,62,135,178,211,223,366,378,379,410,422,457,469,481,493],"floor_reached":24,"playtime":608,"items_purged":[],"score":283,"play_id":"9743b937-f72f-425d-9929-e046fdb55ee4","local_time":"20190405181525","is_ascension_mode":true,"campfire_choices":[{"data":"Pommel Strike","floor":7,"key":"SMITH"},{"data":"Inflame","floor":15,"key":"SMITH"},{"floor":23,"key":"REST"}],"neow_cost":"NONE","seed_source_timestamp":1706214236541388,"circlet_count":0,"master_deck":["Strike_R","Strike_R","Strike_R","Strike_R","Strike_R","Defend_R","Defend_R","Defend_R","Defend_R","Bash","Shrug It Off+1","Perfected Strike","Flame Barrier","Headbutt","Pommel Strike+1","Combust","Inflame+1","Hemokinesis+1","Feed+1","Armaments+1","Brutality","Thunderclap+1"],"relics":["Burning Blood","Potion Belt","Golden Idol","Du-Vu Doll","Toxic Egg 2","Molten Egg 2","MawBank","Black Star"],"potions_floor_usage":[21,21,24],"damage_taken":[{"damage":14,"enemies":"2 Louse","floor":1,"turns":4},{"damage":0,"enemies":"Cultist","floor":3,"turns":4},{"damage":25,"enemies":"3 Sentries","floor":6,"turns":10},{"damage":33,"enemies":"Lagavulin","floor":13,"turns":5},{"damage":9,"enemies":"Small Slimes","floor":14,"turns":3},{"damage":14,"enemies":"Slime Boss","floor":16,"turns":7},{"damage":30,"enemies":"2 Thieves","floor":18,"turns":5},{"damage":4,"enemies":"Spheric Guardian","floor":19,"turns":3},{"damage":28,"enemies":"3 Cultists","floor":21,"turns":5},{"damage":77,"enemies":"Book of Stabbing","floor":24,"turns":5}],"seed_played":"8046730874611548880","potions_obtained":[{"floor":1,"key":"FairyPotion"},{"floor":14,"key":"Weak Potion"},{"floor":18,"key":"Explosive Potion"},{"floor":19,"key":"BloodPotion"}],"is_trial":false,"path_per_floor":["M","?","M","?","$","E","R","?","T","?","$","T","E","M","R","B",null,"M","M","?","M","$","R","E"],"character_chosen":"IRONCLAD","items_purchased":["Flame Barrier","Headbutt","Combust"],"campfire_rested":1,"item_purchase_floors":[5,5,11],"current_hp_per_floor":[64,64,70,70,70,51,51,40,40,64,64,64,37,34,34,26,62,38,44,44,33,33,57,0],"gold":493,"neow_bonus":"RANDOM_COMMON_RELIC","is_prod":false,"is_daily":false,"chose_seed":false,"campfire_upgraded":2,"win_rate":0,"timestamp":1554506125,"path_taken":["M","?","?","?","$","E","R","?","T","?","?","?","E","M","R","BOSS","M","M","?","M","$","R","E"],"build_version":"2019-01-23","purchased_purges":0,"victory":false,"max_hp_per_floor":[80,80,80,74,74,74,74,74,74,74,74,74,74,74,74,74,74,74,78,78,82,82,82,82],"card_choices":[{"not_picked":["Blood for Blood","Havoc"],"picked":"Shrug It Off","floor":1},{"not_picked":["Shockwave","Warcry"],"picked":"Perfected Strike","floor":3},{"not_picked":["Hemokinesis","Searing Blow"],"picked":"Pommel Strike","floor":6},{"not_picked":["Thunderclap+1","Burning Pact+1"],"picked":"Inflame","floor":13},{"not_picked":["Wild Strike+1","Body Slam+1"],"picked":"Hemokinesis+1","floor":14},{"not_picked":["Demon Form","Offering+1"],"picked":"Feed+1","floor":16},{"not_picked":["Sword Boomerang+1","Perfected Strike+1"],"picked":"Armaments+1","floor":18},{"not_picked":["Havoc+1","Dropkick+1"],"picked":"Brutality","floor":19},{"not_picked":["Dual Wield+1","Searing Blow+1"],"picked":"Thunderclap+1","floor":21}],"player_experience":285348,"relics_obtained":[{"floor":6,"key":"Du-Vu Doll"},{"floor":9,"key":"Toxic Egg 2"},{"floor":12,"key":"Molten Egg 2"},{"floor":13,"key":"MawBank"}],"event_choices":[{"damage_healed":0,"gold_gain":0,"player_choice":"Forge","damage_taken":0,"max_hp_gain":0,"max_hp_loss":0,"event_name":"Accursed Blacksmith","floor":2,"gold_loss":0,"cards_upgraded":["Shrug It Off"]},{"damage_healed":0,"gold_gain":0,"player_choice":"Lose Max HP","damage_taken":0,"relics_obtained":["Golden Idol"],"max_hp_gain":0,"max_hp_loss":6,"event_name":"Golden Idol","floor":4,"gold_loss":0},{"damage_healed":0,"gold_gain":75,"player_choice":"Gather Gold","damage_taken":11,"max_hp_gain":0,"max_hp_loss":0,"event_name":"World of Goop","floor":8,"gold_loss":0},{"damage_healed":24,"gold_gain":0,"player_choice":"Banana","damage_taken":0,"max_hp_gain":0,"max_hp_loss":0,"event_name":"Big Fish","floor":10,"gold_loss":0},{"damage_healed":0,"gold_gain":0,"player_choice":"Ignored","damage_taken":0,"max_hp_gain":0,"max_hp_loss":0,"event_name":"Ghosts","floor":20,"gold_loss":0}],"is_beta":false,"boss_relics":[{"not_picked":["Orrery","Philosopher\u0027s Stone"],"picked":"Black Star"}],"items_purged_floors":[],"is_endless":false,"potions_floor_spawned":[1,14,18,19],"killed_by":"Book of Stabbing","ascension_level":8}