{"gold_per_floor":[115,115,13,31,50,78,78,109,135,135,135,135,151,161,161,161],"floor_reached":16,"playtime":365,"items_purged":[],"score":220,"play_id":"376292e6-e05b-428c-bea2-f89da819f825","local_time":"20190524024804","is_ascension_mode":true,"campfire_choices":[{"data":"Chill","floor":7,"key":"SMITH"},{"data":"Zap","floor":12,"key":"SMITH"},{"data":"Core Surge","floor":15,"key":"SMITH"}],"neow_cost":"NONE","seed_source_timestamp":247467954821778,"circlet_count":0,"master_deck":["AscendersBane","Strike_B","Strike_B","Strike_B","Defend_B","Defend_B","Defend_B","Defend_B","Zap+1","Dualcast","Rebound","Zap+1","Core Surge+1","Doom and Gloom","Steam+1","Sweeping Beam","Chill+1","Leap","Undo"],"relics":["Cracked Core","NeowsBlessing","Omamori","War Paint","DataDisk"],"potions_floor_usage":[8,16],"damage_taken":[{"damage":0,"enemies":"Cultist","floor":1,"turns":1},{"damage":0,"enemies":"Jaw Worm","floor":4,"turns":1},{"damage":0,"enemies":"Small Slimes","floor":5,"turns":1},{"damage":20,"enemies":"Lagavulin","floor":6,"turns":7},{"damage":4,"enemies":"3 Sentries","floor":8,"turns":3},{"damage":11,"enemies":"Exordium Thugs","floor":13,"turns":4},{"damage":6,"enemies":"Large Slime","floor":14,"turns":4},{"damage":28,"enemies":"Hexaghost","floor":16,"turns":9}],"seed_played":"-7482644176995834791","potions_obtained":[{"floor":5,"key":"SneckoOil"},{"floor":6,"key":"PowerPotion"},{"floor":8,"key":"Poison Potion"},{"floor":14,"key":"Dexterity Potion"}],"is_trial":false,"path_per_floor":["M","?","$","M","M","E","R","E","T","?","?","R","M","M","R","B"],"character_chosen":"DEFECT","items_purchased":["Doom and Gloom","Steam"],"campfire_rested":0,"item_purchase_floors":[3,3],"current_hp_per_floor":[64,64,64,64,64,44,44,40,40,40,40,40,29,23,23,0],"gold":161,"neow_bonus":"THREE_ENEMY_KILL","is_prod":false,"is_daily":false,"chose_seed":false,"campfire_upgraded":3,"win_rate":0,"timestamp":1558684084,"path_taken":["M","?","$","?","M","E","R","E","T","?","?","R","M","M","R","BOSS"],"build_version":"2019-01-23","purchased_purges":0,"victory":false,"max_hp_per_floor":[71,71,71,71,71,71,71,71,71,71,71,71,71,71,71,71],"card_choices":[{"not_picked":["Go for the Eyes","Redo"],"picked":"Rebound","floor":1},{"not_picked":["Compile Driver","Barrage"],"picked":"Sweeping Beam","floor":4},{"not_picked":["Sweeping Beam","Auto Shields"],"picked":"Chill","floor":5},{"not_picked":["Redo","Sweeping Beam","Go for the Eyes"],"picked":"SKIP","floor":6},{"not_picked":["Rip and Tear","Creative AI"],"picked":"Leap","floor":8},{"not_picked":["Compile Driver","Double Energy","Gash"],"picked":"SKIP","floor":13},{"not_picked":["Compile Driver","Heatsinks"],"picked":"Undo","floor":14}],"player_experience":458289,"relics_obtained":[{"floor":6,"key":"Omamori"},{"floor":8,"key":"War Paint"},{"floor":9,"key":"DataDisk"}],"event_choices":[{"damage_healed":0,"gold_gain":0,"player_choice":"2 cards matched","damage_taken":0,"max_hp_gain":0,"max_hp_loss":0,"event_name":"Match and Keep!","floor":2,"gold_loss":0,"cards_obtained":["Zap","Core Surge"]},{"damage_healed":0,"gold_gain":0,"player_choice":"Ignored","damage_taken":0,"max_hp_gain":0,"max_hp_loss":0,"event_name":"Liars Game","floor":10,"gold_loss":0},{"cards_removed":["Strike_B"],"damage_healed":0,"gold_gain":0,"player_choice":"Offered Basic","damage_taken":0,"max_hp_gain":0,"max_hp_loss":0,"event_name":"Bonfire Elementals","floor":11,"gold_loss":0}],"is_beta":false,"boss_relics":[],"items_purged_floors":[],"is_endless":false,"potions_floor_spawned":[5,6,8,14],"killed_by":"Hexaghost","ascension_level":20}