{"gold_per_floor":[113,10,160,171,45,45,64,75,75,75,109,109,128,163,163,163],"floor_reached":16,"playtime":657,"items_purged":["Doubt"],"score":215,"play_id":"f5b37817-0dea-4938-ac5e-69fd645c049a","local_time":"20190523192159","is_ascension_mode":true,"campfire_choices":[{"data":"Deadly Poison","floor":6.0,"key":"SMITH"},{"floor":12.0,"key":"REST"},{"floor":15.0,"key":"REST"}],"neow_cost":"NONE","seed_source_timestamp":220289291584272,"circlet_count":0,"master_deck":["AscendersBane","Defend_G","Defend_G","Defend_G","Defend_G","Defend_G","Strike_G+1","Strike_G","Strike_G","Strike_G","Strike_G","Survivor","Neutralize","Dagger Throw","Leg Sweep","Well Laid Plans","Cloak And Dagger","Deadly Poison+1","Dagger Spray","Blur","Dodge and Roll","Parasite","Tools of the Trade","Quick Slash+1","Bouncing Flask"],"special_seed":0,"relics":["Ring of the Snake","Bottled Lightning","WingedGreaves","Whetstone"],"potions_floor_usage":[],"damage_taken":[{"damage":1.0,"enemies":"Cultist","floor":1.0,"turns":4.0},{"damage":0.0,"enemies":"2 Louse","floor":4.0,"turns":2.0},{"damage":2.0,"enemies":"Jaw Worm","floor":7.0,"turns":4.0},{"damage":18.0,"enemies":"Lots of Slimes","floor":8.0,"turns":4.0},{"damage":12.0,"enemies":"3 Sentries","floor":11.0,"turns":9.0},{"damage":24.0,"enemies":"Gremlin Gang","floor":13.0,"turns":10.0},{"damage":18.0,"enemies":"Lagavulin","floor":14.0,"turns":9.0},{"damage":53,"enemies":"Slime Boss","floor":16,"turns":8}],"seed_played":"-8938597698330009144","potions_obtained":[{"floor":1.0,"key":"Strength Potion"},{"floor":13.0,"key":"Dexterity Potion"}],"is_trial":false,"path_per_floor":["M","$","?","M","$","R","M","M","T","?","E","R","M","E","R","B"],"character_chosen":"THE_SILENT","items_purchased":["Well Laid Plans","Cloak And Dagger","Dagger Spray"],"campfire_rested":2,"item_purchase_floors":[2,2,5],"current_hp_per_floor":[58,58,58,58,58,58,56,38,38,54,42,61,37,19,38,0],"gold":163,"neow_bonus":"THREE_CARDS","is_prod":false,"is_daily":false,"chose_seed":false,"campfire_upgraded":1,"win_rate":0,"timestamp":1558657319,"path_taken":["M","?","?","M","$","R","M","M","T","?","E","R","M","E","R","BOSS"],"build_version":"2019-01-23","purchased_purges":1,"victory":false,"max_hp_per_floor":[66,66,66,66,66,66,66,66,66,66,66,66,66,66,66,66],"card_choices":[{"not_picked":["Reflex","Bane"],"picked":"Dagger Throw","floor":0.0},{"not_picked":["Underhanded Strike","Deflect"],"picked":"Leg Sweep","floor":1.0},{"not_picked":["PiercingWail","Choke"],"picked":"Deadly Poison","floor":4.0},{"not_picked":["Dodge and Roll","Underhanded Strike"],"picked":"Blur","floor":7.0},{"not_picked":["Expertise","Slice"],"picked":"Dodge and Roll","floor":8.0},{"not_picked":["Flying Knee","Slice"],"picked":"Tools of the Trade","floor":11.0},{"not_picked":["Concentrate","Blade Dance"],"picked":"Quick Slash","floor":13.0},{"not_picked":["Eviscerate","Dash"],"picked":"Bouncing Flask","floor":14.0}],"player_experience":452545,"relics_obtained":[{"floor":9.0,"key":"Bottled Lightning"},{"floor":11.0,"key":"WingedGreaves"},{"floor":14.0,"key":"Whetstone"}],"event_choices":[{"damage_healed":0.0,"max_hp_gain":0.0,"max_hp_loss":0.0,"gold_gain":150.0,"event_name":"Liars Game","player_choice":"AGREE","floor":3.0,"gold_loss":0.0,"damage_taken":0.0,"cards_obtained":["Doubt"]},{"damage_healed":16.0,"max_hp_gain":0.0,"max_hp_loss":0.0,"gold_gain":0.0,"event_name":"Mushrooms","player_choice":"Healed and dodged fight","floor":10.0,"gold_loss":0.0,"damage_taken":0.0,"cards_obtained":["Parasite"]}],"is_beta":false,"boss_relics":[],"items_purged_floors":[5],"is_endless":false,"potions_floor_spawned":[1,13],"killed_by":"Slime Boss","ascension_level":19}