{"gold_per_floor":[117,117,117,136,136,136,101,115,142,156,33,52,66,87,87,218,218,242,242,142,182,202,202,246,270,270,295,295,308,308,22,22,150,150,171,171,296,320,333,333,333,354,354,370,370,192,162,177,177,177],"floor_reached":51,"playtime":816,"items_purged":["Defend_R","Defend_R","Strike_R","Strike_R"],"score":707,"play_id":"912a21ce-98d6-49c1-95bf-f7aaf426ef59","local_time":"20190525170123","is_ascension_mode":false,"campfire_choices":[{"data":"Thunderclap","floor":6,"key":"SMITH"},{"data":"Flex","floor":15,"key":"SMITH"},{"data":"Twin Strike","floor":23,"key":"SMITH"},{"floor":30,"key":"REST"},{"data":"Inflame","floor":32,"key":"SMITH"},{"data":"Heavy Blade","floor":40,"key":"SMITH"},{"data":"Sword Boomerang","floor":45,"key":"SMITH"},{"data":"Pommel Strike","floor":49,"key":"SMITH"}],"neow_cost":"NONE","seed_source_timestamp":384603276826755,"circlet_count":0,"master_deck":["Strike_R","Strike_R","Strike_R","Clash","Thunderclap+1","Twin Strike+1","Flex+1","Reaper","Heavy Blade+1","Inflame+1","Spot Weakness","Headbutt","Impervious","Sword Boomerang+1","Pommel Strike+1","Battle Trance","Dark Shackles","Pummel","Heavy Blade+1"],"relics":["Burning Blood","Golden Idol","Red Skull","Runic Dome","Red Mask","Regal Pillow","The Courier","Centennial Puzzle","Brimstone","Runic Pyramid","Prayer Wheel","Omamori","Potion Belt"],"potions_floor_usage":[24,50,50,50,50,50],"damage_taken":[{"damage":17,"enemies":"Small Slimes","floor":1,"turns":3},{"damage":8,"enemies":"Jaw Worm","floor":4,"turns":3},{"damage":0,"enemies":"Cultist","floor":8,"turns":2},{"damage":10,"enemies":"Looter","floor":10,"turns":2},{"damage":13,"enemies":"2 Fungi Beasts","floor":12,"turns":3},{"damage":5,"enemies":"3 Louse","floor":13,"turns":2},{"damage":6,"enemies":"Exordium Thugs","floor":14,"turns":3},{"damage":46,"enemies":"The Guardian","floor":16,"turns":7},{"damage":25,"enemies":"2 Thieves","floor":18,"turns":3},{"damage":20,"enemies":"Masked Bandits","floor":21,"turns":3},{"damage":10,"enemies":"Spheric Guardian","floor":22,"turns":3},{"damage":28,"enemies":"Slavers","floor":24,"turns":4},{"damage":26,"enemies":"Shelled Parasite and Fungi","floor":25,"turns":3},{"damage":10,"enemies":"Sentry and Sphere","floor":29,"turns":3},{"damage":37,"enemies":"Automaton","floor":33,"turns":4},{"damage":12,"enemies":"Orb Walker","floor":35,"turns":2},{"damage":63,"enemies":"Mind Bloom Boss Battle","floor":37,"turns":4},{"damage":11,"enemies":"3 Darklings","floor":39,"turns":4},{"damage":27,"enemies":"Writhing Mass","floor":42,"turns":3},{"damage":37,"enemies":"Sphere and 2 Shapes","floor":44,"turns":4},{"damage":4,"enemies":"Spire Growth","floor":48,"turns":3},{"damage":61,"enemies":"Awakened One","floor":50,"turns":5}],"seed_played":"-618214544008012706","potions_obtained":[{"floor":1,"key":"GamblersBrew"},{"floor":8,"key":"Dexterity Potion"},{"floor":10,"key":"Swift Potion"},{"floor":29,"key":"SteroidPotion"},{"floor":37,"key":"Strength Potion"},{"floor":47,"key":"AttackPotion"},{"floor":47,"key":"Strength Potion"},{"floor":48,"key":"SteroidPotion"}],"is_trial":false,"path_per_floor":["M","?","?","M","?","R","?","M","T","M","$","M","M","M","R","B",null,"M","?","$","?","M","R","E","M","T","T","?","M","R","$","R","B",null,"M","?","?","T","M","R","?","M","T","M","R","$","?","M","R","B",null],"character_chosen":"IRONCLAD","items_purchased":["Twin Strike","Brimstone","Headbutt","Pummel"],"campfire_rested":1,"item_purchase_floors":[11,31,31,46],"current_hp_per_floor":[69,62,62,60,60,60,74,74,74,70,70,63,64,64,64,24,74,64,64,64,50,50,50,35,28,28,28,28,33,70,70,70,39,74,74,74,51,51,69,69,69,56,56,61,61,61,61,74,74,41],"gold":177,"neow_bonus":"UPGRADE_CARD","is_prod":false,"is_daily":false,"chose_seed":false,"campfire_upgraded":7,"win_rate":0,"timestamp":1558821683,"path_taken":["M","?","?","?","?","R","?","M","T","M","$","M","M","M","R","BOSS","M","?","$","?","M","R","E","?","T","?","?","M","R","$","R","BOSS","M","?","?","?","?","R","?","M","T","M","R","?","?","M","R","BOSS"],"build_version":"2019-01-23","purchased_purges":4,"victory":true,"max_hp_per_floor":[80,80,80,80,74,74,74,74,74,74,74,74,74,74,74,74,74,74,74,74,74,74,74,74,74,74,74,74,74,74,74,74,74,74,74,74,74,74,74,74,74,74,74,74,74,74,74,74,74,74],"card_choices":[{"not_picked":["Combust","True Grit"],"picked":"Clash","floor":1},{"not_picked":["Clothesline","Havoc"],"picked":"Thunderclap","floor":4},{"not_picked":["Shrug It Off","Sever Soul","Bloodletting"],"picked":"SKIP","floor":8},{"not_picked":["Rage","True Grit","Flame Barrier"],"picked":"SKIP","floor":10},{"not_picked":["Havoc","Twin Strike"],"picked":"Flex","floor":12},{"not_picked":["Searing Blow","Dual Wield","Power Through"],"picked":"SKIP","floor":13},{"not_picked":["Warcry","Armaments","Anger"],"picked":"SKIP","floor":14},{"not_picked":["Feed","Fiend Fire"],"picked":"Reaper","floor":16},{"not_picked":["Anger+1","Clothesline"],"picked":"Heavy Blade","floor":18},{"not_picked":["Twin Strike","Body Slam+1","Rage+1"],"picked":"SKIP","floor":22},{"not_picked":["Havoc","Bloodletting"],"picked":"Inflame","floor":24},{"not_picked":["Uppercut","Sentinel","Searing Blow"],"picked":"SKIP","floor":25},{"not_picked":["Battle Trance","Ghostly Armor"],"picked":"Spot Weakness","floor":29},{"not_picked":["Demon Form","Feed"],"picked":"Impervious","floor":33},{"not_picked":["Searing Blow+1","Bloodletting+1"],"picked":"Sword Boomerang","floor":35},{"not_picked":["Ghostly Armor+1","Armaments"],"picked":"Pommel Strike","floor":37},{"not_picked":["Intimidate+1","Clothesline+1"],"picked":"Battle Trance","floor":39},{"not_picked":["Anger","Intimidate+1","Shrug It Off"],"picked":"SKIP","floor":39},{"not_picked":["Blind","Jack Of All Trades"],"picked":"Dark Shackles","floor":41},{"not_picked":["Blood for Blood+1","Headbutt+1","Warcry"],"picked":"SKIP","floor":42},{"not_picked":["Juggernaut","Second Wind+1","Entrench"],"picked":"SKIP","floor":42},{"not_picked":["Anger+1","Warcry","Cleave+1"],"picked":"SKIP","floor":44},{"not_picked":["Evolve+1","Warcry","Feel No Pain"],"picked":"SKIP","floor":44},{"not_picked":["Evolve","Twin Strike+1"],"picked":"Heavy Blade+1","floor":48},{"not_picked":["Havoc+1","Wild Strike+1","Uppercut+1"],"picked":"SKIP","floor":48}],"player_experience":463472,"relics_obtained":[{"floor":9,"key":"Red Skull"},{"floor":21,"key":"Red Mask"},{"floor":24,"key":"Regal Pillow"},{"floor":26,"key":"The Courier"},{"floor":27,"key":"Centennial Puzzle"},{"floor":37,"key":"Prayer Wheel"},{"floor":38,"key":"Omamori"},{"floor":43,"key":"Potion Belt"}],"event_choices":[{"damage_healed":0,"gold_gain":0,"player_choice":"Fled","damage_taken":7,"max_hp_gain":0,"max_hp_loss":0,"event_name":"Scrap Ooze","floor":2,"gold_loss":0},{"cards_removed":["Defend_R"],"damage_healed":0,"gold_gain":0,"player_choice":"Offered Basic","damage_taken":0,"max_hp_gain":0,"max_hp_loss":0,"event_name":"Bonfire Elementals","floor":3,"gold_loss":0},{"damage_healed":0,"gold_gain":0,"player_choice":"Lose Max HP","damage_taken":0,"relics_obtained":["Golden Idol"],"max_hp_gain":0,"max_hp_loss":6,"event_name":"Golden Idol","floor":5,"gold_loss":0},{"damage_healed":18,"gold_gain":0,"player_choice":"Healed","damage_taken":0,"max_hp_gain":0,"max_hp_loss":0,"event_name":"The Cleric","floor":7,"gold_loss":35},{"cards_removed":["Defend_R"],"damage_healed":0,"gold_gain":0,"player_choice":"Elegance","damage_taken":0,"max_hp_gain":0,"max_hp_loss":0,"event_name":"Back to Basics","floor":19,"gold_loss":0},{"damage_healed":0,"gold_gain":0,"player_choice":"Fought Bandits","damage_taken":0,"max_hp_gain":0,"max_hp_loss":0,"event_name":"Masked Bandits","floor":21,"gold_loss":0},{"damage_healed":0,"gold_gain":0,"player_choice":"Ignored","damage_taken":0,"max_hp_gain":0,"max_hp_loss":0,"event_name":"Ghosts","floor":28,"gold_loss":0},{"cards_removed":["Bash"],"damage_healed":0,"gold_gain":0,"player_choice":"Removed Attack","damage_taken":0,"max_hp_gain":0,"max_hp_loss":0,"event_name":"Falling","floor":36,"gold_loss":0},{"damage_healed":0,"gold_gain":0,"player_choice":"Fight","damage_taken":0,"max_hp_gain":0,"max_hp_loss":0,"event_name":"MindBloom","floor":37,"gold_loss":0},{"damage_healed":0,"gold_gain":0,"player_choice":"Memory 1","damage_taken":0,"max_hp_gain":0,"max_hp_loss":0,"event_name":"SensoryStone","floor":41,"gold_loss":0},{"damage_healed":0,"gold_gain":0,"player_choice":"Bought 2 Potions","damage_taken":0,"max_hp_gain":0,"max_hp_loss":0,"event_name":"The Woman in Blue","floor":47,"gold_loss":0}],"is_beta":false,"boss_relics":[{"not_picked":["Ectoplasm","Black Blood"],"picked":"Runic Dome"},{"not_picked":["Runic Cube","Snecko Eye"],"picked":"Runic Pyramid"}],"items_purged_floors":[11,20,31,46],"is_endless":false,"potions_floor_spawned":[1,8,10,18,22,29,37,42,48],"ascension_level":0}