{"gold_per_floor":[118,138,138,154,154,184,200,200,250,266,281,309,374,374,374,475,475,490,565,440,454,133,166,166,166,166,183,183,211,211,224,224,224],"floor_reached":33,"playtime":1675,"items_purged":["Defend_R","Defend_R"],"score":295,"play_id":"22bbfcac-9fe5-4803-add8-7f6775211f4e","local_time":"20190211013852","is_ascension_mode":false,"campfire_choices":[{"data":"Flex","floor":8,"key":"SMITH"},{"data":"Dual Wield","floor":15,"key":"SMITH"},{"floor":24,"key":"REST"},{"floor":28,"key":"REST"},{"floor":30,"key":"REST"},{"data":"Dual Wield","floor":32,"key":"SMITH"}],"neow_cost":"NONE","seed_source_timestamp":0,"circlet_count":0,"master_deck":["Strike_R","Strike_R","Strike_R","Strike_R","Strike_R","Dramatic Entrance","Anger+1","Dual Wield+1","Flex+1","Dual Wield+1","Cleave","Intimidate","Battle Trance","Armaments","Shrug It Off","Spot Weakness","Evolve","Inflame","Sword Boomerang+1","Perfected Strike+1"],"special_seed":0,"relics":["Burning Blood","Bottled Lightning","Vajra","Bag of Preparation","Ornamental Fan","Empty Cage","Juzu Bracelet","Gambling Chip","Omamori","Letter Opener"],"potions_floor_usage":[16,23,27,29,33],"damage_taken":[{"damage":0.0,"enemies":"Small Slimes","floor":1.0,"turns":3.0},{"damage":1.0,"enemies":"Cultist","floor":2.0,"turns":3.0},{"damage":5.0,"enemies":"2 Louse","floor":4.0,"turns":2.0},{"damage":21.0,"enemies":"3 Sentries","floor":6.0,"turns":6.0},{"damage":4.0,"enemies":"Blue Slaver","floor":7.0,"turns":3.0},{"damage":0,"enemies":"3 Louse","floor":10,"turns":2},{"damage":14,"enemies":"Exordium Thugs","floor":11,"turns":4},{"damage":28,"enemies":"Gremlin Nob","floor":12,"turns":4},{"damage":9,"enemies":"3 Sentries","floor":13,"turns":4},{"damage":21,"enemies":"Slime Boss","floor":16,"turns":11},{"damage":7,"enemies":"Chosen","floor":18,"turns":4},{"damage":0,"enemies":"Spheric Guardian","floor":21,"turns":2},{"damage":80,"enemies":"Book of Stabbing","floor":23,"turns":6},{"damage":14,"enemies":"Snecko","floor":27,"turns":4},{"damage":27,"enemies":"Slavers","floor":29,"turns":4},{"damage":10,"enemies":"Centurion and Healer","floor":31,"turns":4},{"damage":20,"enemies":"Automaton","floor":33,"turns":6}],"seed_played":"1495988754635079503","potions_obtained":[{"floor":2.0,"key":"FearPotion"},{"floor":4.0,"key":"Swift Potion"},{"floor":16,"key":"BloodPotion"},{"floor":21,"key":"Energy Potion"},{"floor":23,"key":"LiquidBronze"},{"floor":27,"key":"Dexterity Potion"}],"is_trial":false,"path_per_floor":["M","M","?","M","?","E","M","R","T","M","M","E","?","?","R","B",null,"M","?","$","M","$","E","R","?","T","M","R","E","R","M","R","B"],"character_chosen":"IRONCLAD","items_purchased":["Armaments","Juzu Bracelet","Spot Weakness"],"campfire_rested":3,"item_purchase_floors":[20,22,22],"current_hp_per_floor":[80,80,80,80,80,65,67,67,67,73,65,43,40,66,66,51,80,79,71,71,77,77,11,35,35,35,27,51,30,54,50,50,30],"gold":224,"neow_bonus":"RANDOM_COLORLESS","is_prod":false,"is_daily":false,"chose_seed":false,"campfire_upgraded":3,"win_rate":0.0,"timestamp":1549870732,"path_taken":["M","M","?","?","?","E","M","R","T","M","M","E","?","?","R","BOSS","M","?","?","M","$","E","R","?","T","M","R","E","R","M","R","BOSS"],"build_version":"2019-01-23","purchased_purges":2,"victory":false,"max_hp_per_floor":[80,80,80,80,80,80,80,80,80,80,80,80,80,80,80,80,80,80,80,80,80,80,80,80,80,80,80,80,80,80,80,80,80],"card_choices":[{"not_picked":["True Grit","Clash"],"picked":"Anger","floor":1.0},{"not_picked":["Thunderclap","Body Slam","Clothesline"],"picked":"SKIP","floor":2.0},{"not_picked":["Iron Wave","Flame Barrier"],"picked":"Dual Wield","floor":4.0},{"not_picked":["Feel No Pain","Metallicize","Infernal Blade"],"picked":"SKIP","floor":6.0},{"not_picked":["Second Wind","Headbutt"],"picked":"Flex","floor":7},{"not_picked":["Clothesline","Whirlwind"],"picked":"Dual Wield","floor":10},{"not_picked":["Rupture","Battle Trance"],"picked":"Cleave","floor":11},{"not_picked":["Ghostly Armor","Havoc","Dark Embrace"],"picked":"SKIP","floor":12},{"not_picked":["Iron Wave","Burning Pact"],"picked":"Intimidate","floor":13},{"not_picked":["Limit Break","Exhume"],"picked":"Reaper","floor":16},{"not_picked":["Heavy Blade","Spot Weakness"],"picked":"Battle Trance","floor":18},{"not_picked":["Thunderclap+1","Shockwave"],"picked":"Shrug It Off","floor":21},{"not_picked":["Juggernaut","Dual Wield","True Grit"],"picked":"SKIP","floor":23},{"not_picked":["Infernal Blade","Thunderclap"],"picked":"Inflame","floor":27},{"not_picked":["True Grit","Havoc+1"],"picked":"Sword Boomerang+1","floor":29},{"not_picked":["Clothesline","Dark Embrace"],"picked":"Perfected Strike+1","floor":31}],"player_experience":38058,"relics_obtained":[{"floor":6.0,"key":"Bottled Lightning"},{"floor":9,"key":"Vajra"},{"floor":12,"key":"Bag of Preparation"},{"floor":23,"key":"Gambling Chip"},{"floor":26,"key":"Omamori"},{"floor":29,"key":"Letter Opener"}],"event_choices":[{"damage_healed":0.0,"max_hp_gain":0.0,"max_hp_loss":0.0,"gold_gain":0.0,"event_name":"Upgrade Shrine","player_choice":"Upgraded","floor":3.0,"gold_loss":0.0,"damage_taken":0.0,"cards_upgraded":["Anger"]},{"cards_removed":["Bash"],"damage_healed":0.0,"max_hp_gain":0.0,"max_hp_loss":0.0,"gold_gain":0.0,"event_name":"Living Wall","player_choice":"Forget","floor":5.0,"gold_loss":0.0,"damage_taken":0.0},{"damage_healed":0,"gold_gain":0,"player_choice":"Searched \u00272\u0027 times","damage_taken":0,"relics_obtained":["Ornamental Fan"],"max_hp_gain":0,"max_hp_loss":0,"event_name":"Dead Adventurer","floor":13,"gold_loss":0},{"damage_healed":26,"gold_gain":0,"player_choice":"Banana","damage_taken":0,"max_hp_gain":0,"max_hp_loss":0,"event_name":"Big Fish","floor":14,"gold_loss":0},{"damage_healed":0,"gold_gain":75,"player_choice":"Touch","damage_taken":8,"max_hp_gain":0,"max_hp_loss":0,"event_name":"FaceTrader","floor":19,"gold_loss":0},{"damage_healed":0,"gold_gain":0,"cards_transformed":["Reaper"],"player_choice":"Transformed","damage_taken":0,"max_hp_gain":0,"max_hp_loss":0,"event_name":"Transmorgrifier","floor":25,"gold_loss":0,"cards_obtained":["Evolve"]}],"is_beta":false,"boss_relics":[{"not_picked":["Ectoplasm","White Beast Statue"],"picked":"Empty Cage"}],"items_purged_floors":[20,22],"is_endless":false,"potions_floor_spawned":[2,4,7,16,21,23,27],"killed_by":"Automaton","ascension_level":0}