{"gold_per_floor":[112,89,102,112,123,123,135,135,161,186,186,186,220,173,173,269,269,287,239,239,253,267,267,283,296,296,296,95,130,146,157,157,254,254,268,285,251,269,279,304,321,340,364,64,80,80,95,95,95,95],"floor_reached":50,"playtime":2249,"items_purged":[],"score":585,"play_id":"936781a4-ace7-4657-9dcb-12020d78f78a","local_time":"20190206235249","is_ascension_mode":false,"campfire_choices":[{"data":"Flex","floor":6,"key":"SMITH"},{"data":"Perfected Strike","floor":12,"key":"SMITH"},{"data":"Perfected Strike","floor":15,"key":"SMITH"},{"floor":23,"key":"REST"},{"floor":27,"key":"REST"},{"floor":32,"key":"REST"},{"floor":46,"key":"REST"},{"floor":49,"key":"REST"}],"neow_cost":"NONE","seed_source_timestamp":370252792325044,"circlet_count":0,"master_deck":["Strike_R","Strike_R","Strike_R","Strike_R","Strike_R","Defend_R","Defend_R","Defend_R","Defend_R","Bash+1","Flex","Twin Strike+1","Flex+1","Perfected Strike+1","Cleave","Flash of Steel","Pommel Strike","Perfected Strike+1","Double Tap","Bloodletting","Pommel Strike","Headbutt","Thunderclap+1","Twin Strike+1","Double Tap","Twin Strike+1","Shockwave","Perfected Strike+1","Rampage+1","Perfected Strike+1","Pommel Strike+1"],"relics":["Burning Blood","Vajra","Ancient Tea Set","Red Skull","Whetstone","Fusion Hammer","Molten Egg 2","Frozen Eye","Bottled Flame","Runic Cube","Pen Nib","Lantern","Meat on the Bone"],"potions_floor_usage":[13,24,29,33,40,50,50],"damage_taken":[{"damage":1,"enemies":"Cultist","floor":1,"turns":3},{"damage":5,"enemies":"2 Louse","floor":3,"turns":2},{"damage":6,"enemies":"Jaw Worm","floor":4,"turns":3},{"damage":7,"enemies":"3 Louse","floor":5,"turns":4},{"damage":11,"enemies":"Exordium Wildlife","floor":7,"turns":3},{"damage":6,"enemies":"Gremlin Nob","floor":10,"turns":3},{"damage":4,"enemies":"3 Sentries","floor":13,"turns":4},{"damage":7,"enemies":"Slime Boss","floor":16,"turns":6},{"damage":10,"enemies":"2 Thieves","floor":18,"turns":2},{"damage":0,"enemies":"Shell Parasite","floor":21,"turns":2},{"damage":18,"enemies":"Snake Plant","floor":22,"turns":3},{"damage":6,"enemies":"3 Cultists","floor":24,"turns":3},{"damage":37,"enemies":"Centurion and Healer","floor":25,"turns":5},{"damage":0,"enemies":"Gremlin Leader","floor":29,"turns":3},{"damage":18,"enemies":"Snake Plant","floor":30,"turns":3},{"damage":0,"enemies":"Sentry and Sphere","floor":31,"turns":2},{"damage":78,"enemies":"Champ","floor":33,"turns":9},{"damage":30,"enemies":"3 Darklings","floor":35,"turns":4},{"damage":2,"enemies":"Orb Walker","floor":36,"turns":2},{"damage":14,"enemies":"Jaw Worm Horde","floor":38,"turns":3},{"damage":22,"enemies":"Spire Growth","floor":39,"turns":3},{"damage":17,"enemies":"Giant Head","floor":40,"turns":5},{"damage":32,"enemies":"4 Shapes","floor":41,"turns":3},{"damage":3,"enemies":"Sphere and 2 Shapes","floor":42,"turns":2},{"damage":0,"enemies":"Jaw Worm Horde","floor":45,"turns":2},{"damage":0,"enemies":"Writhing Mass","floor":47,"turns":1},{"damage":106,"enemies":"Awakened One","floor":50,"turns":6}],"seed_played":"4184457417040708949","potions_obtained":[{"floor":1,"key":"GamblersBrew"},{"floor":10,"key":"SkillPotion"},{"floor":13,"key":"Regen Potion"},{"floor":16,"key":"FairyPotion"},{"floor":25,"key":"AttackPotion"},{"floor":33,"key":"GamblersBrew"},{"floor":35,"key":"Swift Potion"},{"floor":36,"key":"Weak Potion"},{"floor":40,"key":"FearPotion"},{"floor":45,"key":"SteroidPotion"}],"is_trial":false,"path_per_floor":["M","$","M","M","M","R","M","?","T","E","?","R","E","$","R","B",null,"M","$","?","M","M","R","M","M","T","R","$","E","M","M","R","B",null,"M","M","$","M","M","E","M","M","T","$","M","R","M","?","R","B"],"character_chosen":"IRONCLAD","items_purchased":["Flex","Perfected Strike","Pommel Strike","Frozen Eye","Shockwave","Meat on the Bone","Perfected Strike+1"],"campfire_rested":5,"item_purchase_floors":[2,14,19,28,37,44,44],"current_hp_per_floor":[80,80,80,80,79,79,74,79,79,79,79,79,81,81,81,80,85,81,81,65,71,59,86,86,55,55,82,82,88,76,82,90,28,90,66,70,70,62,46,35,9,12,12,12,30,57,63,63,90,0],"gold":95,"neow_bonus":"RANDOM_COMMON_RELIC","is_prod":false,"is_daily":false,"chose_seed":false,"campfire_upgraded":3,"win_rate":0.0,"timestamp":1549522369,"path_taken":["M","$","M","M","M","R","M","?","T","E","?","R","E","$","R","BOSS","M","$","?","M","M","R","M","M","T","R","$","E","M","M","R","BOSS","M","M","$","M","M","E","M","M","T","$","M","R","M","?","R","BOSS"],"build_version":"2019-01-23","purchased_purges":0,"victory":false,"max_hp_per_floor":[80,80,80,80,80,80,80,85,85,85,85,85,85,85,85,85,85,85,85,90,90,90,90,90,90,90,90,90,90,90,90,90,90,90,90,90,90,90,90,90,90,90,90,90,90,90,90,90,90,90],"card_choices":[{"not_picked":["Infernal Blade","Battle Trance","Intimidate"],"picked":"SKIP","floor":1},{"not_picked":["True Grit","Ghostly Armor"],"picked":"Twin Strike","floor":3},{"not_picked":["Pommel Strike","Body Slam"],"picked":"Flex","floor":4},{"not_picked":["Juggernaut","True Grit"],"picked":"Perfected Strike","floor":5},{"not_picked":["Iron Wave","Entrench"],"picked":"Cleave","floor":7},{"not_picked":["Second Wind","Bloodletting"],"picked":"Shrug It Off","floor":10},{"not_picked":["Feel No Pain","Hemokinesis"],"picked":"Pommel Strike","floor":13},{"not_picked":["Dark Embrace","Impervious"],"picked":"Double Tap","floor":16},{"not_picked":["Seeing Red","Sword Boomerang+1"],"picked":"Bloodletting","floor":18},{"not_picked":["Whirlwind","Clothesline","Sword Boomerang"],"picked":"SKIP","floor":21},{"not_picked":["Fire Breathing","Cleave","Battle Trance"],"picked":"SKIP","floor":22},{"not_picked":["Shrug It Off","Battle Trance"],"picked":"Headbutt","floor":24},{"not_picked":["Sever Soul+1","Cleave","Anger+1"],"picked":"SKIP","floor":25},{"not_picked":["Sever Soul+1","Rage","Rupture"],"picked":"SKIP","floor":29},{"not_picked":["Intimidate","Flex"],"picked":"Thunderclap+1","floor":30},{"not_picked":["Thunderclap+1","Warcry"],"picked":"Twin Strike+1","floor":31},{"not_picked":["Reaper+1","Juggernaut"],"picked":"Double Tap","floor":33},{"not_picked":["Bloodletting+1","Dual Wield","Body Slam+1"],"picked":"SKIP","floor":35},{"not_picked":["Seeing Red","Whirlwind+1"],"picked":"Twin Strike+1","floor":36},{"not_picked":["Body Slam+1","Headbutt+1"],"picked":"Perfected Strike+1","floor":38},{"not_picked":["Sever Soul+1","Searing Blow+1","Clash+1"],"picked":"SKIP","floor":39},{"not_picked":["Clothesline+1","Clash+1","Armaments"],"picked":"SKIP","floor":40},{"not_picked":["Shrug It Off","Iron Wave+1","Infernal Blade+1"],"picked":"SKIP","floor":41},{"not_picked":["Corruption+1","Bludgeon+1"],"picked":"Rampage+1","floor":42},{"not_picked":["Armaments+1","Sword Boomerang+1","Dropkick+1"],"picked":"SKIP","floor":45},{"not_picked":["Inflame","Iron Wave+1"],"picked":"Pommel Strike+1","floor":47}],"player_experience":2278,"relics_obtained":[{"floor":9,"key":"Ancient Tea Set"},{"floor":10,"key":"Red Skull"},{"floor":13,"key":"Whetstone"},{"floor":26,"key":"Molten Egg 2"},{"floor":29,"key":"Bottled Flame"},{"floor":40,"key":"Pen Nib"},{"floor":43,"key":"Lantern"}],"event_choices":[{"damage_healed":0,"gold_gain":0,"player_choice":"Donut","damage_taken":0,"max_hp_gain":5,"max_hp_loss":0,"event_name":"Big Fish","floor":8,"gold_loss":0},{"damage_healed":0,"gold_gain":0,"player_choice":"1 cards matched","damage_taken":0,"max_hp_gain":0,"max_hp_loss":0,"event_name":"Match and Keep!","floor":11,"gold_loss":0,"cards_obtained":["Flash of Steel"]},{"damage_healed":0,"gold_gain":0,"player_choice":"Shed Blood","damage_taken":21,"max_hp_gain":5,"max_hp_loss":0,"event_name":"Forgotten Altar","floor":20,"gold_loss":0},{"cards_removed":["Shrug It Off"],"damage_healed":0,"gold_gain":0,"player_choice":"Removed Skill","damage_taken":0,"max_hp_gain":0,"max_hp_loss":0,"event_name":"Falling","floor":48,"gold_loss":0}],"is_beta":false,"boss_relics":[{"not_picked":["Calling Bell","Philosopher\u0027s Stone"],"picked":"Fusion Hammer"},{"not_picked":["Velvet Choker","Tiny House"],"picked":"Runic Cube"}],"items_purged_floors":[],"is_endless":false,"potions_floor_spawned":[1,10,13,16,22,25,33,35,36,40,45],"killed_by":"Awakened One","ascension_level":0}