{"gold_per_floor":[119,132,150,16,16,43,54,129,153,181,181,181,181,212,212,312,312,330,364,143,143,143,143],"floor_reached":23,"playtime":665,"items_purged":["Strike_R"],"score":293,"play_id":"944e799f-a1f1-45d2-98b6-a5ccbf7370e5","local_time":"20190312165121","is_ascension_mode":true,"campfire_choices":[{"floor":11,"key":"REST"},{"data":"Inflame","floor":15,"key":"SMITH"}],"neow_cost":"NONE","seed_source_timestamp":1782269491793910,"circlet_count":0,"master_deck":["Strike_R","Strike_R","Strike_R+1","Defend_R+1","Defend_R","Defend_R","Defend_R","Bash+1","Combust","Headbutt","Warcry+1","Inflame+1","Shrug It Off+1","Iron Wave","Feed","Double Tap+1","Battle Trance","Demon Form","Cleave","Armaments","Decay"],"relics":["Burning Blood","NeowsBlessing","Whetstone","Oddly Smooth Stone","Red Skull","War Paint","Eternal Feather","Red Mask","Happy Flower"],"potions_floor_usage":[6,18,19],"damage_taken":[{"damage":0,"enemies":"Small Slimes","floor":1,"turns":1},{"damage":0,"enemies":"Jaw Worm","floor":2,"turns":1},{"damage":0,"enemies":"2 Louse","floor":3,"turns":1},{"damage":31,"enemies":"Lagavulin","floor":6,"turns":6},{"damage":4,"enemies":"2 Fungi Beasts","floor":7,"turns":4},{"damage":21,"enemies":"3 Sentries","floor":10,"turns":7},{"damage":9,"enemies":"Gremlin Nob","floor":14,"turns":3},{"damage":0,"enemies":"Slime Boss","floor":16,"turns":3},{"damage":30,"enemies":"3 Byrds","floor":18,"turns":7},{"damage":38,"enemies":"Masked Bandits","floor":19,"turns":4},{"damage":22,"enemies":"Colosseum Slavers","floor":22,"turns":5},{"damage":29,"enemies":"Slavers","floor":23,"turns":3}],"seed_played":"3620962927644911209","potions_obtained":[{"floor":3,"key":"Poison Potion"},{"floor":10,"key":"SneckoOil"},{"floor":14,"key":"Strength Potion"},{"floor":16,"key":"GamblersBrew"},{"floor":18,"key":"Fruit Juice"}],"is_trial":false,"path_per_floor":["M","M","M","$","?","E","M","?","T","E","R","?","?","E","R","B",null,"M","?","$","?","?","E"],"character_chosen":"IRONCLAD","items_purchased":["Inflame","Shrug It Off","Happy Flower"],"campfire_rested":1,"item_purchase_floors":[4,4,20],"current_hp_per_floor":[80,80,80,80,64,39,41,30,30,18,42,35,35,32,32,38,83,64,35,35,35,19,0],"gold":143,"neow_bonus":"THREE_ENEMY_KILL","is_prod":false,"is_daily":false,"chose_seed":false,"campfire_upgraded":1,"win_rate":0,"timestamp":1552427481,"path_taken":["M","M","M","$","?","E","M","?","T","E","R","?","?","E","R","BOSS","M","?","$","?","?","E"],"build_version":"2019-01-23","purchased_purges":1,"victory":false,"max_hp_per_floor":[80,80,80,80,80,80,80,80,80,83,83,83,83,83,83,83,83,88,91,91,91,91,91],"card_choices":[{"not_picked":["Sword Boomerang","Thunderclap"],"picked":"Combust","floor":1},{"not_picked":["Clash","Anger"],"picked":"Headbutt","floor":2},{"not_picked":["Searing Blow","Wild Strike"],"picked":"Warcry","floor":3},{"not_picked":["Body Slam","Clothesline"],"picked":"Iron Wave","floor":6},{"not_picked":["Clothesline","Pommel Strike"],"picked":"Feed","floor":7},{"not_picked":["Anger","Perfected Strike"],"picked":"Double Tap","floor":10},{"not_picked":["Perfected Strike","Feed"],"picked":"Battle Trance","floor":14},{"not_picked":["Feed","Dark Embrace"],"picked":"Demon Form","floor":16},{"not_picked":["Warcry+1","Shrug It Off"],"picked":"Cleave","floor":18},{"not_picked":["Sword Boomerang","Infernal Blade"],"picked":"Armaments","floor":19}],"player_experience":191993,"relics_obtained":[{"floor":6,"key":"Whetstone"},{"floor":9,"key":"Oddly Smooth Stone"},{"floor":10,"key":"Red Skull"},{"floor":14,"key":"War Paint"},{"floor":19,"key":"Red Mask"}],"event_choices":[{"damage_healed":0,"gold_gain":0,"player_choice":"Entered Light","damage_taken":16,"max_hp_gain":0,"max_hp_loss":0,"event_name":"Shining Light","floor":5,"gold_loss":0,"cards_upgraded":["Warcry","Bash"]},{"damage_healed":0,"gold_gain":75,"player_choice":"Gather Gold","damage_taken":11,"max_hp_gain":0,"max_hp_loss":0,"event_name":"World of Goop","floor":8,"gold_loss":0},{"cards_removed":["Strike_R"],"damage_healed":0,"gold_gain":0,"player_choice":"Card Removal","damage_taken":7,"max_hp_gain":0,"max_hp_loss":0,"event_name":"Golden Wing","floor":12,"gold_loss":0},{"damage_healed":0,"gold_gain":0,"player_choice":"Grow","damage_taken":0,"max_hp_gain":0,"max_hp_loss":0,"event_name":"Living Wall","floor":13,"gold_loss":0,"cards_upgraded":["Shrug It Off"]},{"damage_healed":0,"gold_gain":0,"player_choice":"Fought Bandits","damage_taken":0,"max_hp_gain":0,"max_hp_loss":0,"event_name":"Masked Bandits","floor":19,"gold_loss":0},{"damage_healed":0,"gold_gain":0,"player_choice":"Smashed Altar","damage_taken":0,"max_hp_gain":0,"max_hp_loss":0,"event_name":"Forgotten Altar","floor":21,"gold_loss":0,"cards_obtained":["Decay"]},{"damage_healed":0,"gold_gain":0,"player_choice":"Fight","damage_taken":0,"max_hp_gain":0,"max_hp_loss":0,"event_name":"Colosseum","floor":22,"gold_loss":0},{"damage_healed":0,"gold_gain":0,"player_choice":"Fled From Nobs","damage_taken":0,"max_hp_gain":0,"max_hp_loss":0,"event_name":"Colosseum","floor":22,"gold_loss":0}],"is_beta":false,"boss_relics":[{"not_picked":["Fusion Hammer","Lizard Tail"],"picked":"Eternal Feather"}],"items_purged_floors":[20],"is_endless":false,"potions_floor_spawned":[3,10,14,16,18],"killed_by":"Slavers","ascension_level":3}