{"gold_per_floor":[113,124,144,144,219,250,268,306,306,306,345,300],"floor_reached":12,"playtime":426,"items_purged":[],"score":113,"play_id":"3b9b2ed0-a7a0-4c5d-901d-20c8890c2b43","local_time":"20190312173905","is_ascension_mode":true,"campfire_choices":[],"neow_cost":"NONE","seed_source_timestamp":1785373036081818,"circlet_count":0,"master_deck":["Strike_R","Strike_R","Strike_R","Strike_R","Strike_R","Defend_R","Defend_R","Defend_R","Defend_R","Bash","Intimidate","Armaments","Spot Weakness","Feel No Pain","Rage","Offering","Dark Embrace"],"relics":["Burning Blood","Oddly Smooth Stone","Golden Idol","Kunai","Bottled Lightning","Pear","Ornamental Fan"],"potions_floor_usage":[6,11,11],"damage_taken":[{"damage":2,"enemies":"2 Louse","floor":1,"turns":4},{"damage":14,"enemies":"Small Slimes","floor":2,"turns":3},{"damage":10,"enemies":"Jaw Worm","floor":3,"turns":4},{"damage":8,"enemies":"Gremlin Nob","floor":6,"turns":3},{"damage":5,"enemies":"2 Fungi Beasts","floor":7,"turns":4},{"damage":29,"enemies":"3 Sentries","floor":8,"turns":11},{"damage":39,"enemies":"Gremlin Nob","floor":11,"turns":6},{"damage":10,"enemies":"Looter","floor":12,"turns":3}],"seed_played":"-2030793890581583048","potions_obtained":[{"floor":1,"key":"SpeedPotion"},{"floor":3,"key":"AttackPotion"},{"floor":8,"key":"Ancient Potion"}],"is_trial":false,"path_per_floor":["M","M","M","?","?","E","M","E","T","?","E","M"],"character_chosen":"IRONCLAD","items_purchased":[],"campfire_rested":0,"item_purchase_floors":[],"current_hp_per_floor":[80,72,68,68,57,55,56,33,43,43,10,0],"gold":300,"neow_bonus":"RANDOM_COMMON_RELIC","is_prod":false,"is_daily":false,"chose_seed":false,"campfire_upgraded":0,"win_rate":0,"timestamp":1552430345,"path_taken":["M","M","M","?","?","E","M","E","T","?","E","M"],"build_version":"2019-01-23","purchased_purges":0,"victory":false,"max_hp_per_floor":[80,80,80,74,74,74,74,74,84,84,84,84],"card_choices":[{"not_picked":["Second Wind","Evolve"],"picked":"Intimidate","floor":1},{"not_picked":["Cleave","Ghostly Armor"],"picked":"Armaments","floor":2},{"not_picked":["True Grit","Rupture"],"picked":"Spot Weakness","floor":3},{"not_picked":["Reckless Charge","Heavy Blade"],"picked":"Feel No Pain","floor":6},{"not_picked":["Rampage","Havoc"],"picked":"Rage","floor":7},{"not_picked":["Perfected Strike","Shrug It Off"],"picked":"Offering","floor":8},{"not_picked":["Perfected Strike","Uppercut"],"picked":"Dark Embrace","floor":11}],"player_experience":194445,"relics_obtained":[{"floor":6,"key":"Kunai"},{"floor":8,"key":"Bottled Lightning"},{"floor":9,"key":"Pear"},{"floor":11,"key":"Ornamental Fan"}],"event_choices":[{"damage_healed":0,"gold_gain":0,"player_choice":"Lose Max HP","damage_taken":0,"relics_obtained":["Golden Idol"],"max_hp_gain":0,"max_hp_loss":6,"event_name":"Golden Idol","floor":4,"gold_loss":0},{"damage_healed":0,"gold_gain":75,"player_choice":"Gather Gold","damage_taken":11,"max_hp_gain":0,"max_hp_loss":0,"event_name":"World of Goop","floor":5,"gold_loss":0},{"damage_healed":0,"gold_gain":0,"player_choice":"Ignored","damage_taken":0,"max_hp_gain":0,"max_hp_loss":0,"event_name":"Liars Game","floor":10,"gold_loss":0}],"is_beta":false,"boss_relics":[],"items_purged_floors":[],"is_endless":false,"potions_floor_spawned":[1,3,8],"killed_by":"Looter","ascension_level":3}