{"gold_per_floor":[118,193,209,219,238,238,258,28,28,28,28,28,39,50,50,146,146,159,171,48,48,67,77,77,89,116,80,96,116,116,216,216,315,365,384,394,217,217],"floor_reached":38,"playtime":2662,"items_purged":["Strike_B","Strike_B"],"score":372,"play_id":"9ad3cdfb-9d91-468c-97ff-f123b6d8b278","local_time":"20190516144255","is_ascension_mode":false,"campfire_choices":[{"data":"Dualcast","floor":6,"key":"SMITH"},{"floor":10,"key":"REST"},{"data":"Chaos","floor":12,"key":"SMITH"},{"data":"Chill","floor":15,"key":"SMITH"},{"data":"Zap","floor":24,"key":"SMITH"},{"floor":30,"key":"REST"},{"floor":32,"key":"REST"}],"neow_cost":"NONE","seed_source_timestamp":103859382195844,"circlet_count":0,"master_deck":["Defend_B+1","Defend_B","Defend_B","Zap+1","Dualcast+1","Capacitor","Sweeping Beam","Chaos+1","Auto Shields","Steam","Chill+1","Sunder","Redo+1","Fission+1","Lockon+1","Rainbow+1","Hello World+1","Defragment+1","Cold Snap","Redo+1","Cold Snap","Hologram+1","Glacier+1","Doom and Gloom","Chaos+1","Creative AI","Redo+1","Seek+1","Turbo+1","Turbo+1","Coolheaded+1","Capacitor"],"relics":["Cracked Core","PreservedInsect","Toxic Egg 2","Astrolabe","Bronze Scales","Ginger","Kunai","Tiny House"],"potions_floor_usage":[],"damage_taken":[{"damage":1,"enemies":"2 Louse","floor":1,"turns":2},{"damage":1,"enemies":"Cultist","floor":3,"turns":3},{"damage":8,"enemies":"Jaw Worm","floor":4,"turns":3},{"damage":11,"enemies":"Blue Slaver","floor":5,"turns":4},{"damage":2,"enemies":"3 Louse","floor":7,"turns":3},{"damage":3,"enemies":"Looter","floor":13,"turns":3},{"damage":3,"enemies":"Red Slaver","floor":14,"turns":4},{"damage":42,"enemies":"Hexaghost","floor":16,"turns":11},{"damage":0,"enemies":"Chosen","floor":18,"turns":5},{"damage":4,"enemies":"Shell Parasite","floor":19,"turns":6},{"damage":15,"enemies":"Snake Plant","floor":22,"turns":6},{"damage":8,"enemies":"3 Cultists","floor":23,"turns":5},{"damage":3,"enemies":"Snecko","floor":25,"turns":4},{"damage":3,"enemies":"Centurion and Healer","floor":28,"turns":7},{"damage":23,"enemies":"3 Cultists","floor":29,"turns":5},{"damage":10,"enemies":"Colosseum Slavers","floor":31,"turns":4},{"damage":27,"enemies":"Colosseum Nobs","floor":31,"turns":4},{"damage":35,"enemies":"Collector","floor":33,"turns":13},{"damage":52,"enemies":"3 Darklings","floor":35,"turns":5},{"damage":3,"enemies":"3 Shapes","floor":36,"turns":3},{"damage":40,"enemies":"Spire Growth","floor":38,"turns":3}],"seed_played":"-7375433795976746700","potions_obtained":[{"floor":1,"key":"Swift Potion"},{"floor":3,"key":"FearPotion"},{"floor":13,"key":"LiquidBronze"},{"floor":18,"key":"Explosive Potion"}],"is_trial":false,"path_per_floor":["M","?","M","M","M","R","M","$","T","R","$","R","M","M","R","B",null,"M","M","$","?","M","M","R","M","T","$","M","M","R","?","R","B",null,"M","M","$","M"],"character_chosen":"DEFECT","items_purchased":["Chill","PreservedInsect","Redo+1","Doom and Gloom","Capacitor"],"campfire_rested":3,"item_purchase_floors":[8,8,20,27,37],"current_hp_per_floor":[81,70,69,61,50,50,48,48,48,72,72,72,69,66,66,24,82,82,78,78,78,63,55,55,52,52,52,49,26,50,13,37,2,87,35,32,32,0],"gold":217,"neow_bonus":"TEN_PERCENT_HP_BONUS","is_prod":false,"is_daily":false,"chose_seed":false,"campfire_upgraded":4,"win_rate":0,"timestamp":1558042975,"path_taken":["M","?","M","M","M","R","M","$","T","R","$","R","M","M","R","BOSS","M","M","$","?","M","M","R","M","T","$","M","?","R","?","R","BOSS","M","M","$","M"],"build_version":"2019-01-23","purchased_purges":2,"victory":false,"max_hp_per_floor":[82,82,82,82,82,82,82,82,82,82,82,82,82,82,82,82,82,82,82,82,82,82,82,82,82,82,82,82,82,82,82,82,82,87,87,87,87,87],"card_choices":[{"not_picked":["Heatsinks","Defragment"],"picked":"Capacitor","floor":1},{"not_picked":["Ball Lightning","Beam Cell"],"picked":"Sweeping Beam","floor":3},{"not_picked":["Gash","Streamline"],"picked":"Chaos","floor":4},{"not_picked":["Fusion","Steam Power"],"picked":"Auto Shields","floor":5},{"not_picked":["Double Energy","Ball Lightning"],"picked":"Steam","floor":7},{"not_picked":["Undo+1","Steam+1"],"picked":"Sunder","floor":13},{"not_picked":["Hello World","Genetic Algorithm+1"],"picked":"Redo+1","floor":14},{"not_picked":["Hyperbeam","Thunder Strike"],"picked":"Fission+1","floor":16},{"not_picked":["Hologram+1","Go for the Eyes"],"picked":"Defragment","floor":18},{"not_picked":["Reprogram+1","Go for the Eyes"],"picked":"Cold Snap","floor":19},{"not_picked":["Heatsinks+1","Ball Lightning"],"picked":"Cold Snap","floor":22},{"not_picked":["Go for the Eyes","Static Discharge"],"picked":"Hologram+1","floor":23},{"not_picked":["Conserve Battery+1","Consume+1"],"picked":"Glacier+1","floor":25},{"not_picked":["Stack+1","Rebound"],"picked":"Chaos+1","floor":28},{"not_picked":["Capacitor","Scrape"],"picked":"Creative AI","floor":29},{"not_picked":["Sweeping Beam","Turbo+1"],"picked":"Redo+1","floor":31},{"not_picked":["Electrodynamics","Machine Learning"],"picked":"Seek+1","floor":33},{"not_picked":["Streamline","Capacitor"],"picked":"Turbo+1","floor":34},{"not_picked":["Rebound","Barrage+1"],"picked":"Turbo+1","floor":35},{"not_picked":["Compile Driver+1","Cold Snap+1"],"picked":"Coolheaded+1","floor":36}],"player_experience":72293,"relics_obtained":[{"floor":9,"key":"Toxic Egg 2"},{"floor":26,"key":"Bronze Scales"},{"floor":31,"key":"Ginger"},{"floor":31,"key":"Kunai"}],"event_choices":[{"damage_healed":0,"gold_gain":75,"player_choice":"Gather Gold","damage_taken":11,"max_hp_gain":0,"max_hp_loss":0,"event_name":"World of Goop","floor":2,"gold_loss":0},{"damage_healed":0,"gold_gain":0,"player_choice":"Forge","damage_taken":0,"max_hp_gain":0,"max_hp_loss":0,"event_name":"Accursed Blacksmith","floor":21,"gold_loss":0,"cards_upgraded":["Defragment"]},{"damage_healed":0,"gold_gain":0,"player_choice":"Fight","damage_taken":0,"max_hp_gain":0,"max_hp_loss":0,"event_name":"Colosseum","floor":31,"gold_loss":0},{"damage_healed":0,"gold_gain":0,"player_choice":"Fought Nobs","damage_taken":0,"max_hp_gain":0,"max_hp_loss":0,"event_name":"Colosseum","floor":31,"gold_loss":0}],"is_beta":false,"boss_relics":[{"not_picked":["Ectoplasm","Runic Dome"],"picked":"Astrolabe"},{"not_picked":["Philosopher\u0027s Stone","Nuclear Battery"],"picked":"Tiny House"}],"items_purged_floors":[20,37],"is_endless":false,"potions_floor_spawned":[1,3,13,14,18,22,28,29,31,31,36],"killed_by":"Spire Growth","ascension_level":0}