{"gold_per_floor":[112,62,80,94,67,98,98,98,122,154,173,173,173,190,190,190],"floor_reached":16,"playtime":1730,"items_purged":[],"score":110,"play_id":"e4ff736e-9cf1-44e4-9c64-330d7c9165f7","local_time":"20190517224630","is_ascension_mode":false,"campfire_choices":[{"data":"Accuracy","floor":8,"key":"SMITH"},{"floor":12,"key":"REST"},{"floor":15,"key":"REST"}],"neow_cost":"NONE","seed_source_timestamp":174277839524821,"circlet_count":0,"master_deck":["Defend_G","Defend_G","Defend_G","Defend_G","Defend_G","Strike_G","Strike_G","Strike_G","Strike_G","Survivor","Neutralize","Bane","Accuracy+1","Cloak And Dagger","Blade Dance","Sucker Punch","Dagger Spray","Regret","Tools of the Trade+1","Backflip","Cloak And Dagger","Quick Slash"],"relics":["Ring of the Snake","Snake Skull","Frozen Egg 2","Dream Catcher","Centennial Puzzle"],"potions_floor_usage":[],"damage_taken":[{"damage":0,"enemies":"Small Slimes","floor":1,"turns":4},{"damage":0,"enemies":"2 Louse","floor":3,"turns":2},{"damage":0,"enemies":"Jaw Worm","floor":4,"turns":6},{"damage":30,"enemies":"3 Sentries","floor":6,"turns":14},{"damage":36,"enemies":"Lagavulin","floor":10,"turns":9},{"damage":1,"enemies":"Looter","floor":11,"turns":4},{"damage":0,"enemies":"Blue Slaver","floor":14,"turns":3},{"damage":31,"enemies":"Slime Boss","floor":16,"turns":9}],"seed_played":"1519251116713737611","potions_obtained":[{"floor":1,"key":"Energy Potion"},{"floor":4,"key":"Dexterity Potion"},{"floor":11,"key":"EssenceOfSteel"}],"is_trial":false,"path_per_floor":["M","?","M","M","$","E","?","R","T","E","M","R","?","M","R","B"],"character_chosen":"THE_SILENT","items_purchased":["Sucker Punch"],"campfire_rested":2,"item_purchase_floors":[5],"current_hp_per_floor":[70,70,70,70,70,40,40,40,40,4,3,24,24,24,45,14],"gold":190,"neow_bonus":"THREE_CARDS","is_prod":false,"is_daily":false,"chose_seed":false,"campfire_upgraded":1,"win_rate":0,"timestamp":1558158390,"path_taken":["M","?","M","M","$","E","?","R","T","E","M","R","?","M","R","BOSS"],"build_version":"2019-01-23","purchased_purges":0,"victory":false,"max_hp_per_floor":[70,70,70,70,70,70,70,70,70,70,70,70,70,70,70,70],"card_choices":[{"not_picked":["Reflex","Prepared"],"picked":"Bane","floor":0},{"not_picked":["Distraction","Eviscerate"],"picked":"Accuracy","floor":1},{"not_picked":["Bane","Deflect"],"picked":"Cloak And Dagger","floor":3},{"not_picked":["PiercingWail","Leg Sweep"],"picked":"Blade Dance","floor":4},{"not_picked":["Caltrops","Flying Knee"],"picked":"Dagger Spray","floor":6},{"not_picked":["Underhanded Strike","PiercingWail"],"picked":"Tools of the Trade+1","floor":10},{"not_picked":["Blur","Quick Slash"],"picked":"Backflip","floor":11},{"not_picked":["Outmaneuver","Dagger Throw"],"picked":"Cloak And Dagger","floor":12},{"not_picked":["Flying Knee","Quick Slash","Outmaneuver"],"picked":"SKIP","floor":14},{"not_picked":["Backstab","Setup"],"picked":"Quick Slash","floor":15}],"player_experience":133594,"relics_obtained":[{"floor":6,"key":"Snake Skull"},{"floor":9,"key":"Dream Catcher"},{"floor":10,"key":"Centennial Puzzle"}],"event_choices":[{"cards_removed":["Strike_G"],"damage_healed":0,"gold_gain":0,"player_choice":"Card Removal","damage_taken":0,"max_hp_gain":0,"max_hp_loss":0,"event_name":"The Cleric","floor":2,"gold_loss":50},{"damage_healed":0,"gold_gain":0,"player_choice":"Box","damage_taken":0,"relics_obtained":["Frozen Egg 2"],"max_hp_gain":0,"max_hp_loss":0,"event_name":"Big Fish","floor":7,"gold_loss":0,"cards_obtained":["Regret"]},{"damage_healed":0,"gold_gain":0,"player_choice":"Ignored","damage_taken":0,"max_hp_gain":0,"max_hp_loss":0,"event_name":"Golden Wing","floor":13,"gold_loss":0}],"is_beta":false,"boss_relics":[],"items_purged_floors":[],"is_endless":false,"potions_floor_spawned":[1,4,11],"killed_by":"Slime Boss","ascension_level":0}