{"gold_per_floor":[109,128,128,128,147,175,175,185,210,7,7,35,35,55,55,55],"floor_reached":16,"playtime":647,"items_purged":[],"score":110,"play_id":"a21b6757-840c-46b5-8df1-58134b204f28","local_time":"20190524233505","is_ascension_mode":false,"campfire_choices":[{"floor":7,"key":"REST"},{"floor":11,"key":"REST"},{"floor":13,"key":"REST"},{"data":"Setup","floor":15,"key":"SMITH"}],"neow_cost":"NONE","seed_source_timestamp":28701824798736,"circlet_count":0,"master_deck":["Defend_G","Defend_G","Defend_G","Defend_G","Defend_G","Strike_G","Strike_G","Strike_G","Strike_G","Survivor","Neutralize","Slice","Corpse Explosion","Leg Sweep","Footwork","Setup+1","Backflip","Acrobatics"],"relics":["Ring of the Snake","NeowsBlessing","Art of War","Boot","HandDrill","Dream Catcher"],"potions_floor_usage":[],"damage_taken":[{"damage":0,"enemies":"Jaw Worm","floor":1,"turns":1},{"damage":0,"enemies":"Small Slimes","floor":2,"turns":1},{"damage":0,"enemies":"Cultist","floor":5,"turns":1},{"damage":50,"enemies":"Gremlin Nob","floor":6,"turns":6},{"damage":9,"enemies":"Large Slime","floor":8,"turns":7},{"damage":8,"enemies":"Lagavulin","floor":12,"turns":8},{"damage":5,"enemies":"Looter","floor":14,"turns":4},{"damage":66,"enemies":"Slime Boss","floor":16,"turns":13}],"seed_played":"-2855802271418449638","potions_obtained":[{"floor":1,"key":"SteroidPotion"},{"floor":2,"key":"SkillPotion"},{"floor":8,"key":"FearPotion"}],"is_trial":false,"path_per_floor":["M","M","?","?","M","E","R","M","T","$","R","E","R","M","R","B"],"character_chosen":"THE_SILENT","items_purchased":["HandDrill"],"campfire_rested":3,"item_purchase_floors":[10],"current_hp_per_floor":[70,70,70,70,70,20,41,32,32,32,53,45,66,61,61,0],"gold":55,"neow_bonus":"THREE_ENEMY_KILL","is_prod":false,"is_daily":false,"chose_seed":false,"campfire_upgraded":1,"win_rate":0,"timestamp":1558766105,"path_taken":["M","M","?","?","M","E","R","M","T","$","R","E","R","M","R","BOSS"],"build_version":"2019-01-23","purchased_purges":0,"victory":false,"max_hp_per_floor":[70,70,70,70,70,70,70,70,70,70,70,70,70,70,70,70],"card_choices":[{"not_picked":["Endless Agony","Concentrate","Deflect"],"picked":"SKIP","floor":1},{"not_picked":["Outmaneuver","Reflex"],"picked":"Slice","floor":2},{"not_picked":["Setup","Dodge and Roll"],"picked":"Leg Sweep","floor":5},{"not_picked":["Dodge and Roll","Calculated Gamble"],"picked":"Footwork","floor":6},{"not_picked":["Choke","Eviscerate"],"picked":"Setup","floor":8},{"not_picked":["Deflect","Outmaneuver"],"picked":"Backflip","floor":12},{"not_picked":["Dodge and Roll","PiercingWail"],"picked":"Acrobatics","floor":14}],"player_experience":285863,"relics_obtained":[{"floor":6,"key":"Art of War"},{"floor":9,"key":"Boot"},{"floor":12,"key":"Dream Catcher"}],"event_choices":[{"damage_healed":0,"gold_gain":0,"cards_transformed":["Strike_G"],"player_choice":"Change","damage_taken":0,"max_hp_gain":0,"max_hp_loss":0,"event_name":"Living Wall","floor":3,"gold_loss":0,"cards_obtained":["Corpse Explosion"]},{"damage_healed":0,"gold_gain":0,"player_choice":"Ignored","damage_taken":0,"max_hp_gain":0,"max_hp_loss":0,"event_name":"Liars Game","floor":4,"gold_loss":0}],"is_beta":false,"boss_relics":[],"items_purged_floors":[],"is_endless":false,"potions_floor_spawned":[1,2,8],"killed_by":"Slime Boss","ascension_level":0}