{"gold_per_floor":[119,69,83,98,98,124,124,185,231,242,261,278,278,148,148,148],"floor_reached":16,"playtime":363,"items_purged":[],"score":174,"play_id":"3cb050f9-5625-4fdb-af68-8b3368a1c593","local_time":"20190318192631","is_ascension_mode":true,"campfire_choices":[{"data":"Doom and Gloom","floor":7,"key":"SMITH"},{"data":"Defragment","floor":15,"key":"SMITH"}],"neow_cost":"NONE","seed_source_timestamp":155484880347761,"circlet_count":0,"master_deck":["AscendersBane","Strike_B","Strike_B","Strike_B","Defend_B","Defend_B","Defend_B+1","Defend_B","Zap+1","Dualcast","Storm","Steam","Doom and Gloom+1","Steam Power","Barrage","Compile Driver","Defragment+1","Redo","Self Repair","Sweeping Beam"],"relics":["Cracked Core","NeowsBlessing","Meat on the Bone","Tiny Chest","Anchor","Vajra"],"potions_floor_usage":[6],"damage_taken":[{"damage":0,"enemies":"Small Slimes","floor":1,"turns":1},{"damage":0,"enemies":"Jaw Worm","floor":3,"turns":1},{"damage":0,"enemies":"2 Louse","floor":4,"turns":1},{"damage":10,"enemies":"3 Sentries","floor":6,"turns":5},{"damage":11,"enemies":"Lagavulin","floor":8,"turns":5},{"damage":1,"enemies":"Looter","floor":10,"turns":3},{"damage":0,"enemies":"3 Louse","floor":11,"turns":1},{"damage":7,"enemies":"Exordium Thugs","floor":12,"turns":4},{"damage":43,"enemies":"Hexaghost","floor":16,"turns":7}],"seed_played":"-5587115338030734305","potions_obtained":[{"floor":1,"key":"SkillPotion"},{"floor":4,"key":"SteroidPotion"},{"floor":12,"key":"FearPotion"}],"is_trial":false,"path_per_floor":["M","?","M","M","?","E","R","E","T","M","M","M","?","$","R","B"],"character_chosen":"DEFECT","items_purchased":["Self Repair","Sweeping Beam"],"campfire_rested":0,"item_purchase_floors":[14,14],"current_hp_per_floor":[68,68,68,68,53,43,43,44,44,43,43,48,36,36,36,0],"gold":148,"neow_bonus":"THREE_ENEMY_KILL","is_prod":false,"is_daily":false,"chose_seed":false,"campfire_upgraded":2,"win_rate":0,"timestamp":1552955191,"path_taken":["M","?","M","M","?","E","R","E","T","M","M","M","?","$","R","BOSS"],"build_version":"2019-01-23","purchased_purges":0,"victory":false,"max_hp_per_floor":[75,75,75,75,75,75,75,75,75,75,75,75,75,75,75,75],"card_choices":[{"not_picked":["Reprogram","Recycle"],"picked":"Storm","floor":1},{"not_picked":["Hologram","Auto Shields"],"picked":"Steam","floor":3},{"not_picked":["Compile Driver","Rebound"],"picked":"Doom and Gloom","floor":4},{"not_picked":["Undo","Meteor Strike"],"picked":"Steam Power","floor":6},{"not_picked":["Leap","Melter"],"picked":"Barrage","floor":8},{"not_picked":["Steam","Reprogram"],"picked":"Compile Driver","floor":10},{"not_picked":["Leap","Hologram"],"picked":"Defragment","floor":11},{"not_picked":["Conserve Battery","Steam"],"picked":"Redo","floor":12}],"player_experience":222041,"relics_obtained":[{"floor":6,"key":"Meat on the Bone"},{"floor":8,"key":"Tiny Chest"},{"floor":9,"key":"Anchor"}],"event_choices":[{"cards_removed":["Strike_B"],"damage_healed":0,"gold_gain":0,"player_choice":"Card Removal","damage_taken":0,"max_hp_gain":0,"max_hp_loss":0,"event_name":"The Cleric","floor":2,"gold_loss":50},{"damage_healed":0,"gold_gain":0,"player_choice":"Entered Light","damage_taken":15,"max_hp_gain":0,"max_hp_loss":0,"event_name":"Shining Light","floor":5,"gold_loss":0,"cards_upgraded":["Zap","Defend_B"]},{"damage_healed":0,"gold_gain":0,"player_choice":"Success","damage_taken":12,"relics_obtained":["Vajra"],"max_hp_gain":0,"max_hp_loss":0,"event_name":"Scrap Ooze","floor":13,"gold_loss":0}],"is_beta":false,"boss_relics":[],"items_purged_floors":[],"is_endless":false,"potions_floor_spawned":[1,4,12],"killed_by":"Hexaghost","ascension_level":11}