{"gold_per_floor":[111,131,131,35,45,45,45,57,57,72,72,107,124,158,158,234,234,253,18,35,45,61,61,73,73],"floor_reached":25,"playtime":1423,"items_purged":["Strike_B"],"score":434,"play_id":"100c1993-cc54-45c5-84fb-dc1521739b1e","local_time":"20190519160034","is_ascension_mode":true,"campfire_choices":[{"data":"Zap","floor":7.0,"key":"SMITH"},{"data":"Consume","floor":11.0,"key":"SMITH"},{"data":"Static Discharge","floor":15.0,"key":"SMITH"},{"floor":23,"key":"REST"}],"neow_cost":"NONE","seed_source_timestamp":0,"circlet_count":0,"master_deck":["AscendersBane","Strike_B","Defend_B","Defend_B","Defend_B","Defend_B","Zap+1","Dualcast","Sweeping Beam","Cold Snap","Undo","Ball Lightning","Ball Lightning","Consume+1","Static Discharge+1","Leap","Coolheaded","Seek","Coolheaded+1","Conserve Battery","Fusion","Coolheaded"],"special_seed":0,"relics":["Cracked Core","Dream Catcher","Nunchaku","FossilizedHelix","Dead Branch","Snecko Eye","Bag of Preparation"],"potions_floor_usage":[25,25],"damage_taken":[{"damage":0.0,"enemies":"2 Louse","floor":1.0,"turns":2.0},{"damage":0.0,"enemies":"Cultist","floor":2.0,"turns":4.0},{"damage":2.0,"enemies":"Jaw Worm","floor":5.0,"turns":3.0},{"damage":10.0,"enemies":"Exordium Wildlife","floor":8.0,"turns":3.0},{"damage":0.0,"enemies":"2 Fungi Beasts","floor":10.0,"turns":3.0},{"damage":14.0,"enemies":"Lagavulin","floor":12.0,"turns":5.0},{"damage":0.0,"enemies":"Blue Slaver","floor":13.0,"turns":4.0},{"damage":10.0,"enemies":"3 Sentries","floor":14.0,"turns":6.0},{"damage":2.0,"enemies":"Hexaghost","floor":16.0,"turns":9.0},{"damage":5.0,"enemies":"3 Byrds","floor":18.0,"turns":2.0},{"damage":9.0,"enemies":"Shell Parasite","floor":20.0,"turns":8.0},{"damage":10,"enemies":"Sentry and Sphere","floor":21,"turns":8},{"damage":27,"enemies":"3 Cultists","floor":22,"turns":7},{"damage":0,"enemies":"Snecko","floor":24,"turns":8},{"damage":33,"enemies":"Gremlin Leader","floor":25,"turns":2}],"seed_played":"-7390666784739941206","potions_obtained":[{"floor":1.0,"key":"Block Potion"},{"floor":12.0,"key":"Block Potion"},{"floor":13.0,"key":"PowerPotion"},{"floor":18.0,"key":"Dexterity Potion"},{"floor":20,"key":"SkillPotion"}],"is_trial":false,"path_per_floor":["M","M","?","$","M","?","R","M","T","M","R","E","M","E","R","B",null,"M","$","M","M","M","R","M","E"],"character_chosen":"DEFECT","items_purchased":["Cold Snap","Undo","Bag of Preparation"],"campfire_rested":1,"item_purchase_floors":[4,4,19],"current_hp_per_floor":[64,64,64,64,62,55,55,45,45,45,45,31,31,21,21,19,58,53,53,44,34,7,28,28,0],"gold":73,"neow_bonus":"RANDOM_COMMON_RELIC","is_prod":false,"is_daily":false,"chose_seed":false,"campfire_upgraded":3,"win_rate":0,"timestamp":1558296034,"path_taken":["M","M","?","?","?","?","R","M","T","M","R","E","M","E","R","BOSS","M","$","M","M","M","R","M","E"],"build_version":"2019-01-23","purchased_purges":1,"victory":false,"max_hp_per_floor":[71,71,71,71,71,71,71,71,71,71,71,71,71,71,71,71,71,71,71,71,71,71,71,71,71],"card_choices":[{"not_picked":["Blizzard","Stack","Redo"],"picked":"SKIP","floor":1.0},{"not_picked":["Stack","Leap"],"picked":"Sweeping Beam","floor":2.0},{"not_picked":["Steam","Stack"],"picked":"Ball Lightning","floor":5.0},{"not_picked":["Conserve Battery","Stack"],"picked":"Ball Lightning","floor":8.0},{"not_picked":["Coolheaded","Rebound"],"picked":"Consume","floor":10.0},{"not_picked":["Hyperbeam","Redo"],"picked":"Static Discharge","floor":12.0},{"not_picked":["Force Field","Storm"],"picked":"Leap","floor":13.0},{"not_picked":["Turbo","Consume"],"picked":"Coolheaded","floor":14.0},{"not_picked":["Hyperbeam","All For One"],"picked":"Seek","floor":16.0},{"not_picked":["Compile Driver","Hologram"],"picked":"Coolheaded+1","floor":18.0},{"not_picked":["Blizzard","Barrage+1"],"picked":"Conserve Battery","floor":20},{"not_picked":["Beam Cell","Reinforced Body"],"picked":"Fusion","floor":21},{"not_picked":["Melter","FTL","Go for the Eyes"],"picked":"SKIP","floor":22},{"not_picked":["Consume","BootSequence+1"],"picked":"Coolheaded","floor":24}],"player_experience":813836,"relics_obtained":[{"floor":9.0,"key":"Nunchaku"},{"floor":12.0,"key":"FossilizedHelix"},{"floor":14.0,"key":"Dead Branch"}],"event_choices":[{"cards_removed":["Strike_B"],"damage_healed":0.0,"max_hp_gain":0.0,"max_hp_loss":0.0,"gold_gain":0.0,"event_name":"Purifier","player_choice":"Purged","floor":3.0,"gold_loss":0.0,"damage_taken":0.0},{"cards_removed":["Strike_B"],"damage_healed":0.0,"max_hp_gain":0.0,"max_hp_loss":0.0,"gold_gain":0.0,"event_name":"Golden Wing","player_choice":"Card Removal","floor":6.0,"gold_loss":0.0,"damage_taken":7.0}],"is_beta":false,"boss_relics":[{"not_picked":["White Beast Statue","Orrery"],"picked":"Snecko Eye"}],"items_purged_floors":[19],"is_endless":false,"potions_floor_spawned":[1,12,13,14,18,20,22],"killed_by":"Gremlin Leader","ascension_level":20}