{"gold_per_floor":[119,135,135,148,160,185,185,210,288,288,288,288,363,363,363,461,461,477,495,495,495,526,553,553,579,606,619,619,649,684,684,684,783,783,796,796,327,549,568,595,595,610,681,693,693,720,720,680,680,680],"floor_reached":51,"playtime":1758,"items_purged":["Strike_B+1"],"score":1224,"play_id":"d5c32396-22e9-47bc-9f60-009188246826","local_time":"20190428180940","is_ascension_mode":true,"campfire_choices":[{"floor":7,"key":"REST"},{"floor":10,"key":"DIG"},{"floor":15,"key":"REST"},{"floor":24,"key":"REST"},{"data":"Defragment","floor":28,"key":"SMITH"},{"floor":32,"key":"REST"},{"floor":41,"key":"REST"},{"data":"Coolheaded","floor":45,"key":"SMITH"},{"data":"Echo Form","floor":47,"key":"SMITH"},{"floor":49,"key":"REST"}],"neow_cost":"NONE","seed_source_timestamp":94244146914584,"circlet_count":0,"master_deck":["AscendersBane","Strike_B+1","Strike_B+1","Defend_B+1","Defend_B+1","Defend_B+1","Defend_B+1","Zap+1","Dualcast","Streamline+1","Ball Lightning+1","Cold Snap+1","Beam Cell","Static Discharge+1","Glacier+1","Echo Form+1","Steam+1","Self Repair","BootSequence","Defragment+1","Thunder Strike+1","Coolheaded+1","Apotheosis","Capacitor+1","Seek+1","Coolheaded+1"],"relics":["Cracked Core","Shovel","Ice Cream","Anchor","Letter Opener","Singing Bowl","PreservedInsect","Runic Pyramid","Red Mask","Orichalcum","Darkstone Periapt","Vajra","Tiny Chest","WingedGreaves","Snecko Eye","War Paint","Juzu Bracelet","Ancient Tea Set","Blue Candle","Whetstone"],"potions_floor_usage":[16,22,27,33,40,42,50],"damage_taken":[{"damage":0,"enemies":"Cultist","floor":1,"turns":3},{"damage":0,"enemies":"2 Louse","floor":2,"turns":2},{"damage":7,"enemies":"Jaw Worm","floor":4,"turns":3},{"damage":28,"enemies":"Large Slime","floor":5,"turns":5},{"damage":23,"enemies":"3 Sentries","floor":6,"turns":6},{"damage":19,"enemies":"Gremlin Nob","floor":8,"turns":4},{"damage":28,"enemies":"Slime Boss","floor":16,"turns":9},{"damage":0,"enemies":"Spheric Guardian","floor":18,"turns":4},{"damage":2,"enemies":"Chosen","floor":19,"turns":4},{"damage":33,"enemies":"Masked Bandits","floor":22,"turns":4},{"damage":9,"enemies":"Book of Stabbing","floor":23,"turns":4},{"damage":13,"enemies":"Gremlin Leader","floor":25,"turns":6},{"damage":10,"enemies":"Snake Plant","floor":27,"turns":5},{"damage":23,"enemies":"Slavers","floor":30,"turns":7},{"damage":55,"enemies":"Collector","floor":33,"turns":18},{"damage":0,"enemies":"3 Shapes","floor":35,"turns":6},{"damage":11,"enemies":"Orb Walker","floor":39,"turns":5},{"damage":87,"enemies":"Giant Head","floor":40,"turns":10},{"damage":0,"enemies":"Maw","floor":42,"turns":10},{"damage":14,"enemies":"3 Darklings","floor":44,"turns":8},{"damage":63,"enemies":"Awakened One","floor":50,"turns":15}],"seed_played":"-6629529305529290242","potions_obtained":[{"floor":1,"key":"PowerPotion"},{"floor":4,"key":"SpeedPotion"},{"floor":8,"key":"Dexterity Potion"},{"floor":16,"key":"SkillPotion"},{"floor":18,"key":"SteroidPotion"},{"floor":25,"key":"Regen Potion"},{"floor":30,"key":"Dexterity Potion"},{"floor":35,"key":"Fruit Juice"},{"floor":40,"key":"Fire Potion"}],"is_trial":false,"path_per_floor":["M","M","?","M","M","E","R","E","T","R","?","T","?","?","R","B",null,"M","M","?","?","?","E","R","E","T","M","R","T","E","?","R","B",null,"M","T","$","?","M","E","R","M","T","M","R","T","R","?","R","B",null],"character_chosen":"DEFECT","items_purchased":["Juzu Bracelet","Coolheaded","Apotheosis"],"campfire_rested":6,"item_purchase_floors":[37,37,37],"current_hp_per_floor":[68,68,68,61,33,10,32,13,13,13,38,38,27,12,34,6,58,58,56,56,42,16,9,33,36,36,52,52,52,38,38,63,15,68,84,84,84,84,89,7,35,55,55,61,61,61,61,61,89,26],"gold":680,"neow_bonus":"THREE_CARDS","is_prod":false,"is_daily":false,"chose_seed":false,"campfire_upgraded":3,"win_rate":0,"timestamp":1556492980,"path_taken":["M","M","?","M","?","E","R","E","T","R","?","?","?","?","R","BOSS","M","M","?","?","?","E","R","E","T","M","R","?","E","?","R","BOSS","M","?","$","?","M","E","R","M","T","M","R","?","R","?","R","BOSS"],"build_version":"2019-01-23","purchased_purges":1,"victory":true,"max_hp_per_floor":[75,75,75,75,75,75,75,75,75,75,75,75,75,75,75,75,75,75,75,75,80,80,82,82,84,84,84,84,84,86,86,86,86,86,88,88,88,88,90,95,95,95,95,95,95,95,95,95,95,95],"card_choices":[{"not_picked":["Go for the Eyes","Sweeping Beam"],"picked":"Streamline","floor":0},{"not_picked":["Redo","Hologram"],"picked":"Ball Lightning","floor":1},{"not_picked":["Streamline","Rebound"],"picked":"Cold Snap","floor":2},{"not_picked":["Lockon","Ball Lightning"],"picked":"Beam Cell","floor":4},{"not_picked":["FTL","Ball Lightning"],"picked":"Static Discharge","floor":5},{"not_picked":["Undo","Multi-Cast","Cold Snap"],"picked":"SKIP","floor":6},{"not_picked":["Genetic Algorithm","Rebound"],"picked":"Glacier","floor":8},{"not_picked":["Reboot","Multi-Cast"],"picked":"Echo Form","floor":16},{"not_picked":["Leap","Conserve Battery"],"picked":"Steam+1","floor":18},{"not_picked":["Reprogram","Redo"],"picked":"Self Repair","floor":19},{"not_picked":["Gash","Genetic Algorithm"],"picked":"BootSequence","floor":22},{"not_picked":["Fission","Redo","Beam Cell"],"picked":"Singing Bowl","floor":23},{"not_picked":["Melter+1","Genetic Algorithm","Chill"],"picked":"Singing Bowl","floor":25},{"not_picked":["Undo","Conserve Battery"],"picked":"Defragment","floor":27},{"not_picked":["Rebound+1","Tempest","Steam"],"picked":"Singing Bowl","floor":30},{"not_picked":["Machine Learning","Fission"],"picked":"Thunder Strike","floor":33},{"not_picked":["Leap+1","Beam Cell","Cold Snap+1"],"picked":"Singing Bowl","floor":35},{"not_picked":["Cold Snap","Go for the Eyes","Barrage"],"picked":"Singing Bowl","floor":39},{"not_picked":["Undo+1","Streamline"],"picked":"Capacitor+1","floor":40},{"not_picked":["Rebound","Chaos"],"picked":"Seek","floor":42},{"not_picked":["Skim+1","Steam Power"],"picked":"Coolheaded+1","floor":44}],"player_experience":338561,"relics_obtained":[{"floor":6,"key":"Ice Cream"},{"floor":8,"key":"Anchor"},{"floor":9,"key":"Letter Opener"},{"floor":10,"key":"Singing Bowl"},{"floor":12,"key":"PreservedInsect"},{"floor":22,"key":"Red Mask"},{"floor":23,"key":"Orichalcum"},{"floor":25,"key":"Darkstone Periapt"},{"floor":26,"key":"Vajra"},{"floor":29,"key":"Tiny Chest"},{"floor":30,"key":"WingedGreaves"},{"floor":36,"key":"War Paint"},{"floor":40,"key":"Ancient Tea Set"},{"floor":43,"key":"Blue Candle"},{"floor":46,"key":"Whetstone"}],"event_choices":[{"damage_healed":0,"gold_gain":0,"player_choice":"Gave Potion","damage_taken":0,"relics_obtained":["Shovel"],"max_hp_gain":0,"max_hp_loss":0,"event_name":"WeMeetAgain","floor":3,"gold_loss":0},{"damage_healed":25,"gold_gain":0,"player_choice":"Banana","damage_taken":0,"max_hp_gain":0,"max_hp_loss":0,"event_name":"Big Fish","floor":11,"gold_loss":0},{"damage_healed":0,"gold_gain":75,"player_choice":"Gather Gold","damage_taken":11,"max_hp_gain":0,"max_hp_loss":0,"event_name":"World of Goop","floor":13,"gold_loss":0},{"damage_healed":0,"gold_gain":0,"player_choice":"Entered Light","damage_taken":15,"max_hp_gain":0,"max_hp_loss":0,"event_name":"Shining Light","floor":14,"gold_loss":0,"cards_upgraded":["Static Discharge","Streamline"]},{"damage_healed":0,"gold_gain":0,"player_choice":"Simplicity","damage_taken":0,"max_hp_gain":0,"max_hp_loss":0,"event_name":"Back to Basics","floor":20,"gold_loss":0,"cards_upgraded":["Strike_B","Strike_B","Strike_B","Strike_B","Defend_B","Defend_B","Defend_B","Defend_B"]},{"damage_healed":0,"gold_gain":0,"player_choice":"Shed Blood","damage_taken":19,"max_hp_gain":5,"max_hp_loss":0,"event_name":"Forgotten Altar","floor":21,"gold_loss":0},{"damage_healed":0,"gold_gain":0,"player_choice":"Fought Bandits","damage_taken":0,"max_hp_gain":0,"max_hp_loss":0,"event_name":"Masked Bandits","floor":22,"gold_loss":0},{"cards_removed":["Strike_B"],"damage_healed":0,"gold_gain":0,"player_choice":"Purged","damage_taken":0,"max_hp_gain":0,"max_hp_loss":0,"event_name":"Purifier","floor":31,"gold_loss":0},{"damage_healed":0,"gold_gain":222,"player_choice":"Wore Mask","damage_taken":0,"max_hp_gain":0,"max_hp_loss":0,"event_name":"Tomb of Lord Red Mask","floor":38,"gold_loss":0},{"damage_healed":0,"gold_gain":0,"player_choice":"Upgraded Two","damage_taken":0,"max_hp_gain":0,"max_hp_loss":0,"event_name":"Designer","floor":48,"gold_loss":40,"cards_upgraded":["Seek","Cold Snap"]}],"is_beta":false,"boss_relics":[{"not_picked":["Velvet Choker","Runic Dome"],"picked":"Runic Pyramid"},{"not_picked":["Philosopher\u0027s Stone","Black Star"],"picked":"Snecko Eye"}],"items_purged_floors":[37],"is_endless":false,"potions_floor_spawned":[1,4,8,16,18,25,30,35,40],"ascension_level":12}