{"gold_per_floor":[112,112,112,127,179,222,33,33,86,121,121,196,239,239,239,364,364,385,112,27,27,27,27,27],"floor_reached":24,"playtime":528,"items_purged":["Strike_R","Normality"],"score":288,"play_id":"d3071197-f9fe-4314-ad18-f9e9bdabed53","local_time":"20190328211003","is_ascension_mode":true,"campfire_choices":[{"data":"Anger","floor":8,"key":"SMITH"},{"data":"Bludgeon","floor":11,"key":"SMITH"},{"data":"Iron Wave","floor":15,"key":"SMITH"},{"floor":23,"key":"REST"}],"neow_cost":"NONE","seed_source_timestamp":1025555963464300,"circlet_count":0,"master_deck":["Strike_R","Strike_R","Strike_R","Strike_R","Defend_R","Defend_R","Defend_R","Defend_R","Bash+1","Anger+1","Iron Wave+1","Corruption+1","Feel No Pain+1","Battle Trance","Bludgeon+1","Clothesline","Dark Embrace+1","Injury","Intimidate","Apotheosis"],"relics":["Burning Blood","Golden Idol","StoneCalendar","Potion Belt","Frozen Egg 2","Omamori","Boot","Strawberry","Calling Bell","Happy Flower","Shuriken","Unceasing Top","Art of War","MutagenicStrength"],"potions_floor_usage":[17],"damage_taken":[{"damage":1,"enemies":"Cultist","floor":1,"turns":4},{"damage":6,"enemies":"2 Louse","floor":4,"turns":2},{"damage":30,"enemies":"3 Sentries","floor":6,"turns":7},{"damage":2,"enemies":"Lagavulin","floor":10,"turns":6},{"damage":24,"enemies":"Gremlin Nob","floor":13,"turns":4},{"damage":12,"enemies":"Slime Boss","floor":16,"turns":7},{"damage":40,"enemies":"2 Thieves","floor":18,"turns":5},{"damage":36,"enemies":"Colosseum Slavers","floor":21,"turns":4},{"damage":37,"enemies":"Gremlin Leader","floor":24,"turns":2}],"seed_played":"-1863852103175298357","potions_obtained":[{"floor":16,"key":"Fruit Juice"},{"floor":18,"key":"Weak Potion"}],"is_trial":false,"path_per_floor":["M","?","?","M","T","E","$","R","T","E","R","?","E","?","R","B",null,"M","$","?","?","?","R","E"],"character_chosen":"IRONCLAD","items_purchased":["Feel No Pain+1","Battle Trance","Apotheosis"],"campfire_rested":1,"item_purchase_floors":[7,7,19],"current_hp_per_floor":[77,74,67,67,67,43,43,43,43,47,47,36,25,45,45,39,76,42,42,42,12,12,37,0],"gold":27,"neow_bonus":"UPGRADE_CARD","is_prod":false,"is_daily":false,"chose_seed":false,"campfire_upgraded":3,"win_rate":0,"timestamp":1553825403,"path_taken":["M","?","?","M","?","E","$","R","T","E","R","?","E","?","R","BOSS","M","$","?","?","?","R","E"],"build_version":"2019-01-23","purchased_purges":2,"victory":false,"max_hp_per_floor":[80,74,74,74,74,74,74,74,74,74,74,74,81,81,81,81,86,86,86,86,86,86,86,86],"card_choices":[{"not_picked":["Warcry","Infernal Blade"],"picked":"Anger","floor":1},{"not_picked":["Blood for Blood","Headbutt"],"picked":"Iron Wave","floor":4},{"not_picked":["Headbutt","Exhume"],"picked":"Corruption","floor":6},{"not_picked":["Thunderclap","Ghostly Armor"],"picked":"Bludgeon","floor":10},{"not_picked":["Blood for Blood","Rupture+1"],"picked":"Clothesline","floor":13},{"not_picked":["Impervious","Berserk+1"],"picked":"Dark Embrace+1","floor":16},{"not_picked":["Heavy Blade","Power Through"],"picked":"Intimidate","floor":18}],"player_experience":269404,"relics_obtained":[{"floor":5,"key":"Potion Belt"},{"floor":6,"key":"Frozen Egg 2"},{"floor":9,"key":"Omamori"},{"floor":10,"key":"Boot"},{"floor":13,"key":"Strawberry"},{"floor":17,"key":"Happy Flower"},{"floor":17,"key":"Shuriken"},{"floor":17,"key":"Unceasing Top"}],"event_choices":[{"damage_healed":0,"gold_gain":0,"player_choice":"Lose Max HP","damage_taken":0,"relics_obtained":["Golden Idol"],"max_hp_gain":0,"max_hp_loss":6,"event_name":"Golden Idol","floor":2,"gold_loss":0},{"damage_healed":0,"gold_gain":0,"player_choice":"Success","damage_taken":7,"relics_obtained":["StoneCalendar"],"max_hp_gain":0,"max_hp_loss":0,"event_name":"Scrap Ooze","floor":3,"gold_loss":0},{"damage_healed":0,"gold_gain":75,"player_choice":"Gather Gold","damage_taken":11,"max_hp_gain":0,"max_hp_loss":0,"event_name":"World of Goop","floor":12,"gold_loss":0},{"damage_healed":20,"gold_gain":0,"player_choice":"Healed and dodged fight","damage_taken":0,"max_hp_gain":0,"max_hp_loss":0,"event_name":"Mushrooms","floor":14,"gold_loss":0,"cards_obtained":["Parasite"]},{"damage_healed":0,"gold_gain":0,"player_choice":"Obtained Relic","damage_taken":0,"relics_obtained":["Art of War"],"max_hp_gain":0,"max_hp_loss":0,"event_name":"Addict","floor":20,"gold_loss":85},{"damage_healed":0,"gold_gain":0,"player_choice":"Fight","damage_taken":0,"max_hp_gain":0,"max_hp_loss":0,"event_name":"Colosseum","floor":21,"gold_loss":0},{"damage_healed":0,"gold_gain":0,"player_choice":"Fled From Nobs","damage_taken":0,"max_hp_gain":0,"max_hp_loss":0,"event_name":"Colosseum","floor":21,"gold_loss":0},{"damage_healed":0,"gold_gain":0,"player_choice":"Inject Mutagens","damage_taken":0,"relics_obtained":["MutagenicStrength"],"max_hp_gain":0,"max_hp_loss":0,"event_name":"Drug Dealer","floor":22,"gold_loss":0}],"is_beta":false,"boss_relics":[{"not_picked":["Fusion Hammer","Coffee Dripper"],"picked":"Calling Bell"}],"items_purged_floors":[7,19],"is_endless":false,"potions_floor_spawned":[16,18],"killed_by":"Gremlin Leader","ascension_level":8}