{"gold_per_floor":[116,7,7,20,20,47,60,86,139,164,164,189,189,200,200,200],"floor_reached":16,"playtime":440,"items_purged":[],"score":250,"play_id":"40a5f43c-dea8-4438-9486-21beadf90df2","local_time":"20190503232259","is_ascension_mode":true,"campfire_choices":[{"floor":11,"key":"REST"},{"data":"Zap","floor":15,"key":"SMITH"}],"neow_cost":"NONE","seed_source_timestamp":546427033917478,"circlet_count":0,"master_deck":["AscendersBane","Strike_B","Strike_B+1","Defend_B+1","Defend_B","Defend_B","Defend_B","Zap+1","Dualcast","Glacier","Loop+1","Melter+1","Hologram","Biased Cognition","Redo","Steam"],"relics":["Cracked Core","NeowsBlessing","Sundial","Whetstone","Centennial Puzzle","Girya","Vajra"],"potions_floor_usage":[10,16,16],"damage_taken":[{"damage":0,"enemies":"Small Slimes","floor":1,"turns":1},{"damage":0,"enemies":"2 Louse","floor":4,"turns":1},{"damage":0,"enemies":"Gremlin Nob","floor":6,"turns":1},{"damage":1,"enemies":"Jaw Worm","floor":7,"turns":4},{"damage":3,"enemies":"Lagavulin","floor":8,"turns":8},{"damage":12,"enemies":"3 Sentries","floor":10,"turns":9},{"damage":0,"enemies":"3 Louse","floor":14,"turns":2},{"damage":41,"enemies":"Slime Boss","floor":16,"turns":11}],"seed_played":"-4625159075757082339","potions_obtained":[{"floor":1,"key":"Block Potion"},{"floor":6,"key":"Poison Potion"},{"floor":7,"key":"Block Potion"},{"floor":14,"key":"AttackPotion"}],"is_trial":false,"path_per_floor":["M","$","?","M","?","E","M","E","T","E","R","T","?","M","R","B"],"character_chosen":"DEFECT","items_purchased":["Loop","Melter"],"campfire_rested":1,"item_purchase_floors":[2,2],"current_hp_per_floor":[64,64,57,57,36,36,35,32,32,20,41,41,41,41,41,0],"gold":200,"neow_bonus":"THREE_ENEMY_KILL","is_prod":false,"is_daily":false,"chose_seed":false,"campfire_upgraded":1,"win_rate":0,"timestamp":1556943779,"path_taken":["M","$","?","M","?","E","M","E","T","E","R","?","?","M","R","BOSS"],"build_version":"2019-01-23","purchased_purges":0,"victory":false,"max_hp_per_floor":[71,71,71,71,71,71,71,71,71,71,71,71,71,71,71,71],"card_choices":[{"not_picked":["Ball Lightning","Coolheaded"],"picked":"Glacier","floor":1},{"not_picked":["Melter","Compile Driver"],"picked":"Hologram","floor":4},{"not_picked":["Streamline","Redo"],"picked":"Biased Cognition","floor":6},{"not_picked":["Scrape","Go for the Eyes"],"picked":"Redo","floor":7},{"not_picked":["Stack","Hello World"],"picked":"Steam","floor":8},{"not_picked":["Auto Shields","Gash","Rebound"],"picked":"SKIP","floor":10},{"not_picked":["Sweeping Beam","Hyperbeam","Blizzard"],"picked":"SKIP","floor":14}],"player_experience":377424,"relics_obtained":[{"floor":6,"key":"Sundial"},{"floor":8,"key":"Whetstone"},{"floor":9,"key":"Centennial Puzzle"},{"floor":10,"key":"Girya"},{"floor":12,"key":"Vajra"}],"event_choices":[{"cards_removed":["Strike_B"],"damage_healed":0,"gold_gain":0,"player_choice":"Card Removal","damage_taken":7,"max_hp_gain":0,"max_hp_loss":0,"event_name":"Golden Wing","floor":3,"gold_loss":0},{"damage_healed":0,"gold_gain":0,"player_choice":"Entered Light","damage_taken":21,"max_hp_gain":0,"max_hp_loss":0,"event_name":"Shining Light","floor":5,"gold_loss":0,"cards_upgraded":["Defend_B","Loop"]},{"cards_removed":["Strike_B"],"damage_healed":0,"gold_gain":0,"player_choice":"Purged","damage_taken":0,"max_hp_gain":0,"max_hp_loss":0,"event_name":"Purifier","floor":13,"gold_loss":0}],"is_beta":false,"boss_relics":[],"items_purged_floors":[],"is_endless":false,"potions_floor_spawned":[1,6,7,14],"killed_by":"Slime Boss","ascension_level":15}