{"gold_per_floor":[115,115,18,38,38,68,87,12,37,50,75,94,94,112,112,186,186,204,223,6,18,18,18,18,47,47,47,62,74,99,117,117,189,189,199,216,516,532,552,584,584,614,704,716,744,365,376,0,0,0,0],"floor_reached":52,"playtime":1910,"items_purged":["Pain","Strike_B"],"score":1967,"play_id":"f274c4c8-9ee2-48bc-89cb-bc9f4d6d01c5","local_time":"20190527053435","is_ascension_mode":true,"campfire_choices":[{"data":"Static Discharge","floor":13.0,"key":"SMITH"},{"floor":15.0,"key":"REST"},{"floor":23.0,"key":"REST"},{"floor":32.0,"key":"REST"},{"floor":41.0,"key":"REST"},{"floor":44.0,"key":"REST"},{"floor":49.0,"key":"REST"}],"neow_cost":"NONE","seed_source_timestamp":514802042567310,"circlet_count":0,"master_deck":["AscendersBane","Strike_B+1","Defend_B","Defend_B+1","Defend_B","Defend_B","Zap","Dualcast+1","Streamline","Ball Lightning","Static Discharge+1","Compile Driver","Hologram","Conserve Battery","Ball Lightning","Sweeping Beam+1","Coolheaded","Hologram","Electrodynamics","Sunder","Hologram+1","White Noise","Recycle","Steam","Biased Cognition","Echo Form","Chill+1","Self Repair","Glacier","Leap+1","Coolheaded+1","Biased Cognition"],"special_seed":0,"relics":["Cracked Core","NeowsBlessing","WarpedTongs","War Paint","DataDisk","Cables","Nuclear Battery","OrangePellets","Matryoshka","Bronze Scales","Oddly Smooth Stone","Question Card","Whetstone","Omamori","Cursed Key","Mercury Hourglass","MawBank","Kunai","Lee\u0027s Waffle","Red Mask"],"potions_floor_usage":[51,51],"damage_taken":[{"damage":0.0,"enemies":"Jaw Worm","floor":1.0,"turns":1.0},{"damage":0.0,"enemies":"Cultist","floor":4.0,"turns":1.0},{"damage":1.0,"enemies":"Lagavulin","floor":6.0,"turns":1.0},{"damage":4.0,"enemies":"Small Slimes","floor":7.0,"turns":2.0},{"damage":9.0,"enemies":"Red Slaver","floor":10.0,"turns":2.0},{"damage":8.0,"enemies":"Gremlin Nob","floor":11.0,"turns":3.0},{"damage":7.0,"enemies":"3 Louse","floor":12.0,"turns":2.0},{"damage":9.0,"enemies":"Exordium Thugs","floor":14.0,"turns":3.0},{"damage":9.0,"enemies":"The Guardian","floor":16.0,"turns":10.0},{"damage":2.0,"enemies":"Chosen","floor":18.0,"turns":3.0},{"damage":6.0,"enemies":"3 Byrds","floor":19.0,"turns":2.0},{"damage":30.0,"enemies":"Shelled Parasite and Fungi","floor":21.0,"turns":3.0},{"damage":29.0,"enemies":"Gremlin Leader","floor":25.0,"turns":6.0},{"damage":1.0,"enemies":"Chosen and Byrds","floor":28.0,"turns":3.0},{"damage":0.0,"enemies":"3 Cultists","floor":29.0,"turns":4.0},{"damage":0.0,"enemies":"Snecko","floor":31.0,"turns":3.0},{"damage":27.0,"enemies":"Collector","floor":33.0,"turns":5.0},{"damage":0.0,"enemies":"3 Darklings","floor":35.0,"turns":2.0},{"damage":21.0,"enemies":"Orb Walker","floor":36.0,"turns":3.0},{"damage":0.0,"enemies":"Maw","floor":38.0,"turns":6.0},{"damage":25.0,"enemies":"Writhing Mass","floor":39.0,"turns":6.0},{"damage":0.0,"enemies":"Giant Head","floor":40.0,"turns":9.0},{"damage":38.0,"enemies":"Nemesis","floor":42.0,"turns":8.0},{"damage":0.0,"enemies":"3 Darklings","floor":45.0,"turns":2.0},{"damage":25.0,"enemies":"Transient","floor":47.0,"turns":6.0},{"damage":25,"enemies":"Time Eater","floor":50,"turns":19},{"damage":41,"enemies":"Awakened One","floor":51,"turns":17}],"seed_played":"-2996639658180952713","potions_obtained":[{"floor":6.0,"key":"Poison Potion"},{"floor":7.0,"key":"SteroidPotion"},{"floor":11.0,"key":"Ancient Potion"},{"floor":14.0,"key":"Swift Potion"},{"floor":19.0,"key":"FocusPotion"},{"floor":21.0,"key":"EntropicBrew"},{"floor":36.0,"key":"Block Potion"},{"floor":42.0,"key":"LiquidBronze"},{"floor":45.0,"key":"Fire Potion"}],"is_trial":false,"path_per_floor":["M","?","$","M","?","E","M","$","T","M","E","M","R","M","R","B",null,"M","M","$","M","?","R","$","E","T","?","M","M","T","M","R","B",null,"M","M","?","M","M","E","R","E","T","R","M","$","M","?","R","B","B",null],"character_chosen":"DEFECT","items_purchased":["Ball Lightning","Static Discharge","OrangePellets","Lee\u0027s Waffle","Biased Cognition"],"campfire_rested":6,"item_purchase_floors":[3,3,20,46,46],"current_hp_per_floor":[64,64,64,64,64,63,59,59,59,50,42,35,35,26,47,38,63,61,55,55,25,25,46,46,17,17,17,16,16,16,16,37,10,56,56,35,35,35,10,24,45,27,27,48,48,78,53,53,76,61,40],"gold":0,"neow_bonus":"THREE_ENEMY_KILL","is_prod":false,"is_daily":false,"chose_seed":false,"campfire_upgraded":1,"win_rate":0,"timestamp":1558953275,"path_taken":["M","?","$","?","?","E","?","$","T","M","E","M","R","M","R","BOSS","M","M","$","M","?","R","?","E","T","?","M","?","?","M","R","BOSS","M","M","?","M","?","E","R","E","T","R","M","$","M","?","R","BOSS","BOSS"],"build_version":"2019-01-23","purchased_purges":2,"victory":true,"max_hp_per_floor":[71,71,71,71,71,71,71,71,71,71,71,71,71,71,71,71,71,71,71,71,71,71,71,71,71,71,71,71,71,71,71,71,71,71,71,71,71,71,71,71,71,71,71,71,71,78,78,78,78,78,78],"card_choices":[{"not_picked":["Turbo","Auto Shields"],"picked":"Streamline","floor":1.0},{"not_picked":["Rip and Tear","Barrage"],"picked":"Compile Driver","floor":4.0},{"not_picked":["Static Discharge","Scrape"],"picked":"Hologram","floor":6.0},{"not_picked":["Sweeping Beam","Skim"],"picked":"Conserve Battery","floor":7.0},{"not_picked":["Go for the Eyes","Turbo"],"picked":"Ball Lightning","floor":10.0},{"not_picked":["Stack","Rebound"],"picked":"Sweeping Beam","floor":11.0},{"not_picked":["Go for the Eyes","Reprogram"],"picked":"Coolheaded","floor":12.0},{"not_picked":["Steam","Meteor Strike"],"picked":"Hologram","floor":14.0},{"not_picked":["Creative AI","Meteor Strike"],"picked":"Electrodynamics","floor":16.0},{"not_picked":["Streamline","Barrage","Gash"],"picked":"SKIP","floor":18.0},{"not_picked":["Conserve Battery","Genetic Algorithm"],"picked":"Sunder","floor":19.0},{"not_picked":["Gash","Auto Shields"],"picked":"Hologram+1","floor":21.0},{"not_picked":["Compile Driver","Auto Shields"],"picked":"Recycle","floor":25.0},{"not_picked":["Conserve Battery","Sweeping Beam","Leap"],"picked":"Steam","floor":28.0},{"not_picked":["Barrage","Steam","Lockon","Rebound+1"],"picked":"SKIP","floor":29.0},{"not_picked":["Barrage","Cold Snap","BootSequence"],"picked":"Biased Cognition","floor":31.0},{"not_picked":["Seek","Machine Learning","Reboot"],"picked":"Echo Form","floor":33.0},{"not_picked":["FTL+1","Rebound","Recycle"],"picked":"Chill+1","floor":35.0},{"not_picked":["Steam","Tempest","Barrage","Consume"],"picked":"SKIP","floor":36.0},{"not_picked":["Streamline","Chaos+1","Heatsinks","FTL"],"picked":"SKIP","floor":38.0},{"not_picked":["Beam Cell+1","Cold Snap","Barrage+1"],"picked":"Self Repair","floor":39.0},{"not_picked":["Steam Power+1","Streamline","Aggregate"],"picked":"Glacier","floor":40.0},{"not_picked":["All For One","Force Field","Compile Driver"],"picked":"Leap+1","floor":42.0},{"not_picked":["Conserve Battery","Rebound","Sweeping Beam+1"],"picked":"Coolheaded+1","floor":45.0},{"not_picked":["Beam Cell+1","Darkness","Double Energy","Barrage+1"],"picked":"SKIP","floor":47.0}],"player_experience":467909,"relics_obtained":[{"floor":6.0,"key":"War Paint"},{"floor":9.0,"key":"DataDisk"},{"floor":11.0,"key":"Cables"},{"floor":25.0,"key":"Matryoshka"},{"floor":26.0,"key":"Bronze Scales"},{"floor":26.0,"key":"Oddly Smooth Stone"},{"floor":30.0,"key":"Whetstone"},{"floor":30.0,"key":"Omamori"},{"floor":40.0,"key":"Mercury Hourglass"},{"floor":42.0,"key":"MawBank"},{"floor":43.0,"key":"Kunai"}],"event_choices":[{"cards_removed":["Strike_B"],"damage_healed":0.0,"max_hp_gain":0.0,"max_hp_loss":0.0,"gold_gain":0.0,"event_name":"Wheel of Change","player_choice":"Card Removal","floor":2.0,"gold_loss":0.0,"damage_taken":0.0},{"damage_healed":0.0,"max_hp_gain":0.0,"max_hp_loss":0.0,"gold_gain":0.0,"event_name":"Accursed Blacksmith","player_choice":"Rummage","floor":5.0,"gold_loss":0.0,"damage_taken":0.0,"relics_obtained":["WarpedTongs"],"cards_obtained":["Pain"]},{"damage_healed":0.0,"max_hp_gain":0.0,"max_hp_loss":0.0,"gold_gain":0.0,"cards_transformed":["Strike_B"],"event_name":"Transmorgrifier","player_choice":"Transformed","floor":22.0,"gold_loss":0.0,"damage_taken":0.0,"cards_obtained":["White Noise"]},{"damage_healed":0.0,"max_hp_gain":0.0,"max_hp_loss":0.0,"gold_gain":0.0,"event_name":"WeMeetAgain","player_choice":"Gave Potion","floor":27.0,"gold_loss":0.0,"damage_taken":0.0,"relics_obtained":["Question Card"]},{"damage_healed":0.0,"max_hp_gain":0.0,"max_hp_loss":0.0,"gold_gain":300.0,"event_name":"Wheel of Change","player_choice":"Gold","floor":37.0,"gold_loss":0.0,"damage_taken":0.0},{"damage_healed":0.0,"max_hp_gain":0.0,"max_hp_loss":0.0,"gold_gain":0.0,"event_name":"Tomb of Lord Red Mask","player_choice":"Paid","floor":48.0,"gold_loss":376.0,"damage_taken":0.0,"relics_obtained":["Red Mask"]}],"is_beta":false,"boss_relics":[{"not_picked":["Ectoplasm","Astrolabe"],"picked":"Nuclear Battery"},{"not_picked":["Fusion Hammer","Coffee Dripper"],"picked":"Cursed Key"}],"items_purged_floors":[8,46],"is_endless":false,"potions_floor_spawned":[6,7,11,14,19,21,25,36,42,45,47],"ascension_level":20}