{"gold_per_floor":[117,117,133,133,133,160,160,186,186,205,19,44,44,2,2,79,79,97,19,19,0,0,0,11,11,61,61,61,61,137,137],"floor_reached":31,"playtime":554,"items_purged":[],"score":513,"play_id":"2185a361-55a6-41d7-b2b7-40bc7f8eb93b","local_time":"20190517144728","is_ascension_mode":true,"campfire_choices":[{"data":"White Noise","floor":7.0,"key":"SMITH"},{"floor":13.0,"key":"REST"},{"data":"Zap","floor":15.0,"key":"SMITH"},{"floor":23,"key":"REST"},{"floor":28,"key":"REST"}],"neow_cost":"NONE","seed_source_timestamp":2870857946737,"circlet_count":0,"master_deck":["AscendersBane","Strike_B+1","Strike_B+1","Strike_B+1","Strike_B+1","Defend_B+1","Defend_B+1","Defend_B+1","Defend_B+1","Zap+1","Dualcast","White Noise+1","Compile Driver","Biased Cognition+1","Hyperbeam","Leap","Defragment+1","Coolheaded","Turbo","Heatsinks+1","Capacitor+1","Creative AI+1","Defragment+1","Storm+1","Barrage+1","Chill"],"special_seed":0,"relics":["Cracked Core","NeowsBlessing","CultistMask","Frozen Egg 2","Gremlin Horn","Art of War","Pen Nib","Snecko Eye","MutagenicStrength","Dream Catcher","The Courier"],"potions_floor_usage":[],"damage_taken":[{"damage":0.0,"enemies":"2 Louse","floor":1.0,"turns":1.0},{"damage":0.0,"enemies":"Jaw Worm","floor":3.0,"turns":1.0},{"damage":0.0,"enemies":"Lagavulin","floor":6.0,"turns":1.0},{"damage":46.0,"enemies":"Gremlin Nob","floor":8.0,"turns":5.0},{"damage":0.0,"enemies":"Small Slimes","floor":10.0,"turns":3.0},{"damage":15.0,"enemies":"3 Sentries","floor":12.0,"turns":4.0},{"damage":28,"enemies":"Slime Boss","floor":16,"turns":7},{"damage":39,"enemies":"2 Thieves","floor":18,"turns":3},{"damage":12,"enemies":"Chosen","floor":24,"turns":4},{"damage":11,"enemies":"Colosseum Slavers","floor":29,"turns":4},{"damage":38,"enemies":"Slavers","floor":31,"turns":2}],"seed_played":"-5456950259687920761","potions_obtained":[{"floor":3.0,"key":"SteroidPotion"},{"floor":8.0,"key":"Poison Potion"},{"floor":10.0,"key":"Ancient Potion"},{"floor":16,"key":"SkillPotion"},{"floor":24,"key":"Fire Potion"}],"is_trial":false,"path_per_floor":["M","?","M","?","?","E","R","E","T","M","$","E","R","$","R","B",null,"M","$","?","?","?","R","M","$","T","$","R","?","T","E"],"character_chosen":"DEFECT","items_purchased":["Defragment+1","Coolheaded","Turbo","Capacitor+1","Storm+1"],"campfire_rested":3,"item_purchase_floors":[11,11,11,14,19],"current_hp_per_floor":[64,59,59,71,71,71,71,25,25,25,25,10,31,31,31,3,54,15,15,15,15,15,36,24,24,24,24,45,34,34,0],"gold":137,"neow_bonus":"THREE_ENEMY_KILL","is_prod":false,"is_daily":false,"chose_seed":false,"campfire_upgraded":2,"win_rate":0,"timestamp":1558122448,"path_taken":["M","?","M","?","?","E","R","E","T","?","?","E","R","$","R","BOSS","M","$","?","?","?","R","M","?","T","$","R","?","?","E"],"build_version":"2019-01-23","purchased_purges":0,"victory":false,"max_hp_per_floor":[71,71,71,71,71,71,71,71,71,71,71,71,71,71,71,71,71,71,71,71,71,71,71,71,71,71,71,71,71,71,71],"card_choices":[{"not_picked":["Stack","Tempest"],"picked":"White Noise","floor":1.0},{"not_picked":["Steam","Capacitor"],"picked":"Compile Driver","floor":3.0},{"not_picked":["Compile Driver","Undo"],"picked":"Biased Cognition","floor":6.0},{"not_picked":["Conserve Battery","Steam Power"],"picked":"Hyperbeam","floor":8.0},{"not_picked":["Barrage","Tempest"],"picked":"Leap","floor":10.0},{"not_picked":["Double Energy","Sunder"],"picked":"Heatsinks+1","floor":12.0},{"not_picked":["Amplify","Multi-Cast"],"picked":"Creative AI+1","floor":16},{"not_picked":["Rebound","Heatsinks+1"],"picked":"Defragment+1","floor":18},{"not_picked":["Rebound+1","Conserve Battery"],"picked":"Barrage+1","floor":24},{"not_picked":["Turbo","Steam+1"],"picked":"Chill","floor":28}],"player_experience":430842,"relics_obtained":[{"floor":6.0,"key":"Frozen Egg 2"},{"floor":8.0,"key":"Gremlin Horn"},{"floor":9.0,"key":"Art of War"},{"floor":12.0,"key":"Pen Nib"},{"floor":26,"key":"Dream Catcher"},{"floor":30,"key":"The Courier"}],"event_choices":[{"damage_healed":0.0,"max_hp_gain":0.0,"max_hp_loss":0.0,"gold_gain":0.0,"event_name":"Scrap Ooze","player_choice":"Fled","floor":2.0,"gold_loss":0.0,"damage_taken":5.0},{"damage_healed":23.0,"max_hp_gain":0.0,"max_hp_loss":0.0,"gold_gain":0.0,"event_name":"Big Fish","player_choice":"Banana","floor":4.0,"gold_loss":0.0,"damage_taken":0.0},{"damage_healed":0.0,"max_hp_gain":0.0,"max_hp_loss":0.0,"gold_gain":0.0,"event_name":"FaceTrader","player_choice":"Trade","floor":5.0,"gold_loss":0.0,"damage_taken":0.0,"relics_obtained":["CultistMask"]},{"damage_healed":0,"gold_gain":0,"player_choice":"Inject Mutagens","damage_taken":0,"relics_obtained":["MutagenicStrength"],"max_hp_gain":0,"max_hp_loss":0,"event_name":"Drug Dealer","floor":20,"gold_loss":0},{"damage_healed":0,"gold_gain":0,"player_choice":"Paid Fearfully","damage_taken":0,"max_hp_gain":0,"max_hp_loss":0,"event_name":"Masked Bandits","floor":21,"gold_loss":19},{"damage_healed":0,"gold_gain":0,"player_choice":"Simplicity","damage_taken":0,"max_hp_gain":0,"max_hp_loss":0,"event_name":"Back to Basics","floor":22,"gold_loss":0,"cards_upgraded":["Strike_B","Strike_B","Strike_B","Strike_B","Defend_B","Defend_B","Defend_B","Defend_B"]},{"damage_healed":0,"gold_gain":0,"player_choice":"Fight","damage_taken":0,"max_hp_gain":0,"max_hp_loss":0,"event_name":"Colosseum","floor":29,"gold_loss":0},{"damage_healed":0,"gold_gain":0,"player_choice":"Fled From Nobs","damage_taken":0,"max_hp_gain":0,"max_hp_loss":0,"event_name":"Colosseum","floor":29,"gold_loss":0}],"is_beta":false,"boss_relics":[{"not_picked":["Eternal Feather","Ectoplasm"],"picked":"Snecko Eye"}],"items_purged_floors":[],"is_endless":false,"potions_floor_spawned":[3,8,10,16,18,24],"killed_by":"Slavers","ascension_level":18}