{"gold_per_floor":[113,113,35,35,51,51,65,65,141,155,170,186,215,231,231,336,336,316,327,260,278,278,278,288,288,314,326,342,138,138,138],"floor_reached":31,"playtime":2309,"items_purged":[],"score":241,"play_id":"172deb8f-69b9-46cf-abf2-915614158792","local_time":"20190207144218","is_ascension_mode":false,"campfire_choices":[{"data":"Defragment","floor":6.0,"key":"SMITH"},{"data":"Self Repair","floor":8.0,"key":"SMITH"},{"floor":15.0,"key":"REST"},{"floor":23,"key":"REST"},{"floor":25,"key":"REST"},{"floor":30,"key":"REST"}],"neow_cost":"NONE","seed_source_timestamp":0,"circlet_count":0,"master_deck":["Strike_B","Strike_B","Strike_B","Strike_B","Defend_B","Defend_B","Defend_B","Zap","Dualcast+1","Gash","Self Repair+1","Steam","Defragment+1","Heatsinks","Barrage","Rip and Tear","Sweeping Beam","Gash","Steam+1","Creative AI","Rip and Tear+1","Chill+1","Coolheaded+1","Barrage","Beam Cell","Double Energy+1","Beam Cell","Storm","Go for the Eyes","Finesse+1","Stack+1","Sweeping Beam"],"special_seed":0,"relics":["Cracked Core","NeowsBlessing","Darkstone Periapt","Toxic Egg 2","Nuclear Battery","MutagenicStrength","Centennial Puzzle"],"potions_floor_usage":[28],"damage_taken":[{"damage":0.0,"enemies":"2 Louse","floor":1.0,"turns":1.0},{"damage":0.0,"enemies":"Cultist","floor":5.0,"turns":1.0},{"damage":0.0,"enemies":"Jaw Worm","floor":7.0,"turns":1.0},{"damage":0.0,"enemies":"Looter","floor":10.0,"turns":2.0},{"damage":13.0,"enemies":"Blue Slaver","floor":11.0,"turns":3.0},{"damage":12.0,"enemies":"3 Louse","floor":12.0,"turns":3.0},{"damage":35.0,"enemies":"3 Sentries","floor":13.0,"turns":6.0},{"damage":15.0,"enemies":"Looter","floor":14.0,"turns":3.0},{"damage":61.0,"enemies":"Hexaghost","floor":16.0,"turns":10.0},{"damage":22.0,"enemies":"2 Thieves","floor":18.0,"turns":4.0},{"damage":23.0,"enemies":"Shell Parasite","floor":19.0,"turns":5.0},{"damage":47,"enemies":"3 Cultists","floor":21,"turns":9},{"damage":25,"enemies":"Centurion and Healer","floor":24,"turns":5},{"damage":30,"enemies":"Snake Plant","floor":27,"turns":5},{"damage":13,"enemies":"Sentry and Sphere","floor":28,"turns":7},{"damage":9,"enemies":"Colosseum Slavers","floor":31,"turns":3},{"damage":39,"enemies":"Colosseum Nobs","floor":31,"turns":5}],"seed_played":"-7438073956523993751","potions_obtained":[{"floor":5.0,"key":"EssenceOfSteel"},{"floor":7.0,"key":"EssenceOfSteel"},{"floor":11.0,"key":"Swift Potion"},{"floor":24,"key":"Fire Potion"},{"floor":28,"key":"PowerPotion"}],"is_trial":false,"path_per_floor":["M","?","$","?","M","R","M","R","T","M","M","M","E","M","R","B",null,"M","M","$","M","?","R","M","R","T","M","M","$","R","?"],"character_chosen":"DEFECT","items_purchased":["Self Repair","Steam","Coolheaded+1","Barrage","Go for the Eyes","Finesse+1","Stack+1","Sweeping Beam"],"campfire_rested":4,"item_purchase_floors":[3,3,20,20,29,29,29,29],"current_hp_per_floor":[75,75,75,75,75,75,75,75,75,75,72,70,45,40,62,11,75,63,50,50,13,13,35,20,42,42,22,19,19,41,0],"gold":138,"neow_bonus":"THREE_ENEMY_KILL","is_prod":false,"is_daily":false,"chose_seed":false,"campfire_upgraded":2,"win_rate":0.0,"timestamp":1549572138,"path_taken":["M","?","$","?","?","R","?","R","T","M","?","M","E","M","R","BOSS","M","M","$","M","?","R","M","R","T","M","M","$","R","?"],"build_version":"2019-01-23","purchased_purges":0,"victory":false,"max_hp_per_floor":[75,75,75,75,75,75,75,75,75,75,75,75,75,75,75,75,75,75,75,75,75,75,75,75,75,75,75,75,75,75,75],"card_choices":[{"not_picked":["Leap","Rip and Tear"],"picked":"Gash","floor":1.0},{"not_picked":["Cold Snap","Reinforced Body"],"picked":"Defragment","floor":5.0},{"not_picked":["Glacier","Go for the Eyes"],"picked":"Heatsinks","floor":7.0},{"not_picked":["Sweeping Beam","Coolheaded"],"picked":"Barrage","floor":10.0},{"not_picked":["Force Field","Double Energy"],"picked":"Rip and Tear","floor":11.0},{"not_picked":["Steam","Thunder Strike"],"picked":"Sweeping Beam","floor":12.0},{"not_picked":["Go for the Eyes","Redo"],"picked":"Gash","floor":13.0},{"not_picked":["Doom and Gloom","Machine Learning"],"picked":"Steam+1","floor":14.0},{"not_picked":["Fission+1","Buffer"],"picked":"Creative AI","floor":16.0},{"not_picked":["Doom and Gloom+1","Gash+1"],"picked":"Rip and Tear+1","floor":18.0},{"not_picked":["Gash","Streamline+1"],"picked":"Chill+1","floor":19},{"not_picked":["Sweeping Beam","Self Repair"],"picked":"Beam Cell","floor":21},{"not_picked":["Defragment","Hologram+1"],"picked":"Double Energy+1","floor":24},{"not_picked":["Hologram+1","Stack+1"],"picked":"Beam Cell","floor":27},{"not_picked":["FTL","Leap+1"],"picked":"Storm","floor":28}],"player_experience":2164,"relics_obtained":[{"floor":9.0,"key":"Darkstone Periapt"},{"floor":13.0,"key":"Toxic Egg 2"},{"floor":26,"key":"Centennial Puzzle"}],"event_choices":[{"damage_healed":0.0,"max_hp_gain":0.0,"max_hp_loss":0.0,"gold_gain":0.0,"event_name":"Upgrade Shrine","player_choice":"Upgraded","floor":2.0,"gold_loss":0.0,"damage_taken":0.0,"cards_upgraded":["Dualcast"]},{"cards_removed":["Defend_B"],"damage_healed":0.0,"max_hp_gain":0.0,"max_hp_loss":0.0,"gold_gain":0.0,"event_name":"Purifier","player_choice":"Purged","floor":4.0,"gold_loss":0.0,"damage_taken":0.0},{"damage_healed":0,"gold_gain":0,"player_choice":"Inject Mutagens","damage_taken":0,"relics_obtained":["MutagenicStrength"],"max_hp_gain":0,"max_hp_loss":0,"event_name":"Drug Dealer","floor":22,"gold_loss":0},{"damage_healed":0,"gold_gain":0,"player_choice":"Fight","damage_taken":0,"max_hp_gain":0,"max_hp_loss":0,"event_name":"Colosseum","floor":31,"gold_loss":0},{"damage_healed":0,"gold_gain":0,"player_choice":"Fought Nobs","damage_taken":0,"max_hp_gain":0,"max_hp_loss":0,"event_name":"Colosseum","floor":31,"gold_loss":0}],"is_beta":false,"boss_relics":[{"not_picked":["Cursed Key","Ectoplasm"],"picked":"Nuclear Battery"}],"items_purged_floors":[],"is_endless":false,"potions_floor_spawned":[5,7,11,12,16,24,27,28,31],"killed_by":"Colosseum Nobs","ascension_level":0}