{"gold_per_floor":[111,111,131,131,149,149,169,169,169,185,200,200,220,247,247,348,348,360,378,378,358,100,100,117,117],"floor_reached":25,"playtime":1295,"items_purged":["Strike_R"],"score":205,"play_id":"fa611c6e-d308-4137-8e63-7d0448b88d53","local_time":"20190518012025","is_ascension_mode":false,"campfire_choices":[{"data":"Finesse","floor":6,"key":"SMITH"},{"data":"Bash","floor":8,"key":"SMITH"},{"data":"Bludgeon","floor":12,"key":"SMITH"},{"floor":15,"key":"REST"},{"data":"Body Slam","floor":23,"key":"SMITH"}],"neow_cost":"NONE","seed_source_timestamp":183946640529408,"circlet_count":0,"master_deck":["Strike_R+1","Strike_R+1","Strike_R","Defend_R","Defend_R","Defend_R","Defend_R","Bash+1","Finesse+1","Uppercut","Bludgeon+1","True Grit","Feel No Pain","Juggernaut","True Grit","Spot Weakness","Body Slam+1","Battle Trance","Metallicize+1","Impervious","True Grit","Entrench"],"relics":["Burning Blood","Meat on the Bone","Whetstone","Orrery","Gremlin Horn"],"potions_floor_usage":[],"damage_taken":[{"damage":2,"enemies":"Small Slimes","floor":1,"turns":5},{"damage":0,"enemies":"Cultist","floor":3,"turns":3},{"damage":2,"enemies":"Jaw Worm","floor":5,"turns":5},{"damage":13,"enemies":"2 Fungi Beasts","floor":7,"turns":5},{"damage":11,"enemies":"Looter","floor":10,"turns":3},{"damage":9,"enemies":"3 Louse","floor":11,"turns":5},{"damage":22,"enemies":"Gremlin Gang","floor":13,"turns":4},{"damage":18,"enemies":"Lagavulin","floor":14,"turns":6},{"damage":26,"enemies":"The Guardian","floor":16,"turns":12},{"damage":19,"enemies":"Shell Parasite","floor":18,"turns":7},{"damage":16,"enemies":"Chosen","floor":19,"turns":5},{"damage":4,"enemies":"Centurion and Healer","floor":24,"turns":7},{"damage":66,"enemies":"Gremlin Leader","floor":25,"turns":3}],"seed_played":"-7945323269893256595","potions_obtained":[{"floor":1,"key":"SpeedPotion"},{"floor":16,"key":"Ancient Potion"},{"floor":18,"key":"BloodPotion"},{"floor":21,"key":"AttackPotion"}],"is_trial":false,"path_per_floor":["M","?","M","?","M","R","M","R","T","M","M","R","M","E","R","B",null,"M","M","?","?","$","R","M","E"],"character_chosen":"IRONCLAD","items_purchased":["Impervious","True Grit"],"campfire_rested":1,"item_purchase_floors":[22,22],"current_hp_per_floor":[80,73,79,79,80,80,73,73,73,68,65,65,49,49,73,53,80,67,57,57,57,57,57,59,0],"gold":117,"neow_bonus":"RANDOM_COLORLESS","is_prod":false,"is_daily":false,"chose_seed":false,"campfire_upgraded":4,"win_rate":0,"timestamp":1558167625,"path_taken":["M","?","M","?","M","R","M","R","T","?","M","R","M","E","R","BOSS","M","M","?","?","$","R","M","E"],"build_version":"2019-01-23","purchased_purges":1,"victory":false,"max_hp_per_floor":[80,80,80,80,80,80,80,80,80,80,80,80,80,80,80,80,80,80,80,80,80,80,80,80,80],"card_choices":[{"not_picked":["Corruption","Flex","Anger"],"picked":"SKIP","floor":1},{"not_picked":["Body Slam","Pummel","Flex"],"picked":"SKIP","floor":3},{"not_picked":["Twin Strike","Perfected Strike","Uppercut"],"picked":"SKIP","floor":5},{"not_picked":["Infernal Blade","Evolve","Havoc"],"picked":"SKIP","floor":7},{"not_picked":["Intimidate","Blood for Blood"],"picked":"Uppercut","floor":10},{"not_picked":["Fire Breathing","Armaments"],"picked":"Bludgeon","floor":11},{"not_picked":["Armaments","Seeing Red"],"picked":"True Grit","floor":13},{"not_picked":["Disarm","Pommel Strike"],"picked":"Feel No Pain","floor":14},{"not_picked":["Limit Break","Feed"],"picked":"Juggernaut","floor":16},{"not_picked":["Armaments","Blood for Blood"],"picked":"True Grit","floor":17},{"not_picked":["Infernal Blade","Armaments"],"picked":"Spot Weakness","floor":17},{"not_picked":["Armaments","Seeing Red"],"picked":"Body Slam","floor":17},{"not_picked":["Infernal Blade+1","Clothesline"],"picked":"Battle Trance","floor":18},{"not_picked":["True Grit","Feel No Pain+1"],"picked":"Metallicize+1","floor":19},{"not_picked":["Searing Blow","Iron Wave+1"],"picked":"Entrench","floor":24}],"player_experience":143121,"relics_obtained":[{"floor":14,"key":"Whetstone"}],"event_choices":[{"cards_removed":["Strike_R"],"damage_healed":0,"gold_gain":0,"player_choice":"Card Removal","damage_taken":7,"max_hp_gain":0,"max_hp_loss":0,"event_name":"Golden Wing","floor":2,"gold_loss":0},{"damage_healed":0,"gold_gain":0,"player_choice":"Gave Potion","damage_taken":0,"relics_obtained":["Meat on the Bone"],"max_hp_gain":0,"max_hp_loss":0,"event_name":"WeMeetAgain","floor":4,"gold_loss":0},{"damage_healed":0,"gold_gain":0,"player_choice":"Opened","damage_taken":0,"relics_obtained":["Gremlin Horn"],"max_hp_gain":0,"max_hp_loss":0,"event_name":"The Mausoleum","floor":20,"gold_loss":0},{"damage_healed":0,"gold_gain":0,"player_choice":"Bought 1 Potion","damage_taken":0,"max_hp_gain":0,"max_hp_loss":0,"event_name":"The Woman in Blue","floor":21,"gold_loss":0}],"is_beta":false,"boss_relics":[{"not_picked":["Black Blood","Black Star"],"picked":"Orrery"}],"items_purged_floors":[22],"is_endless":false,"potions_floor_spawned":[1,10,16,18],"killed_by":"Gremlin Leader","ascension_level":0}