{"gold_per_floor":[119,129,129,3,3,37,37,37,37,37],"floor_reached":10,"playtime":251,"items_purged":[],"score":93,"play_id":"8855a48e-1eba-45b5-a5d0-18416b4da50b","local_time":"20190408221945","is_ascension_mode":true,"campfire_choices":[{"floor":7,"key":"REST"}],"neow_cost":"NONE","seed_source_timestamp":1980437295220202,"circlet_count":0,"master_deck":["Defend_G","Defend_G","Defend_G","Defend_G","Defend_G+1","Strike_G","Strike_G","Strike_G","Strike_G","Survivor","Neutralize","Blade Dance","Burst+1","Noxious Fumes","Dodge and Roll","Bouncing Flask","Backflip"],"relics":["Ring of the Snake","Dream Catcher","Molten Egg 2","CultistMask","Letter Opener"],"potions_floor_usage":[6],"damage_taken":[{"damage":0,"enemies":"Small Slimes","floor":1,"turns":4},{"damage":0,"enemies":"Cultist","floor":2,"turns":4},{"damage":30,"enemies":"Lagavulin","floor":6,"turns":14},{"damage":23,"enemies":"Gremlin Nob","floor":10,"turns":4}],"seed_played":"2381310433346473216","potions_obtained":[{"floor":2,"key":"SpeedPotion"},{"floor":6,"key":"Swift Potion"}],"is_trial":false,"path_per_floor":["M","M","?","$","?","E","R","?","T","E"],"character_chosen":"THE_SILENT","items_purchased":["Noxious Fumes","Dodge and Roll"],"campfire_rested":1,"item_purchase_floors":[4,4],"current_hp_per_floor":[63,63,56,56,42,12,33,33,33,10],"gold":37,"neow_bonus":"RANDOM_COMMON_RELIC","is_prod":false,"is_daily":false,"chose_seed":false,"campfire_upgraded":0,"win_rate":0,"timestamp":1554779985,"path_taken":["M","M","?","$","?","E","R","?","T","E"],"build_version":"2019-01-23","purchased_purges":0,"victory":false,"max_hp_per_floor":[70,70,70,70,70,70,70,70,70,70],"card_choices":[{"not_picked":["Expertise","Acrobatics"],"picked":"Blade Dance","floor":1},{"not_picked":["Leg Sweep","PiercingWail"],"picked":"Burst","floor":2},{"not_picked":["Prepared","Expertise"],"picked":"Bouncing Flask","floor":6},{"not_picked":["Quick Slash+1","Dagger Throw+1"],"picked":"Backflip","floor":7}],"player_experience":297409,"relics_obtained":[{"floor":6,"key":"Molten Egg 2"},{"floor":9,"key":"Letter Opener"}],"event_choices":[{"cards_removed":["Strike_G"],"damage_healed":0,"gold_gain":0,"player_choice":"Card Removal","damage_taken":7,"max_hp_gain":0,"max_hp_loss":0,"event_name":"Golden Wing","floor":3,"gold_loss":0},{"damage_healed":0,"gold_gain":0,"player_choice":"Entered Light","damage_taken":14,"max_hp_gain":0,"max_hp_loss":0,"event_name":"Shining Light","floor":5,"gold_loss":0,"cards_upgraded":["Defend_G","Burst"]},{"damage_healed":0,"gold_gain":0,"player_choice":"Trade","damage_taken":0,"relics_obtained":["CultistMask"],"max_hp_gain":0,"max_hp_loss":0,"event_name":"FaceTrader","floor":8,"gold_loss":0}],"is_beta":false,"boss_relics":[],"items_purged_floors":[],"is_endless":false,"potions_floor_spawned":[2,6],"killed_by":"Gremlin Nob","ascension_level":9}