{"gold_per_floor":[111,24,44,57,67,96,96,121,177,205,205,234,246,272,284,424,436,468,480,417,38,38,38,77,77,77,110,110,149,149,163,163,291,291,304,304,322,342,342,342,342,373,373,397,522,522,541,0,0,0],"floor_reached":51,"playtime":1884,"items_purged":["Strike_G+1"],"score":935,"play_id":"f023b606-2c11-4793-9f13-5dd311a8e193","local_time":"20190321030001","is_ascension_mode":true,"campfire_choices":[{"data":"Cloak And Dagger","floor":7,"key":"SMITH"},{"floor":11,"key":"REST"},{"data":"Accuracy","floor":15,"key":"SMITH"},{"data":"Wraith Form v2","floor":23,"key":"SMITH"},{"floor":25,"key":"REST"},{"floor":30,"key":"REST"},{"data":"Accuracy","floor":32,"key":"SMITH"},{"data":"Blade Dance","floor":40,"key":"SMITH"},{"floor":46,"key":"REST"},{"data":"Calculated Gamble","floor":49,"key":"SMITH"}],"neow_cost":"NONE","seed_source_timestamp":353965781760025,"circlet_count":0,"master_deck":["Defend_G+1","Defend_G+1","Defend_G+1","Defend_G+1","Defend_G+1","Strike_G+1","Strike_G+1","Strike_G+1","Strike_G+1","Survivor","Neutralize","Blade Dance+1","Accuracy+1","Flying Knee","Blade Dance","Deadly Poison","Cloak And Dagger+1","Finisher","Accuracy+1","Wraith Form v2+1","Setup","Infinite Blades","Blade Dance","Calculated Gamble+1","Backstab","PiercingWail","Blade Dance","Storm of Steel","PiercingWail+1","Noxious Fumes+1","Blade Dance+1","Terror+1"],"relics":["Ring of the Serpent","NeowsBlessing","Meat on the Bone","Smiling Mask","Tiny Chest","PreservedInsect","MawBank","Golden Idol","Juzu Bracelet","Bronze Scales","Mummified Hand","Boot","Ornamental Fan","Black Star","Letter Opener","Oddly Smooth Stone","Gremlin Horn","Nunchaku","Red Mask"],"potions_floor_usage":[6,8,8,24,47,50],"damage_taken":[{"damage":0,"enemies":"2 Louse","floor":1,"turns":1},{"damage":0,"enemies":"Jaw Worm","floor":3,"turns":1},{"damage":0,"enemies":"Small Slimes","floor":4,"turns":1},{"damage":25,"enemies":"Exordium Wildlife","floor":5,"turns":7},{"damage":5,"enemies":"3 Sentries","floor":6,"turns":8},{"damage":10,"enemies":"Gremlin Nob","floor":8,"turns":4},{"damage":20,"enemies":"Lagavulin","floor":10,"turns":5},{"damage":0,"enemies":"Gremlin Nob","floor":12,"turns":2},{"damage":5,"enemies":"Large Slime","floor":14,"turns":5},{"damage":29,"enemies":"Hexaghost","floor":16,"turns":7},{"damage":17,"enemies":"Shell Parasite","floor":18,"turns":5},{"damage":23,"enemies":"Book of Stabbing","floor":24,"turns":5},{"damage":10,"enemies":"Gremlin Leader","floor":27,"turns":3},{"damage":11,"enemies":"Book of Stabbing","floor":29,"turns":5},{"damage":2,"enemies":"2 Thieves","floor":31,"turns":4},{"damage":10,"enemies":"Champ","floor":33,"turns":9},{"damage":11,"enemies":"3 Shapes","floor":35,"turns":11},{"damage":3,"enemies":"3 Darklings","floor":37,"turns":5},{"damage":20,"enemies":"4 Shapes","floor":38,"turns":7},{"damage":0,"enemies":"Nemesis","floor":42,"turns":7},{"damage":5,"enemies":"Spire Growth","floor":44,"turns":4},{"damage":0,"enemies":"Mind Bloom Boss Battle","floor":45,"turns":7},{"damage":0,"enemies":"Sphere and 2 Shapes","floor":47,"turns":5},{"damage":26,"enemies":"Donu and Deca","floor":50,"turns":7}],"seed_played":"-4345103507769689661","potions_obtained":[{"floor":3,"key":"PowerPotion"},{"floor":5,"key":"GhostInAJar"},{"floor":6,"key":"PowerPotion"},{"floor":14,"key":"Block Potion"},{"floor":18,"key":"Explosive Potion"},{"floor":29,"key":"LiquidBronze"},{"floor":31,"key":"GamblersBrew"},{"floor":45,"key":"PowerPotion"}],"is_trial":false,"path_per_floor":["M","$","M","M","M","E","R","E","T","E","R","E","?","M","R","B",null,"M","?","?","$","?","R","E","R","T","E","?","E","R","M","R","B",null,"M","?","M","M","?","R","?","E","T","M","?","R","M","?","R","B",null],"character_chosen":"THE_SILENT","items_purchased":["Accuracy","Flying Knee","Infinite Blades","Blade Dance","Calculated Gamble","Juzu Bracelet"],"campfire_rested":4,"item_purchase_floors":[2,2,21,21,21,21],"current_hp_per_floor":[70,70,70,70,45,40,40,42,42,34,55,55,55,50,50,33,65,48,48,48,48,48,48,37,56,56,46,46,35,54,52,52,42,65,54,54,51,43,43,43,40,40,40,35,35,54,54,54,54,40],"gold":0,"neow_bonus":"THREE_ENEMY_KILL","is_prod":false,"is_daily":false,"chose_seed":false,"campfire_upgraded":6,"win_rate":0,"timestamp":1553155201,"path_taken":["M","$","M","M","M","E","R","E","T","E","R","E","?","M","R","BOSS","M","?","?","?","?","R","E","R","T","E","?","E","R","M","R","BOSS","M","?","M","M","?","R","?","E","T","M","?","R","M","?","R","BOSS"],"build_version":"2019-01-23","purchased_purges":1,"victory":true,"max_hp_per_floor":[70,70,70,70,70,70,70,70,70,70,70,70,65,65,65,65,65,65,65,65,65,65,65,65,65,65,65,65,65,65,65,65,65,65,65,65,65,65,65,65,65,65,65,65,65,65,65,65,65,65],"card_choices":[{"not_picked":["Quick Slash","Dodge and Roll"],"picked":"Blade Dance","floor":1},{"not_picked":["Dash","Dodge and Roll"],"picked":"Blade Dance","floor":3},{"not_picked":["Eviscerate","PiercingWail"],"picked":"Deadly Poison","floor":4},{"not_picked":["Dodge and Roll","Backstab"],"picked":"Cloak And Dagger","floor":5},{"not_picked":["Caltrops","Concentrate","Doppelganger"],"picked":"SKIP","floor":6},{"not_picked":["Deadly Poison","Skewer"],"picked":"Finisher","floor":8},{"not_picked":["Bane","Underhanded Strike"],"picked":"Blade Dance","floor":10},{"not_picked":["Underhanded Strike","Deflect"],"picked":"Bouncing Flask","floor":12},{"not_picked":["Acrobatics","Underhanded Strike"],"picked":"Accuracy","floor":14},{"not_picked":["Die Die Die","Bullet Time"],"picked":"Wraith Form v2","floor":16},{"not_picked":["Finisher","Predator"],"picked":"Setup","floor":18},{"not_picked":["Poisoned Stab","Predator"],"picked":"Backstab","floor":24},{"not_picked":["Deflect","Prepared+1"],"picked":"PiercingWail","floor":27},{"not_picked":["Underhanded Strike","Setup","Concentrate"],"picked":"SKIP","floor":29},{"not_picked":["Dagger Throw","Crippling Poison"],"picked":"Blade Dance","floor":31},{"not_picked":["Malaise","Phantasmal Killer"],"picked":"Storm of Steel","floor":33},{"not_picked":["Flying Knee","Finisher+1"],"picked":"PiercingWail+1","floor":35},{"not_picked":["Acrobatics","All Out Attack+1","Deflect+1"],"picked":"SKIP","floor":37},{"not_picked":["Unload","Acrobatics","Flying Knee"],"picked":"SKIP","floor":38},{"not_picked":["Backstab","Riddle With Holes"],"picked":"Noxious Fumes+1","floor":42},{"not_picked":["Blur+1","Bane+1"],"picked":"Blade Dance+1","floor":44},{"not_picked":["Dagger Spray+1","Flying Knee"],"picked":"Terror+1","floor":45},{"not_picked":["Dagger Throw","Flechettes+1","Riddle With Holes"],"picked":"SKIP","floor":47}],"player_experience":237458,"relics_obtained":[{"floor":6,"key":"Meat on the Bone"},{"floor":8,"key":"Smiling Mask"},{"floor":9,"key":"Tiny Chest"},{"floor":10,"key":"PreservedInsect"},{"floor":12,"key":"MawBank"},{"floor":24,"key":"Bronze Scales"},{"floor":26,"key":"Mummified Hand"},{"floor":27,"key":"Boot"},{"floor":29,"key":"Ornamental Fan"},{"floor":42,"key":"Letter Opener"},{"floor":42,"key":"Oddly Smooth Stone"},{"floor":43,"key":"Gremlin Horn"},{"floor":45,"key":"Nunchaku"}],"event_choices":[{"damage_healed":0,"gold_gain":0,"player_choice":"Lose Max HP","damage_taken":0,"relics_obtained":["Golden Idol"],"max_hp_gain":0,"max_hp_loss":5,"event_name":"Golden Idol","floor":13,"gold_loss":0},{"damage_healed":0,"gold_gain":0,"player_choice":"Simplicity","damage_taken":0,"max_hp_gain":0,"max_hp_loss":0,"event_name":"Back to Basics","floor":19,"gold_loss":0,"cards_upgraded":["Defend_G","Defend_G","Defend_G","Defend_G","Defend_G","Strike_G","Strike_G","Strike_G","Strike_G","Strike_G"]},{"cards_removed":["Bouncing Flask"],"damage_healed":0,"gold_gain":0,"player_choice":"Gave Gold","damage_taken":0,"max_hp_gain":0,"max_hp_loss":0,"event_name":"Beggar","floor":20,"gold_loss":75},{"damage_healed":0,"gold_gain":0,"player_choice":"Ignored","damage_taken":0,"max_hp_gain":0,"max_hp_loss":0,"event_name":"Vampires","floor":28,"gold_loss":0},{"damage_healed":0,"gold_gain":0,"player_choice":"Memory 1","damage_taken":0,"max_hp_gain":0,"max_hp_loss":0,"event_name":"SensoryStone","floor":36,"gold_loss":0},{"cards_removed":["Blade Dance"],"damage_healed":0,"gold_gain":0,"player_choice":"Removed Skill","damage_taken":0,"max_hp_gain":0,"max_hp_loss":0,"event_name":"Falling","floor":39,"gold_loss":0},{"damage_healed":0,"gold_gain":0,"player_choice":"Punched","damage_taken":3,"max_hp_gain":0,"max_hp_loss":0,"event_name":"Designer","floor":41,"gold_loss":0},{"damage_healed":0,"gold_gain":0,"player_choice":"Fight","damage_taken":0,"max_hp_gain":0,"max_hp_loss":0,"event_name":"MindBloom","floor":45,"gold_loss":0},{"damage_healed":0,"gold_gain":0,"player_choice":"Paid","damage_taken":0,"relics_obtained":["Red Mask"],"max_hp_gain":0,"max_hp_loss":0,"event_name":"Tomb of Lord Red Mask","floor":48,"gold_loss":541}],"is_beta":false,"boss_relics":[{"not_picked":["Philosopher\u0027s Stone","Calling Bell"],"picked":"Ring of the Serpent"},{"not_picked":["Snecko Eye","Pandora\u0027s Box"],"picked":"Black Star"}],"items_purged_floors":[21],"is_endless":false,"potions_floor_spawned":[3,5,6,14,18,29,31,37,45],"ascension_level":2}