{"gold_per_floor":[16,27,27,4,4,34,34,34,34,67,83,99,117,143,155,268,280,311,334,360,389,401,413,455,467,505,533,558,570,594,617,629,742,804,826,404,420,420,420],"floor_reached":39,"playtime":1328,"items_purged":["Strike_B+1"],"score":689,"play_id":"4eb857ce-3de1-45e4-80ac-19680f348f76","local_time":"20190427161202","is_ascension_mode":true,"campfire_choices":[{"data":"Zap","floor":7.0,"key":"SMITH"},{"floor":15.0,"key":"REST"},{"data":"Defragment","floor":23.0,"key":"SMITH"},{"data":"Sunder","floor":25.0,"key":"SMITH"},{"data":"Chaos","floor":32.0,"key":"SMITH"}],"neow_cost":"NO_GOLD","seed_source_timestamp":1129174034686,"circlet_count":0,"master_deck":["AscendersBane","Strike_B+1","Strike_B+1","Strike_B+1","Defend_B+1","Defend_B+1","Defend_B+1","Defend_B+1","Zap+1","Dualcast","Glacier","Sweeping Beam","Leap","Echo Form","Ball Lightning","Gash","Electrodynamics","Sunder+1","Amplify+1","Cold Snap","Chaos+1","Coolheaded","Defragment+1","Coolheaded+1","Self Repair","Darkness","Aggregate","Reboot","Glacier","Defragment","Buffer","Undo","Madness","Madness"],"special_seed":0,"relics":["Cracked Core","Pen Nib","Letter Opener","Kunai","MawBank","Velvet Choker","Question Card","Regal Pillow","Tiny House","OrangePellets"],"potions_floor_usage":[39,39],"damage_taken":[{"damage":0.0,"enemies":"Cultist","floor":1.0,"turns":4.0},{"damage":0.0,"enemies":"Small Slimes","floor":2.0,"turns":4.0},{"damage":38.0,"enemies":"Lagavulin","floor":6.0,"turns":14.0},{"damage":39.0,"enemies":"Gremlin Nob","floor":10.0,"turns":5.0},{"damage":0.0,"enemies":"Jaw Worm","floor":11.0,"turns":4.0},{"damage":8.0,"enemies":"Exordium Thugs","floor":12.0,"turns":4.0},{"damage":0.0,"enemies":"Large Slime","floor":13.0,"turns":4.0},{"damage":18.0,"enemies":"Slime Boss","floor":16.0,"turns":6.0},{"damage":14.0,"enemies":"2 Thieves","floor":18.0,"turns":3.0},{"damage":19.0,"enemies":"3 Byrds","floor":19.0,"turns":3.0},{"damage":1.0,"enemies":"3 Cultists","floor":20.0,"turns":3.0},{"damage":18.0,"enemies":"Sentry and Sphere","floor":21.0,"turns":5.0},{"damage":14.0,"enemies":"Gremlin Leader","floor":24.0,"turns":7.0},{"damage":4.0,"enemies":"Centurion and Healer","floor":27.0,"turns":6.0},{"damage":22.0,"enemies":"Shelled Parasite and Fungi","floor":28.0,"turns":5.0},{"damage":0.0,"enemies":"Cultist and Chosen","floor":30.0,"turns":6.0},{"damage":10.0,"enemies":"Sentry and Sphere","floor":31.0,"turns":5.0},{"damage":25.0,"enemies":"Collector","floor":33.0,"turns":10.0},{"damage":0,"enemies":"3 Shapes","floor":35,"turns":6},{"damage":18,"enemies":"3 Darklings","floor":37,"turns":6},{"damage":69,"enemies":"Transient","floor":39,"turns":5}],"seed_played":"5254535376758392333","potions_obtained":[{"floor":1.0,"key":"Energy Potion"},{"floor":6.0,"key":"EssenceOfSteel"},{"floor":12.0,"key":"AttackPotion"},{"floor":19.0,"key":"Regen Potion"},{"floor":20.0,"key":"Weak Potion"},{"floor":21.0,"key":"Block Potion"},{"floor":24.0,"key":"Block Potion"},{"floor":30.0,"key":"SkillPotion"}],"is_trial":false,"path_per_floor":["M","M","?","$","$","E","R","$","T","E","M","M","M","T","R","B",null,"M","M","M","M","?","R","E","R","T","M","M","?","M","M","R","B",null,"M","$","M","?","M"],"character_chosen":"DEFECT","items_purchased":["Leap","OrangePellets","Buffer"],"campfire_rested":1,"item_purchase_floors":[4,36,36],"current_hp_per_floor":[82,82,89,89,89,51,51,51,51,12,12,4,4,4,30,12,70,56,37,45,27,56,56,42,42,42,38,30,30,44,48,48,30,79,93,93,75,63,0],"gold":420,"neow_bonus":"TWENTY_PERCENT_HP_BONUS","is_prod":false,"is_daily":false,"chose_seed":false,"campfire_upgraded":4,"win_rate":0,"timestamp":1556399522,"path_taken":["M","M","?","?","$","E","R","$","T","E","?","M","M","?","R","BOSS","M","?","M","M","?","R","E","R","T","M","M","?","M","M","R","BOSS","M","$","M","?","M"],"build_version":"2019-01-23","purchased_purges":1,"victory":false,"max_hp_per_floor":[89,89,89,89,89,89,89,89,89,89,89,89,89,89,89,89,89,89,89,89,89,89,89,89,89,89,89,89,89,89,89,89,89,94,94,94,94,94,94],"card_choices":[{"not_picked":["Steam","Sweeping Beam"],"picked":"Glacier","floor":1.0},{"not_picked":["Redo","Beam Cell"],"picked":"Sweeping Beam","floor":2.0},{"not_picked":["Cold Snap","Hyperbeam"],"picked":"Echo Form","floor":6.0},{"not_picked":["Turbo","Stack"],"picked":"Ball Lightning","floor":10.0},{"not_picked":["Ball Lightning","Conserve Battery"],"picked":"Gash","floor":11.0},{"not_picked":["Leap","Recycle"],"picked":"Electrodynamics","floor":12.0},{"not_picked":["Barrage","Stack"],"picked":"Sunder","floor":13.0},{"not_picked":["Rainbow","Biased Cognition"],"picked":"Amplify","floor":16.0},{"not_picked":["Barrage+1","Streamline"],"picked":"Cold Snap","floor":18.0},{"not_picked":["Stack+1","Hello World"],"picked":"Chaos","floor":19.0},{"not_picked":["Scrape","Reprogram"],"picked":"Coolheaded","floor":20.0},{"not_picked":["Conserve Battery","Leap+1"],"picked":"Defragment","floor":21.0},{"not_picked":["Redo","Chill"],"picked":"Coolheaded+1","floor":24.0},{"not_picked":["Double Energy","Beam Cell","Rip and Tear"],"picked":"Self Repair","floor":27.0},{"not_picked":["Rainbow","Skim","Hologram"],"picked":"Darkness","floor":28.0},{"not_picked":["Conserve Battery","Compile Driver","Stack","Cold Snap"],"picked":"SKIP","floor":30.0},{"not_picked":["Ball Lightning","Cold Snap+1","Stack"],"picked":"Aggregate","floor":31.0},{"not_picked":["Multi-Cast","Rainbow","All For One"],"picked":"Reboot","floor":33.0},{"not_picked":["Barrage","Leap","BootSequence"],"picked":"Glacier","floor":34},{"not_picked":["Turbo","Streamline","Barrage"],"picked":"Defragment","floor":35},{"not_picked":["Storm","Turbo","Compile Driver"],"picked":"Undo","floor":37}],"player_experience":333393,"relics_obtained":[{"floor":6.0,"key":"Pen Nib"},{"floor":9.0,"key":"Letter Opener"},{"floor":10.0,"key":"Kunai"},{"floor":14.0,"key":"MawBank"},{"floor":24.0,"key":"Question Card"},{"floor":26.0,"key":"Regal Pillow"}],"event_choices":[{"damage_healed":7.0,"max_hp_gain":0.0,"max_hp_loss":0.0,"gold_gain":0.0,"event_name":"Wheel of Change","player_choice":"Full Heal","floor":3.0,"gold_loss":0.0,"damage_taken":0.0},{"damage_healed":29.0,"max_hp_gain":0.0,"max_hp_loss":0.0,"gold_gain":0.0,"event_name":"The Library","player_choice":"Heal","floor":22.0,"gold_loss":0.0,"damage_taken":0.0},{"damage_healed":0.0,"max_hp_gain":0.0,"max_hp_loss":0.0,"gold_gain":0.0,"event_name":"Back to Basics","player_choice":"Simplicity","floor":29.0,"gold_loss":0.0,"damage_taken":0.0,"cards_upgraded":["Strike_B","Strike_B","Strike_B","Strike_B","Defend_B","Defend_B","Defend_B","Defend_B"]},{"damage_healed":0,"gold_gain":0,"player_choice":"Embrace Madness","damage_taken":12,"max_hp_gain":0,"max_hp_loss":0,"event_name":"Winding Halls","floor":38,"gold_loss":0,"cards_obtained":["Madness","Madness"]}],"is_beta":false,"boss_relics":[{"not_picked":["Runic Dome","Eternal Feather"],"picked":"Velvet Choker"},{"not_picked":["White Beast Statue","FrozenCore"],"picked":"Tiny House"}],"items_purged_floors":[36],"is_endless":false,"potions_floor_spawned":[1,6,12,13,19,20,21,24,30,33,35],"killed_by":"Transient","ascension_level":12}