{"gold_per_floor":[11,29,29,42,42,72,72,72,99,99,99,99],"floor_reached":12,"playtime":759,"items_purged":[],"score":76,"play_id":"2cbbddd9-299b-46ac-8074-bc760ee5c4fb","local_time":"20190515123841","is_ascension_mode":false,"campfire_choices":[{"floor":8,"key":"REST"},{"data":"True Grit","floor":10,"key":"SMITH"}],"neow_cost":"NO_GOLD","seed_source_timestamp":49301346125650,"circlet_count":0,"master_deck":["Strike_R","Strike_R","Strike_R","Defend_R","Defend_R","Bash","True Grit+1","Spot Weakness","Shrug It Off","Shrug It Off"],"relics":["Burning Blood","Potion Belt","Oddly Smooth Stone","GremlinMask"],"potions_floor_usage":[],"damage_taken":[{"damage":1,"enemies":"Cultist","floor":1,"turns":4},{"damage":10,"enemies":"Small Slimes","floor":2,"turns":4},{"damage":2,"enemies":"2 Louse","floor":4,"turns":4},{"damage":42,"enemies":"Lagavulin","floor":6,"turns":9}],"seed_played":"448860342240970047","potions_obtained":[{"floor":2,"key":"Poison Potion"},{"floor":4,"key":"Block Potion"},{"floor":6,"key":"FairyPotion"}],"is_trial":false,"path_per_floor":["M","M","?","M","$","E","?","R","T","R","?","$"],"character_chosen":"IRONCLAD","items_purchased":[],"campfire_rested":1,"item_purchase_floors":[],"current_hp_per_floor":[80,76,76,80,80,44,37,61,61,61,61,61],"gold":99,"neow_bonus":"REMOVE_TWO","is_prod":false,"is_daily":false,"chose_seed":false,"campfire_upgraded":1,"win_rate":0.0,"timestamp":1557949121,"path_taken":["M","M","?","M","$","E","?","R","T","R","?","$"],"build_version":"2019-01-23","purchased_purges":0,"victory":false,"max_hp_per_floor":[80,80,80,80,80,80,80,80,80,80,80,80],"card_choices":[{"not_picked":["Anger","Ghostly Armor"],"picked":"True Grit","floor":1},{"not_picked":["Shrug It Off","Rupture"],"picked":"Spot Weakness","floor":2},{"not_picked":["Armaments","Dropkick"],"picked":"Shrug It Off","floor":4},{"not_picked":["Pommel Strike","Hemokinesis"],"picked":"Shrug It Off","floor":6}],"player_experience":30738,"relics_obtained":[{"floor":6,"key":"Potion Belt"},{"floor":9,"key":"Oddly Smooth Stone"}],"event_choices":[{"cards_removed":["Defend_R"],"damage_healed":0,"gold_gain":0,"player_choice":"Forget","damage_taken":0,"max_hp_gain":0,"max_hp_loss":0,"event_name":"Living Wall","floor":3,"gold_loss":0},{"cards_removed":["Defend_R"],"damage_healed":0,"gold_gain":0,"player_choice":"Card Removal","damage_taken":7,"max_hp_gain":0,"max_hp_loss":0,"event_name":"Golden Wing","floor":7,"gold_loss":0},{"damage_healed":0,"gold_gain":0,"player_choice":"Trade","damage_taken":0,"relics_obtained":["GremlinMask"],"max_hp_gain":0,"max_hp_loss":0,"event_name":"FaceTrader","floor":11,"gold_loss":0}],"is_beta":false,"boss_relics":[],"items_purged_floors":[],"is_endless":false,"potions_floor_spawned":[2,4,6],"ascension_level":0}