{"gold_per_floor":[116,135,135,150,4,4,23,23,50,62,62,73,107,182,182,182],"floor_reached":16,"playtime":662,"items_purged":[],"score":102,"play_id":"e9fe5f09-6956-4ab3-abb0-08b749c16ba7","local_time":"20190524234619","is_ascension_mode":false,"campfire_choices":[{"data":"Decay","floor":6,"key":"PURGE"},{"data":"Dagger Throw","floor":8,"key":"SMITH"},{"floor":11,"key":"REST"},{"data":"Quick Slash","floor":15,"key":"SMITH"}],"neow_cost":"CURSE","seed_source_timestamp":29362803701257,"circlet_count":0,"master_deck":["Defend_G","Defend_G","Defend_G","Defend_G","Defend_G","Strike_G","Strike_G","Strike_G","Strike_G","Strike_G","Survivor","Neutralize","Flying Knee","Dagger Throw+1","Quick Slash+1","Flying Knee","Outmaneuver"],"relics":["Ring of the Snake","Peace Pipe","Art of War","Vajra","Ancient Tea Set","Molten Egg 2"],"potions_floor_usage":[],"damage_taken":[{"damage":2,"enemies":"Small Slimes","floor":1,"turns":4},{"damage":2,"enemies":"Cultist","floor":2,"turns":4},{"damage":5,"enemies":"2 Louse","floor":4,"turns":3},{"damage":7,"enemies":"Exordium Wildlife","floor":7,"turns":8},{"damage":0,"enemies":"3 Louse","floor":10,"turns":3},{"damage":0,"enemies":"Gremlin Gang","floor":12,"turns":5},{"damage":12,"enemies":"Lagavulin","floor":13,"turns":6},{"damage":48,"enemies":"Hexaghost","floor":16,"turns":10}],"seed_played":"7012066891153216596","potions_obtained":[{"floor":2,"key":"LiquidBronze"},{"floor":4,"key":"SkillPotion"},{"floor":10,"key":"FearPotion"},{"floor":12,"key":"EssenceOfSteel"}],"is_trial":false,"path_per_floor":["M","M","?","M","$","R","M","R","T","M","R","M","E","?","R","B"],"character_chosen":"THE_SILENT","items_purchased":["Vajra"],"campfire_rested":1,"item_purchase_floors":[5],"current_hp_per_floor":[68,66,66,61,61,61,54,54,54,54,70,70,58,47,47,0],"gold":182,"neow_bonus":"ONE_RARE_RELIC","is_prod":false,"is_daily":false,"chose_seed":false,"campfire_upgraded":2,"win_rate":0,"timestamp":1558766779,"path_taken":["M","M","?","M","$","R","M","R","T","M","R","?","E","?","R","BOSS"],"build_version":"2019-01-23","purchased_purges":0,"victory":false,"max_hp_per_floor":[70,70,70,70,70,70,70,70,70,70,70,70,70,70,70,70],"card_choices":[{"not_picked":["Prepared","Slice","Blur"],"picked":"SKIP","floor":1},{"not_picked":["Masterful Stab","Bane"],"picked":"Flying Knee","floor":2},{"not_picked":["Eviscerate","Calculated Gamble","Bane"],"picked":"SKIP","floor":4},{"not_picked":["Blur","Concentrate"],"picked":"Dagger Throw","floor":7},{"not_picked":["Leg Sweep","Bane"],"picked":"Quick Slash","floor":10},{"not_picked":["Deflect","Underhanded Strike"],"picked":"Flying Knee","floor":12},{"not_picked":["Poisoned Stab","Choke"],"picked":"Outmaneuver","floor":13}],"player_experience":286510,"relics_obtained":[{"floor":9,"key":"Ancient Tea Set"},{"floor":13,"key":"Molten Egg 2"}],"event_choices":[{"damage_healed":0,"gold_gain":0,"player_choice":"Gave Potion","damage_taken":0,"relics_obtained":["Art of War"],"max_hp_gain":0,"max_hp_loss":0,"event_name":"WeMeetAgain","floor":3,"gold_loss":0},{"damage_healed":0,"gold_gain":75,"player_choice":"Gather Gold","damage_taken":11,"max_hp_gain":0,"max_hp_loss":0,"event_name":"World of Goop","floor":14,"gold_loss":0}],"is_beta":false,"boss_relics":[],"items_purged_floors":[],"is_endless":false,"potions_floor_spawned":[2,4,10,12],"killed_by":"Hexaghost","ascension_level":0}