{"gold_per_floor":[14,31,44,64,79,79,111,111,111,111,131,144,144,155,155,251,251,267,267,0,0,18,18,29,29],"floor_reached":25,"playtime":1145,"items_purged":[],"score":207,"play_id":"20355b3a-a02a-4c96-ac5a-13dae84f9a93","local_time":"20190526151820","is_ascension_mode":false,"campfire_choices":[{"data":"Noxious Fumes","floor":6,"key":"SMITH"},{"data":"Bane","floor":8,"key":"SMITH"},{"data":"Riddle With Holes","floor":10,"key":"SMITH"},{"data":"Flying Knee","floor":13,"key":"SMITH"},{"floor":15,"key":"REST"},{"data":"Tools of the Trade","floor":23,"key":"SMITH"}],"neow_cost":"NO_GOLD","seed_source_timestamp":22066686983431,"circlet_count":0,"master_deck":["Defend_G","Defend_G","Defend_G","Defend_G","Defend_G","Strike_G","Strike_G","Survivor","Neutralize","Bullet Time","Noxious Fumes+1","Riddle With Holes+1","Flying Knee+1","Masterful Stab","Bane+1","Outmaneuver","Escape Plan","Flying Knee","Flying Knee","Bane","Tools of the Trade+1","Underhanded Strike","Bane","Grand Finale","Deflect","Acrobatics+1","Tactician"],"relics":["Ring of the Snake","Unceasing Top","FossilizedHelix","HoveringKite","Membership Card","Shuriken"],"potions_floor_usage":[],"damage_taken":[{"damage":0,"enemies":"Jaw Worm","floor":1,"turns":5},{"damage":0,"enemies":"Cultist","floor":2,"turns":4},{"damage":0,"enemies":"2 Louse","floor":3,"turns":4},{"damage":2,"enemies":"Large Slime","floor":4,"turns":5},{"damage":7,"enemies":"Blue Slaver","floor":5,"turns":4},{"damage":21,"enemies":"Lagavulin","floor":7,"turns":7},{"damage":0,"enemies":"Lots of Slimes","floor":11,"turns":3},{"damage":0,"enemies":"2 Fungi Beasts","floor":12,"turns":2},{"damage":0,"enemies":"Blue Slaver","floor":14,"turns":4},{"damage":26,"enemies":"Hexaghost","floor":16,"turns":8},{"damage":17,"enemies":"Spheric Guardian","floor":18,"turns":4},{"damage":7,"enemies":"3 Byrds","floor":22,"turns":5},{"damage":0,"enemies":"Centurion and Healer","floor":24,"turns":5}],"seed_played":"2825252776636816671","potions_obtained":[{"floor":1,"key":"Block Potion"},{"floor":5,"key":"FairyPotion"},{"floor":11,"key":"Explosive Potion"},{"floor":14,"key":"Fruit Juice"}],"is_trial":false,"path_per_floor":["M","M","M","M","M","R","E","R","T","R","M","M","R","M","R","B",null,"M","?","$","T","M","R","M","R"],"character_chosen":"THE_SILENT","items_purchased":["Membership Card","Grand Finale","Deflect"],"campfire_rested":1,"item_purchase_floors":[20,20,20],"current_hp_per_floor":[70,70,70,68,61,61,40,40,40,40,40,40,40,40,61,35,70,53,53,53,53,46,46,46,46],"gold":29,"neow_bonus":"TRANSFORM_TWO_CARDS","is_prod":false,"is_daily":false,"chose_seed":false,"campfire_upgraded":5,"win_rate":0,"timestamp":1558909100,"path_taken":["M","M","M","M","M","R","E","R","T","R","M","M","R","M","R","BOSS","M","?","?","?","M","R","?","R"],"build_version":"2019-01-23","purchased_purges":0,"victory":false,"max_hp_per_floor":[70,70,70,70,70,70,70,70,70,70,70,70,70,70,70,70,70,70,70,70,70,70,70,70,70],"card_choices":[{"not_picked":["Dodge and Roll","Deadly Poison"],"picked":"Riddle With Holes","floor":1},{"not_picked":["Poisoned Stab","Backflip"],"picked":"Flying Knee","floor":2},{"not_picked":["Tactician","Sucker Punch"],"picked":"Masterful Stab","floor":3},{"not_picked":["Flechettes","Acrobatics"],"picked":"Bane","floor":4},{"not_picked":["Acrobatics","Cloak And Dagger"],"picked":"Outmaneuver","floor":5},{"not_picked":["Masterful Stab","Leg Sweep"],"picked":"Escape Plan","floor":7},{"not_picked":["Outmaneuver","Slice"],"picked":"Flying Knee","floor":11},{"not_picked":["Dagger Throw","Backflip"],"picked":"Flying Knee","floor":12},{"not_picked":["Deadly Poison","Choke"],"picked":"Bane","floor":14},{"not_picked":["Envenom","Doppelganger"],"picked":"Tools of the Trade","floor":16},{"not_picked":["Sucker Punch","Flying Knee+1"],"picked":"Underhanded Strike","floor":18},{"not_picked":["Heel Hook","Underhanded Strike+1"],"picked":"Acrobatics+1","floor":22},{"not_picked":["Quick Slash+1","Noxious Fumes"],"picked":"Tactician","floor":24}],"player_experience":330199,"relics_obtained":[{"floor":7,"key":"Unceasing Top"},{"floor":9,"key":"FossilizedHelix"},{"floor":21,"key":"Shuriken"}],"event_choices":[{"damage_healed":0,"gold_gain":0,"cards_transformed":["Strike_G"],"player_choice":"Transformed","damage_taken":0,"max_hp_gain":0,"max_hp_loss":0,"event_name":"Transmorgrifier","floor":19,"gold_loss":0,"cards_obtained":["Bane"]}],"is_beta":false,"boss_relics":[{"not_picked":["WristBlade","Fusion Hammer"],"picked":"HoveringKite"}],"items_purged_floors":[],"is_endless":false,"potions_floor_spawned":[1,5,11,14,16,18],"ascension_level":0}