{"gold_per_floor":[119,131,56,206,101,131,150,166,189,204,204,217,248,267,267,341,341,296,314,38,38],"floor_reached":21,"playtime":824,"items_purged":["Doubt"],"score":414,"play_id":"51f82a24-4556-463a-b165-b2127c54e90b","local_time":"20190521153022","is_ascension_mode":true,"campfire_choices":[{"data":"A Thousand Cuts","floor":11,"key":"SMITH"},{"floor":15,"key":"REST"}],"neow_cost":"NONE","seed_source_timestamp":33542060624377,"circlet_count":0,"master_deck":["AscendersBane","Defend_G","Defend_G","Defend_G","Defend_G","Defend_G","Strike_G","Strike_G","Strike_G","Strike_G","Survivor","Neutralize","Quick Slash","Well Laid Plans","Dagger Spray","A Thousand Cuts+1","Terror","Blur","Deadly Poison","Dodge and Roll","Backflip","Dash","Glass Knife","Acrobatics","Prepared","Backflip"],"relics":["Ring of the Snake","NeowsBlessing","Strawberry","Orichalcum","Bag of Preparation","Runic Pyramid","PreservedInsect"],"potions_floor_usage":[12,13,16,16,21,21],"damage_taken":[{"damage":0,"enemies":"Jaw Worm","floor":1,"turns":1},{"damage":0,"enemies":"Small Slimes","floor":2,"turns":1},{"damage":0,"enemies":"Lagavulin","floor":6,"turns":1},{"damage":1,"enemies":"Cultist","floor":7,"turns":4},{"damage":12,"enemies":"Large Slime","floor":8,"turns":6},{"damage":6,"enemies":"Blue Slaver","floor":10,"turns":4},{"damage":6,"enemies":"Gremlin Gang","floor":12,"turns":3},{"damage":32,"enemies":"Gremlin Nob","floor":13,"turns":5},{"damage":5,"enemies":"2 Fungi Beasts","floor":14,"turns":3},{"damage":3,"enemies":"The Guardian","floor":16,"turns":11},{"damage":30,"enemies":"2 Thieves","floor":18,"turns":5},{"damage":16,"enemies":"Chosen","floor":19,"turns":7},{"damage":36,"enemies":"3 Cultists","floor":21,"turns":4}],"seed_played":"3325761218302042422","potions_obtained":[{"floor":1,"key":"Energy Potion"},{"floor":6,"key":"FearPotion"},{"floor":12,"key":"Energy Potion"},{"floor":13,"key":"SkillPotion"},{"floor":18,"key":"Regen Potion"},{"floor":19,"key":"SpeedPotion"}],"is_trial":false,"path_per_floor":["M","M","?","?","$","E","M","M","T","M","R","M","E","M","R","B",null,"M","M","$","M"],"character_chosen":"THE_SILENT","items_purchased":["Dagger Spray","Prepared","PreservedInsect","Backflip"],"campfire_rested":1,"item_purchase_floors":[5,20,20,20],"current_hp_per_floor":[59,59,59,59,59,66,65,53,53,47,47,41,9,4,25,22,60,30,14,14,0],"gold":38,"neow_bonus":"THREE_ENEMY_KILL","is_prod":false,"is_daily":false,"chose_seed":false,"campfire_upgraded":1,"win_rate":0,"timestamp":1558470622,"path_taken":["M","M","?","?","$","E","M","M","T","?","R","M","E","M","R","BOSS","M","M","$","M"],"build_version":"2019-01-23","purchased_purges":1,"victory":false,"max_hp_per_floor":[66,66,66,66,66,73,73,73,73,73,73,73,73,73,73,73,73,73,73,73,73],"card_choices":[{"not_picked":["Reflex","Poisoned Stab"],"picked":"Quick Slash","floor":1},{"not_picked":["Slice","Dagger Throw"],"picked":"Well Laid Plans","floor":2},{"not_picked":["Poisoned Stab","Well Laid Plans"],"picked":"A Thousand Cuts","floor":6},{"not_picked":["Acrobatics","Endless Agony"],"picked":"Terror","floor":7},{"not_picked":["Dagger Spray","Predator"],"picked":"Blur","floor":8},{"not_picked":["Acrobatics","Predator"],"picked":"Deadly Poison","floor":10},{"not_picked":["Skewer","Riddle With Holes"],"picked":"Dodge and Roll","floor":12},{"not_picked":["Dodge and Roll","Well Laid Plans"],"picked":"Backflip","floor":13},{"not_picked":["Riddle With Holes","Tactician"],"picked":"Dash","floor":14},{"not_picked":["Venomology","Grand Finale"],"picked":"Glass Knife","floor":16},{"not_picked":["Poisoned Stab+1","Flying Knee"],"picked":"Acrobatics","floor":18},{"not_picked":["Sucker Punch","Dodge and Roll","Catalyst"],"picked":"SKIP","floor":19}],"player_experience":441275,"relics_obtained":[{"floor":6,"key":"Strawberry"},{"floor":9,"key":"Orichalcum"},{"floor":13,"key":"Bag of Preparation"}],"event_choices":[{"cards_removed":["Strike_G"],"damage_healed":0,"gold_gain":0,"player_choice":"Card Removal","damage_taken":0,"max_hp_gain":0,"max_hp_loss":0,"event_name":"The Cleric","floor":3,"gold_loss":75},{"damage_healed":0,"gold_gain":150,"player_choice":"AGREE","damage_taken":0,"max_hp_gain":0,"max_hp_loss":0,"event_name":"Liars Game","floor":4,"gold_loss":0,"cards_obtained":["Doubt"]}],"is_beta":false,"boss_relics":[{"not_picked":["Ectoplasm","Calling Bell"],"picked":"Runic Pyramid"}],"items_purged_floors":[5],"is_endless":false,"potions_floor_spawned":[1,6,12,13,18,19],"killed_by":"3 Cultists","ascension_level":18}