{"gold_per_floor":[114,114,126,126,51,83,93,156,181,210,210,236,236],"floor_reached":13,"playtime":385,"items_purged":["Regret"],"score":190,"play_id":"822cf3fa-115a-46f7-962e-da92b07f7f47","local_time":"20190328173948","is_ascension_mode":true,"campfire_choices":[],"neow_cost":"NONE","seed_source_timestamp":1013083801988548,"circlet_count":0,"master_deck":["Strike_R","Strike_R","Strike_R","Strike_R","Strike_R","Defend_R","Defend_R","Defend_R","Defend_R","Bash","Pommel Strike","Fire Breathing+1","Offering","Thunderclap","Dropkick","Shrug It Off","Battle Trance"],"relics":["Burning Blood","NeowsBlessing","Bag of Preparation","Art of War","Tiny Chest","Ancient Tea Set","Ginger","PreservedInsect"],"potions_floor_usage":[8,12,13],"damage_taken":[{"damage":0,"enemies":"Small Slimes","floor":1,"turns":1},{"damage":0,"enemies":"2 Louse","floor":3,"turns":1},{"damage":0,"enemies":"Lagavulin","floor":6,"turns":1},{"damage":2,"enemies":"Jaw Worm","floor":7,"turns":4},{"damage":32,"enemies":"Gremlin Nob","floor":8,"turns":4},{"damage":31,"enemies":"3 Sentries","floor":10,"turns":8},{"damage":30,"enemies":"Lagavulin","floor":12,"turns":6},{"damage":7,"enemies":"3 Louse","floor":13,"turns":2}],"seed_played":"-4205968337436471600","potions_obtained":[{"floor":6,"key":"Regen Potion"},{"floor":7,"key":"Swift Potion"},{"floor":10,"key":"AttackPotion"}],"is_trial":false,"path_per_floor":["M","?","M","?","$","E","M","E","T","E","?","E","M"],"character_chosen":"IRONCLAD","items_purchased":[],"campfire_rested":0,"item_purchase_floors":[],"current_hp_per_floor":[78,78,80,80,80,80,80,59,59,34,34,10,3],"gold":236,"neow_bonus":"THREE_ENEMY_KILL","is_prod":false,"is_daily":false,"chose_seed":false,"campfire_upgraded":0,"win_rate":0,"timestamp":1553812788,"path_taken":["M","?","M","?","?","E","M","E","T","E","?","E","M"],"build_version":"2019-01-23","purchased_purges":1,"victory":false,"max_hp_per_floor":[80,80,80,80,80,80,80,80,80,80,80,80,80],"card_choices":[{"not_picked":["Armaments","Iron Wave"],"picked":"Pommel Strike","floor":1},{"not_picked":["Dropkick","Clash"],"picked":"Fire Breathing","floor":3},{"not_picked":["Burning Pact","Flex"],"picked":"Offering","floor":6},{"not_picked":["Body Slam","Ghostly Armor"],"picked":"Thunderclap","floor":7},{"not_picked":["Havoc","Headbutt"],"picked":"Dropkick","floor":8},{"not_picked":["Dropkick","Sentinel"],"picked":"Shrug It Off","floor":10},{"not_picked":["Offering","Havoc"],"picked":"Battle Trance","floor":12}],"player_experience":266153,"relics_obtained":[{"floor":6,"key":"Art of War"},{"floor":8,"key":"Tiny Chest"},{"floor":9,"key":"Ancient Tea Set"},{"floor":10,"key":"Ginger"},{"floor":12,"key":"PreservedInsect"}],"event_choices":[{"damage_healed":0,"gold_gain":0,"player_choice":"Ignored","damage_taken":0,"max_hp_gain":0,"max_hp_loss":0,"event_name":"Liars Game","floor":2,"gold_loss":0},{"damage_healed":0,"gold_gain":0,"player_choice":"Box","damage_taken":0,"relics_obtained":["Bag of Preparation"],"max_hp_gain":0,"max_hp_loss":0,"event_name":"Big Fish","floor":4,"gold_loss":0,"cards_obtained":["Regret"]},{"damage_healed":0,"gold_gain":0,"player_choice":"Forge","damage_taken":0,"max_hp_gain":0,"max_hp_loss":0,"event_name":"Accursed Blacksmith","floor":11,"gold_loss":0,"cards_upgraded":["Fire Breathing"]}],"is_beta":false,"boss_relics":[],"items_purged_floors":[5],"is_endless":false,"potions_floor_spawned":[6,7,10],"killed_by":"3 Louse","ascension_level":8}