{"gold_per_floor":[210,210,270,286,302,302,322,349,349,349,367,402,412,431,431,431],"floor_reached":16,"playtime":586,"items_purged":[],"score":232,"play_id":"d8e7ff19-4a1b-4691-bf18-3d104c989efa","local_time":"20181128170405","is_ascension_mode":true,"campfire_choices":[{"data":"Zap","floor":6,"key":"SMITH"},{"floor":10,"key":"REST"},{"data":"Defragment","floor":15,"key":"SMITH"}],"neow_cost":"NONE","seed_source_timestamp":0,"circlet_count":0,"master_deck":["AscendersBane","Strike_B","Strike_B","Strike_B","Strike_B","Defend_B","Defend_B","Defend_B","Defend_B","Zap+1","Dualcast","Rip and Tear","Cold Snap","Conserve Battery","Reinforced Body","Self Repair","Cold Snap","Steam","Defragment+1"],"special_seed":0,"relics":["Cracked Core","SsserpentHead","Mercury Hourglass","Bronze Scales","Bag of Marbles"],"potions_floor_usage":[8,8,12,16],"damage_taken":[{"damage":0.0,"enemies":"2 Louse","floor":1.0,"turns":3.0},{"damage":0.0,"enemies":"Cultist","floor":3.0,"turns":2.0},{"damage":10.0,"enemies":"Jaw Worm","floor":4.0,"turns":2.0},{"damage":8.0,"enemies":"3 Louse","floor":5.0,"turns":4.0},{"damage":7,"enemies":"Looter","floor":7,"turns":3},{"damage":18,"enemies":"3 Sentries","floor":8,"turns":8},{"damage":11,"enemies":"Blue Slaver","floor":11,"turns":2},{"damage":27,"enemies":"Lagavulin","floor":12,"turns":4},{"damage":0,"enemies":"3 Louse","floor":13,"turns":2},{"damage":0,"enemies":"2 Fungi Beasts","floor":14,"turns":3},{"damage":27,"enemies":"Hexaghost","floor":16,"turns":9}],"seed_played":"2373328209291194747","potions_obtained":[{"floor":3.0,"key":"FearPotion"},{"floor":4.0,"key":"Strength Potion"},{"floor":7,"key":"Strength Potion"},{"floor":11,"key":"FearPotion"},{"floor":12,"key":"Dexterity Potion"}],"is_trial":false,"path_per_floor":["M","?","M","M","M","R","M","E","T","R","M","E","M","M","R","B"],"character_chosen":"DEFECT","items_purchased":[],"campfire_rested":1,"item_purchase_floors":[],"current_hp_per_floor":[64,64,64,54,46,46,39,21,21,42,31,11,18,25,25,0],"gold":431,"neow_bonus":"HUNDRED_GOLD","is_prod":false,"is_daily":false,"chose_seed":false,"campfire_upgraded":2,"win_rate":0,"timestamp":1543442645,"path_taken":["M","?","?","M","M","R","M","E","T","R","M","E","M","M","R","BOSS"],"build_version":"2018-11-15","purchased_purges":0,"victory":false,"max_hp_per_floor":[71,71,71,71,71,71,71,71,71,71,71,71,71,71,71,71],"card_choices":[{"not_picked":["Steam","Go for the Eyes"],"picked":"Rip and Tear","floor":1.0},{"not_picked":["Turbo","Leap"],"picked":"Cold Snap","floor":3.0},{"not_picked":["Redo","Storm"],"picked":"Conserve Battery","floor":4.0},{"not_picked":["Compile Driver","Loop","Gash"],"picked":"SKIP","floor":5.0},{"not_picked":["Scrape","Leap"],"picked":"Reinforced Body","floor":7},{"not_picked":["Fission","Auto Shields"],"picked":"Self Repair","floor":8},{"not_picked":["Gash","Barrage"],"picked":"Cold Snap","floor":11},{"not_picked":["Leap","Loop"],"picked":"Steam","floor":12},{"not_picked":["Coolheaded","Stack","Barrage"],"picked":"SKIP","floor":13},{"not_picked":["Barrage","Streamline"],"picked":"Defragment","floor":14}],"player_experience":794493,"relics_obtained":[{"floor":8,"key":"Mercury Hourglass"},{"floor":9,"key":"Bronze Scales"},{"floor":12,"key":"Bag of Marbles"}],"event_choices":[{"damage_healed":0.0,"max_hp_gain":0.0,"max_hp_loss":0.0,"gold_gain":0.0,"event_name":"FaceTrader","player_choice":"Trade","floor":2.0,"gold_loss":0.0,"damage_taken":0.0,"relics_obtained":["SsserpentHead"]}],"is_beta":true,"boss_relics":[],"items_purged_floors":[],"is_endless":false,"potions_floor_spawned":[3,4,7,11,12],"killed_by":"Hexaghost","ascension_level":20}