{"gold_per_floor":[118,35,50,50,15,42,42,104,104,135,162,221,221,240,240,240],"floor_reached":16,"playtime":558,"items_purged":[],"score":232,"play_id":"613bdbc2-1e2c-4a16-ab7a-7088a7f15f9d","local_time":"20190507121411","is_ascension_mode":true,"campfire_choices":[{"data":"Neutralize","floor":7,"key":"SMITH"},{"data":"Deadly Poison","floor":13,"key":"SMITH"},{"floor":15,"key":"REST"}],"neow_cost":"NONE","seed_source_timestamp":201941302233700,"circlet_count":0,"master_deck":["AscendersBane","Defend_G","Defend_G","Defend_G","Defend_G","Defend_G","Strike_G","Strike_G","Strike_G","Strike_G","Strike_G","Survivor","Neutralize+1","Slice","Dagger Throw","Deadly Poison+1","Deflect","Leg Sweep","Deadly Poison","Deadly Poison"],"special_seed":0,"relics":["Ring of the Snake","Pocketwatch","Tiny Chest","StoneCalendar","Blood Vial","Bag of Preparation","Oddly Smooth Stone"],"potions_floor_usage":[6,6,12],"damage_taken":[{"damage":1.0,"enemies":"2 Louse","floor":1.0,"turns":4.0},{"damage":2.0,"enemies":"Jaw Worm","floor":3.0,"turns":4.0},{"damage":16,"enemies":"Lagavulin","floor":6,"turns":5},{"damage":29,"enemies":"Gremlin Nob","floor":8,"turns":4},{"damage":1,"enemies":"Lagavulin","floor":10,"turns":7},{"damage":16,"enemies":"Gremlin Nob","floor":12,"turns":4},{"damage":0,"enemies":"Small Slimes","floor":14,"turns":3},{"damage":37,"enemies":"Slime Boss","floor":16,"turns":6}],"seed_played":"3288844179214954761","potions_obtained":[{"floor":1.0,"key":"FearPotion"},{"floor":3.0,"key":"SkillPotion"},{"floor":10,"key":"Poison Potion"}],"is_trial":false,"path_per_floor":["M","$","M","$","?","E","R","E","T","E","T","?","R","M","R","B"],"character_chosen":"THE_SILENT","items_purchased":["Deadly Poison","Deflect"],"campfire_rested":1,"item_purchase_floors":[2,2],"current_hp_per_floor":[58,58,56,56,66,50,50,21,21,20,20,6,6,8,27,0],"gold":240,"neow_bonus":"THREE_CARDS","is_prod":false,"is_daily":false,"chose_seed":false,"campfire_upgraded":2,"win_rate":0,"timestamp":1557245651,"path_taken":["M","$","M","$","?","E","R","E","T","E","?","?","R","?","R","BOSS"],"build_version":"2019-01-23","purchased_purges":0,"victory":false,"max_hp_per_floor":[66,66,66,66,66,66,66,66,66,66,66,66,66,66,66,66],"card_choices":[{"not_picked":["Tactician","PiercingWail"],"picked":"Slice","floor":0.0},{"not_picked":["Terror","PiercingWail"],"picked":"Dagger Throw","floor":1.0},{"not_picked":["Prepared","Calculated Gamble","Masterful Stab"],"picked":"SKIP","floor":3.0},{"not_picked":["Prepared","Poisoned Stab","Quick Slash"],"picked":"SKIP","floor":6},{"not_picked":["Night Terror","Masterful Stab"],"picked":"Leg Sweep","floor":8},{"not_picked":["Prepared","Sucker Punch"],"picked":"Deadly Poison","floor":10},{"not_picked":["Flechettes","Predator"],"picked":"Deadly Poison","floor":14}],"player_experience":805990,"relics_obtained":[{"floor":6,"key":"Pocketwatch"},{"floor":8,"key":"Tiny Chest"},{"floor":9,"key":"StoneCalendar"},{"floor":10,"key":"Blood Vial"},{"floor":11,"key":"Bag of Preparation"},{"floor":12,"key":"Oddly Smooth Stone"}],"event_choices":[{"damage_healed":16.0,"max_hp_gain":0.0,"max_hp_loss":0.0,"gold_gain":0.0,"event_name":"The Cleric","player_choice":"Healed","floor":5.0,"gold_loss":35.0,"damage_taken":0.0},{"damage_healed":0,"gold_gain":0,"player_choice":"Searched \u00272\u0027 times","damage_taken":0,"max_hp_gain":0,"max_hp_loss":0,"event_name":"Dead Adventurer","floor":12,"gold_loss":0}],"is_beta":false,"boss_relics":[],"items_purged_floors":[],"is_endless":false,"potions_floor_spawned":[1,3,10],"killed_by":"Slime Boss","ascension_level":20}