{"gold_per_floor":[110,110,16,26,26,26,43,58,115,148,158,158,191,211,211,306,306,318,318,5,21,35,35,35],"floor_reached":24,"playtime":760,"items_purged":[],"score":270,"play_id":"2a17004a-955b-488a-a031-539dfeee726b","local_time":"20190321223234","is_ascension_mode":true,"campfire_choices":[{"data":"Cloak And Dagger","floor":6,"key":"SMITH"},{"floor":15,"key":"REST"},{"floor":23,"key":"REST"}],"neow_cost":"NONE","seed_source_timestamp":425460205285539,"circlet_count":0,"master_deck":["Defend_G","Defend_G","Defend_G","Defend_G","Defend_G","Strike_G","Strike_G","Strike_G","Strike_G","Survivor+1","Neutralize","Accuracy","Cloak And Dagger+1","Caltrops","PiercingWail","Footwork","Slice","Blade Dance","Accuracy","Crippling Poison","Dagger Spray","Die Die Die","Blade Dance","Backflip","Quick Slash+1","Acrobatics","Accuracy"],"relics":["Ring of the Snake","Boot","Pen Nib","Tiny Chest","Omamori","Matryoshka","Black Star","Prayer Wheel"],"potions_floor_usage":[18,18,18,22,24,24],"damage_taken":[{"damage":0,"enemies":"Jaw Worm","floor":1,"turns":4},{"damage":4,"enemies":"Small Slimes","floor":4,"turns":4},{"damage":0,"enemies":"Cultist","floor":7,"turns":4},{"damage":2,"enemies":"Blue Slaver","floor":8,"turns":4},{"damage":8,"enemies":"Lagavulin","floor":10,"turns":7},{"damage":8,"enemies":"2 Fungi Beasts","floor":11,"turns":4},{"damage":10,"enemies":"3 Sentries","floor":13,"turns":8},{"damage":14,"enemies":"Large Slime","floor":14,"turns":7},{"damage":28,"enemies":"The Guardian","floor":16,"turns":11},{"damage":23,"enemies":"Spheric Guardian","floor":18,"turns":4},{"damage":10,"enemies":"Chosen","floor":21,"turns":6},{"damage":13,"enemies":"Centurion and Healer","floor":22,"turns":9},{"damage":35,"enemies":"Slavers","floor":24,"turns":3}],"seed_played":"-684168465814827263","potions_obtained":[{"floor":1,"key":"Strength Potion"},{"floor":13,"key":"EntropicBrew"},{"floor":14,"key":"Swift Potion"}],"is_trial":false,"path_per_floor":["M","?","$","M","?","R","M","M","T","E","M","?","E","M","R","B",null,"M","?","$","M","M","R","E"],"character_chosen":"THE_SILENT","items_purchased":["Cloak And Dagger","Caltrops","Prayer Wheel"],"campfire_rested":2,"item_purchase_floors":[3,3,20],"current_hp_per_floor":[63,63,63,59,52,52,52,50,50,42,34,57,47,33,54,26,59,36,36,36,26,13,34,0],"gold":35,"neow_bonus":"RANDOM_COMMON_RELIC","is_prod":false,"is_daily":false,"chose_seed":false,"campfire_upgraded":1,"win_rate":0,"timestamp":1553225554,"path_taken":["M","?","$","M","?","R","M","M","T","E","M","?","E","M","R","BOSS","M","?","$","M","M","R","E"],"build_version":"2019-01-23","purchased_purges":0,"victory":false,"max_hp_per_floor":[70,70,70,70,70,70,70,70,70,70,70,70,70,70,70,70,70,70,70,70,70,70,70,70],"card_choices":[{"not_picked":["Crippling Poison","Backflip"],"picked":"Accuracy","floor":1},{"not_picked":["Cloak And Dagger","Predator"],"picked":"PiercingWail","floor":4},{"not_picked":["PiercingWail","Flying Knee"],"picked":"Footwork","floor":7},{"not_picked":["Underhanded Strike","Skewer"],"picked":"Slice","floor":8},{"not_picked":["Setup","Expertise"],"picked":"Blade Dance","floor":10},{"not_picked":["Setup","Dagger Throw"],"picked":"Accuracy","floor":11},{"not_picked":["Dagger Throw","Riddle With Holes"],"picked":"Crippling Poison","floor":13},{"not_picked":["All Out Attack","Prepared"],"picked":"Dagger Spray","floor":14},{"not_picked":["Grand Finale","Storm of Steel"],"picked":"Die Die Die","floor":16},{"not_picked":["Footwork","PiercingWail"],"picked":"Blade Dance","floor":18},{"not_picked":["Dagger Spray+1","Night Terror"],"picked":"Backflip","floor":21},{"not_picked":["Bouncing Flask","Prepared"],"picked":"Quick Slash+1","floor":21},{"not_picked":["Expertise","Riddle With Holes"],"picked":"Acrobatics","floor":22},{"not_picked":["Deadly Poison","Reflex"],"picked":"Accuracy","floor":22}],"player_experience":250605,"relics_obtained":[{"floor":9,"key":"Tiny Chest"},{"floor":10,"key":"Omamori"},{"floor":13,"key":"Matryoshka"}],"event_choices":[{"damage_healed":0,"gold_gain":0,"player_choice":"Grow","damage_taken":0,"max_hp_gain":0,"max_hp_loss":0,"event_name":"Living Wall","floor":2,"gold_loss":0,"cards_upgraded":["Survivor"]},{"damage_healed":0,"gold_gain":0,"player_choice":"Success","damage_taken":7,"relics_obtained":["Pen Nib"],"max_hp_gain":0,"max_hp_loss":0,"event_name":"Scrap Ooze","floor":5,"gold_loss":0},{"damage_healed":23,"gold_gain":0,"player_choice":"Banana","damage_taken":0,"max_hp_gain":0,"max_hp_loss":0,"event_name":"Big Fish","floor":12,"gold_loss":0},{"cards_removed":["Strike_G"],"damage_healed":0,"gold_gain":0,"player_choice":"Purged","damage_taken":0,"max_hp_gain":0,"max_hp_loss":0,"event_name":"Purifier","floor":19,"gold_loss":0}],"is_beta":false,"boss_relics":[{"not_picked":["White Beast Statue","Runic Dome"],"picked":"Black Star"}],"items_purged_floors":[],"is_endless":false,"potions_floor_spawned":[1,13,14,21],"killed_by":"Slavers","ascension_level":6}