{"gold_per_floor":[114,189,79,79,79,113,131,131,183,200,215,246,246,266,266,364,364,377,388,29,43,43,43,73,73,73,73,105,105],"floor_reached":29,"playtime":908,"items_purged":[],"score":353,"play_id":"89e4d8db-734b-4908-8462-4be27ece69f7","local_time":"20190318020850","is_ascension_mode":true,"campfire_choices":[{"data":"Noxious Fumes","floor":8,"key":"SMITH"},{"data":"Glass Knife","floor":15,"key":"SMITH"},{"floor":23,"key":"REST"},{"floor":25,"key":"REST"},{"data":"Envenom","floor":27,"key":"SMITH"}],"neow_cost":"NONE","seed_source_timestamp":92673916069381,"circlet_count":0,"master_deck":["Defend_G","Defend_G","Defend_G+1","Defend_G+1","Defend_G","Strike_G","Strike_G","Strike_G","Strike_G","Survivor","Neutralize","Accuracy","Crippling Poison+1","Leg Sweep","Glass Knife+1","Noxious Fumes+1","Quick Slash","Footwork","Blade Dance","Envenom+1","Infinite Blades","Acrobatics+1","Distraction","Noxious Fumes","Riddle With Holes+1","Cloak And Dagger+1","Deadly Poison","Decay","Dagger Spray+1"],"relics":["Ring of the Snake","NeowsBlessing","Darkstone Periapt","Blood Vial","Dream Catcher","Cursed Key","Molten Egg 2","MutagenicStrength","Bag of Preparation","Ninja Scroll","Mummified Hand"],"potions_floor_usage":[24],"damage_taken":[{"damage":0,"enemies":"2 Louse","floor":1,"turns":1},{"damage":0,"enemies":"3 Sentries","floor":6,"turns":1},{"damage":0,"enemies":"Cultist","floor":7,"turns":1},{"damage":0,"enemies":"Jaw Worm","floor":10,"turns":4},{"damage":3,"enemies":"Blue Slaver","floor":11,"turns":5},{"damage":0,"enemies":"Lagavulin","floor":12,"turns":7},{"damage":0,"enemies":"2 Fungi Beasts","floor":14,"turns":3},{"damage":37,"enemies":"Hexaghost","floor":16,"turns":12},{"damage":19,"enemies":"Spheric Guardian","floor":18,"turns":5},{"damage":0,"enemies":"3 Byrds","floor":19,"turns":4},{"damage":22,"enemies":"Snake Plant","floor":21,"turns":6},{"damage":38,"enemies":"Gremlin Leader","floor":24,"turns":5},{"damage":45,"enemies":"Book of Stabbing","floor":28,"turns":6},{"damage":4,"enemies":"Shelled Parasite and Fungi","floor":29,"turns":1}],"seed_played":"697302285617393924","potions_obtained":[{"floor":6,"key":"Ancient Potion"},{"floor":7,"key":"Strength Potion"},{"floor":11,"key":"LiquidBronze"}],"is_trial":false,"path_per_floor":["M","?","$","?","?","E","M","R","T","M","M","E","?","M","R","B",null,"M","M","$","M","?","R","E","R","T","R","E","M"],"character_chosen":"THE_SILENT","items_purchased":["Crippling Poison","Leg Sweep","Distraction","Molten Egg 2","Noxious Fumes"],"campfire_rested":2,"item_purchase_floors":[3,3,20,20,20],"current_hp_per_floor":[70,59,59,52,52,52,52,52,52,54,53,55,41,43,43,8,70,51,53,53,33,33,54,18,39,45,45,2,0],"gold":105,"neow_bonus":"THREE_ENEMY_KILL","is_prod":false,"is_daily":false,"chose_seed":false,"campfire_upgraded":3,"win_rate":0,"timestamp":1552892930,"path_taken":["M","?","$","?","?","E","M","R","T","?","M","E","?","M","R","BOSS","M","M","$","M","?","R","E","R","T","R","E","M"],"build_version":"2019-01-23","purchased_purges":0,"victory":false,"max_hp_per_floor":[70,70,70,70,70,70,70,70,70,70,70,70,70,70,70,70,70,70,70,70,70,70,70,70,70,76,76,76,76],"card_choices":[{"not_picked":["Prepared","Reflex"],"picked":"Accuracy","floor":1},{"not_picked":["Backflip","Sucker Punch"],"picked":"Glass Knife","floor":6},{"not_picked":["PiercingWail","Crippling Poison"],"picked":"Noxious Fumes","floor":7},{"not_picked":["Dash","Expertise","Poisoned Stab"],"picked":"SKIP","floor":10},{"not_picked":["Setup","Flying Knee"],"picked":"Quick Slash","floor":11},{"not_picked":["Outmaneuver","Dagger Throw"],"picked":"Footwork","floor":12},{"not_picked":["Setup","Heel Hook"],"picked":"Blade Dance","floor":14},{"not_picked":["Unload","Wraith Form v2"],"picked":"Envenom","floor":16},{"not_picked":["Prepared","Poisoned Stab+1"],"picked":"Infinite Blades","floor":18},{"not_picked":["Dagger Spray","Poisoned Stab"],"picked":"Acrobatics+1","floor":19},{"not_picked":["Heel Hook+1","Predator+1"],"picked":"Riddle With Holes+1","floor":21},{"not_picked":["Deflect","Dagger Throw+1"],"picked":"Cloak And Dagger+1","floor":23},{"not_picked":["Quick Slash+1","Doppelganger"],"picked":"Deadly Poison","floor":24},{"not_picked":["Caltrops+1","Tools of the Trade"],"picked":"Dagger Spray+1","floor":28}],"player_experience":216214,"relics_obtained":[{"floor":6,"key":"Darkstone Periapt"},{"floor":9,"key":"Blood Vial"},{"floor":12,"key":"Dream Catcher"},{"floor":24,"key":"Bag of Preparation"},{"floor":26,"key":"Ninja Scroll"},{"floor":28,"key":"Mummified Hand"}],"event_choices":[{"damage_healed":0,"gold_gain":75,"player_choice":"Gather Gold","damage_taken":11,"max_hp_gain":0,"max_hp_loss":0,"event_name":"World of Goop","floor":2,"gold_loss":0},{"cards_removed":["Strike_G"],"damage_healed":0,"gold_gain":0,"player_choice":"Card Removal","damage_taken":7,"max_hp_gain":0,"max_hp_loss":0,"event_name":"Golden Wing","floor":4,"gold_loss":0},{"damage_healed":0,"gold_gain":0,"player_choice":"Upgraded","damage_taken":0,"max_hp_gain":0,"max_hp_loss":0,"event_name":"Upgrade Shrine","floor":5,"gold_loss":0,"cards_upgraded":["Crippling Poison"]},{"damage_healed":0,"gold_gain":0,"player_choice":"Entered Light","damage_taken":14,"max_hp_gain":0,"max_hp_loss":0,"event_name":"Shining Light","floor":13,"gold_loss":0,"cards_upgraded":["Defend_G","Defend_G"]},{"damage_healed":0,"gold_gain":0,"player_choice":"Inject Mutagens","damage_taken":0,"relics_obtained":["MutagenicStrength"],"max_hp_gain":0,"max_hp_loss":0,"event_name":"Drug Dealer","floor":22,"gold_loss":0}],"is_beta":false,"boss_relics":[{"not_picked":["Tiny House","Astrolabe"],"picked":"Cursed Key"}],"items_purged_floors":[],"is_endless":false,"potions_floor_spawned":[6,7,11,12,18],"killed_by":"Shelled Parasite and Fungi","ascension_level":2}