{"gold_per_floor":[115,40,55,5,5,37,37,63,63,63,90,105,105,180,180,276,276,293,309,88,3,3,31,43,59,83,103,103,103,135,147,147,147],"floor_reached":33,"playtime":1269,"items_purged":["Strike_R"],"score":455,"play_id":"194ad37c-f663-47e0-badc-a01b89817369","local_time":"20190410134546","is_ascension_mode":true,"campfire_choices":[{"data":"Warcry","floor":7,"key":"SMITH"},{"data":"Bludgeon","floor":13,"key":"SMITH"},{"data":"Metallicize","floor":15,"key":"SMITH"},{"floor":28,"key":"REST"},{"data":"Dark Embrace","floor":32,"key":"SMITH"}],"neow_cost":"NONE","seed_source_timestamp":0,"circlet_count":0,"master_deck":["AscendersBane","Strike_R","Strike_R","Defend_R+1","Defend_R","Defend_R+1","Defend_R","Bash","True Grit+1","Metallicize+1","Pommel Strike","Warcry+1","Anger","Cleave","Bludgeon+1","Dark Embrace+1","Thunderclap+1","Juggernaut+1","Metallicize+1","Feel No Pain+1","Dropkick+1","Shrug It Off","Offering","Dual Wield+1"],"special_seed":0,"relics":["Burning Blood","Lantern","War Paint","Oddly Smooth Stone","Kunai","Dream Catcher","Eternal Feather","PreservedInsect","Frozen Egg 2","Bottled Tornado","Omamori","Orichalcum"],"potions_floor_usage":[8,25,27,33,33],"damage_taken":[{"damage":0,"enemies":"2 Louse","floor":1,"turns":2},{"damage":5,"enemies":"Small Slimes","floor":3,"turns":4},{"damage":27,"enemies":"Gremlin Nob","floor":6,"turns":5},{"damage":18,"enemies":"3 Sentries","floor":8,"turns":12},{"damage":7,"enemies":"Lagavulin","floor":11,"turns":9},{"damage":0,"enemies":"Jaw Worm","floor":12,"turns":4},{"damage":35,"enemies":"The Guardian","floor":16,"turns":14},{"damage":9,"enemies":"Shell Parasite","floor":18,"turns":11},{"damage":17,"enemies":"3 Byrds","floor":19,"turns":8},{"damage":38,"enemies":"Slavers","floor":23,"turns":6},{"damage":20,"enemies":"Snecko","floor":24,"turns":5},{"damage":26,"enemies":"Snake Plant","floor":25,"turns":3},{"damage":12,"enemies":"3 Cultists","floor":27,"turns":6},{"damage":10,"enemies":"Book of Stabbing","floor":30,"turns":4},{"damage":6,"enemies":"Centurion and Healer","floor":31,"turns":7},{"damage":54,"enemies":"Automaton","floor":33,"turns":10}],"seed_played":"7262874104742001477","potions_obtained":[{"floor":3,"key":"Weak Potion"},{"floor":6,"key":"Regen Potion"},{"floor":23,"key":"Ancient Potion"},{"floor":24,"key":"Energy Potion"},{"floor":27,"key":"Swift Potion"},{"floor":31,"key":"SpeedPotion"}],"is_trial":false,"path_per_floor":["M","$","M","?","?","E","R","E","T","?","E","M","R","?","R","B",null,"M","M","$","?","?","E","M","M","T","M","R","?","E","M","R","B"],"character_chosen":"IRONCLAD","items_purchased":["Metallicize","PreservedInsect"],"campfire_rested":1,"item_purchase_floors":[2,20],"current_hp_per_floor":[78,78,79,79,79,58,58,61,61,61,60,66,66,55,55,26,67,64,53,53,53,79,47,33,13,13,7,43,43,39,39,51,0],"gold":147,"neow_bonus":"RANDOM_COMMON_RELIC","is_prod":false,"is_daily":false,"chose_seed":false,"campfire_upgraded":4,"win_rate":0,"timestamp":1554921946,"path_taken":["M","$","M","?","?","E","R","E","T","?","E","M","R","?","R","BOSS","M","M","$","?","?","E","M","M","T","M","R","?","E","M","R","BOSS"],"build_version":"2019-01-23","purchased_purges":1,"victory":false,"max_hp_per_floor":[80,80,80,80,80,80,80,80,80,80,80,80,80,80,80,80,80,80,80,80,80,80,80,80,80,80,80,80,80,80,80,80,80],"card_choices":[{"not_picked":["Fire Breathing","Anger"],"picked":"True Grit","floor":1},{"not_picked":["Flex","Twin Strike"],"picked":"Pommel Strike","floor":3},{"not_picked":["Flex","Headbutt"],"picked":"Warcry","floor":6},{"not_picked":["Evolve","Wild Strike"],"picked":"Anger","floor":8},{"not_picked":["Ghostly Armor","Dual Wield"],"picked":"Cleave","floor":11},{"not_picked":["Combust","Pommel Strike"],"picked":"Bludgeon","floor":12},{"not_picked":["Impervious","Offering"],"picked":"Dark Embrace","floor":16},{"not_picked":["Burning Pact","Hemokinesis","Evolve+1"],"picked":"SKIP","floor":18},{"not_picked":["Clothesline","Pommel Strike"],"picked":"Thunderclap+1","floor":19},{"not_picked":["Bloodletting","Sentinel"],"picked":"Juggernaut+1","floor":23},{"not_picked":["Power Through","Iron Wave"],"picked":"Metallicize+1","floor":24},{"not_picked":["Carnage","Second Wind+1"],"picked":"Feel No Pain+1","floor":25},{"not_picked":["Sword Boomerang","Heavy Blade"],"picked":"Dropkick+1","floor":27},{"not_picked":["Perfected Strike","Whirlwind+1"],"picked":"Shrug It Off","floor":28},{"not_picked":["Second Wind","Headbutt"],"picked":"Offering","floor":30},{"not_picked":["Bloodletting+1","Pummel+1"],"picked":"Dual Wield+1","floor":31}],"player_experience":310002,"relics_obtained":[{"floor":6,"key":"War Paint"},{"floor":8,"key":"Oddly Smooth Stone"},{"floor":9,"key":"Kunai"},{"floor":11,"key":"Dream Catcher"},{"floor":23,"key":"Bottled Tornado"},{"floor":26,"key":"Omamori"},{"floor":30,"key":"Orichalcum"}],"event_choices":[{"cards_removed":["Strike_R"],"damage_healed":0,"gold_gain":0,"player_choice":"Card Removal","damage_taken":0,"max_hp_gain":0,"max_hp_loss":0,"event_name":"The Cleric","floor":4,"gold_loss":50},{"damage_healed":0,"gold_gain":0,"player_choice":"Ignored","damage_taken":0,"max_hp_gain":0,"max_hp_loss":0,"event_name":"Liars Game","floor":5,"gold_loss":0},{"damage_healed":0,"gold_gain":0,"player_choice":"Grow","damage_taken":0,"max_hp_gain":0,"max_hp_loss":0,"event_name":"Living Wall","floor":10,"gold_loss":0,"cards_upgraded":["True Grit"]},{"damage_healed":0,"gold_gain":75,"player_choice":"Gather Gold","damage_taken":11,"max_hp_gain":0,"max_hp_loss":0,"event_name":"World of Goop","floor":14,"gold_loss":0},{"damage_healed":0,"gold_gain":0,"player_choice":"Obtained Relic","damage_taken":0,"relics_obtained":["Frozen Egg 2"],"max_hp_gain":0,"max_hp_loss":0,"event_name":"Addict","floor":21,"gold_loss":85},{"damage_healed":26,"gold_gain":0,"player_choice":"Heal","damage_taken":0,"max_hp_gain":0,"max_hp_loss":0,"event_name":"The Library","floor":22,"gold_loss":0},{"cards_removed":["Strike_R"],"damage_healed":0,"gold_gain":0,"player_choice":"Purged","damage_taken":0,"max_hp_gain":0,"max_hp_loss":0,"event_name":"Purifier","floor":29,"gold_loss":0}],"is_beta":false,"boss_relics":[{"not_picked":["Black Blood","White Beast Statue"],"picked":"Eternal Feather"}],"items_purged_floors":[20],"is_endless":false,"potions_floor_spawned":[3,6,23,24,27,31],"killed_by":"Automaton","ascension_level":10}