{"gold_per_floor":[113,124,141,141,141,141,172,172,172,172,182,202,220,220,220,317,317,336,16,16,30,30,30,30,30,81,21,21,39,39,56,56,56],"floor_reached":33,"playtime":1707,"items_purged":["Shame"],"score":245,"play_id":"e4141071-36e7-4576-a724-5e14775cf3dc","local_time":"20190520004103","is_ascension_mode":false,"campfire_choices":[{"data":"Neutralize","floor":6,"key":"SMITH"},{"data":"Flechettes","floor":8,"key":"SMITH"},{"floor":10,"key":"REST"},{"floor":15,"key":"REST"},{"floor":23,"key":"REST"},{"data":"Footwork","floor":25,"key":"SMITH"},{"data":"Caltrops","floor":28,"key":"SMITH"},{"floor":32,"key":"REST"}],"neow_cost":"NONE","seed_source_timestamp":259009478228554,"circlet_count":0,"master_deck":["Defend_G","Defend_G","Defend_G","Defend_G","Defend_G","Strike_G+1","Strike_G","Survivor","Neutralize+1","Flying Knee","Well Laid Plans","Sucker Punch+1","Flechettes+1","Die Die Die+1","Caltrops+1","Malaise","Footwork+1","J.A.X.","Deflect","Deflect"],"relics":["Ring of the Snake","Ice Cream","The Courier","Empty Cage","Bronze Scales","Bottled Tornado","Molten Egg 2"],"potions_floor_usage":[],"damage_taken":[{"damage":0,"enemies":"Small Slimes","floor":1,"turns":4},{"damage":2,"enemies":"2 Louse","floor":2,"turns":3},{"damage":1,"enemies":"Jaw Worm","floor":3,"turns":5},{"damage":29,"enemies":"3 Sentries","floor":7,"turns":13},{"damage":0,"enemies":"2 Fungi Beasts","floor":11,"turns":2},{"damage":7,"enemies":"Blue Slaver","floor":12,"turns":3},{"damage":6,"enemies":"3 Louse","floor":13,"turns":1},{"damage":58,"enemies":"Slime Boss","floor":16,"turns":14},{"damage":25,"enemies":"Shell Parasite","floor":18,"turns":7},{"damage":0,"enemies":"3 Byrds","floor":21,"turns":3},{"damage":15,"enemies":"Centurion and Healer","floor":29,"turns":10},{"damage":3,"enemies":"3 Cultists","floor":31,"turns":4},{"damage":69,"enemies":"Automaton","floor":33,"turns":6}],"seed_played":"-5959211792238622278","potions_obtained":[{"floor":1,"key":"SkillPotion"},{"floor":7,"key":"PowerPotion"},{"floor":11,"key":"Regen Potion"}],"is_trial":false,"path_per_floor":["M","M","M","$","?","R","E","R","T","R","M","M","M","?","R","B",null,"M","$","?","M","?","R","?","R","T","$","R","M","?","M","R","B"],"character_chosen":"THE_SILENT","items_purchased":["Bronze Scales","Bottled Tornado"],"campfire_rested":4,"item_purchase_floors":[19,19],"current_hp_per_floor":[77,75,74,74,74,74,45,45,45,68,68,61,55,40,63,5,77,52,52,38,38,38,62,62,62,62,62,62,47,47,44,68,0],"gold":56,"neow_bonus":"TEN_PERCENT_HP_BONUS","is_prod":false,"is_daily":false,"chose_seed":false,"campfire_upgraded":4,"win_rate":0,"timestamp":1558338063,"path_taken":["M","M","M","$","?","R","E","R","T","R","M","M","M","?","R","BOSS","M","$","?","M","?","R","?","R","T","$","R","M","?","M","R","BOSS"],"build_version":"2019-01-23","purchased_purges":1,"victory":false,"max_hp_per_floor":[77,77,77,77,77,77,77,77,77,77,77,77,77,77,77,77,77,77,77,82,82,82,82,82,82,82,82,82,82,82,82,82,82],"card_choices":[{"not_picked":["Calculated Gamble","Cloak And Dagger"],"picked":"Flying Knee","floor":1},{"not_picked":["Dagger Throw","Distraction"],"picked":"Well Laid Plans","floor":2},{"not_picked":["Backflip","Prepared"],"picked":"Sucker Punch","floor":3},{"not_picked":["Caltrops","Backflip"],"picked":"Flechettes","floor":7},{"not_picked":["Sucker Punch","Deadly Poison"],"picked":"Die Die Die","floor":11},{"not_picked":["Bane","Accuracy"],"picked":"Caltrops","floor":12},{"not_picked":["Deflect","Poisoned Stab","Sucker Punch"],"picked":"SKIP","floor":13},{"not_picked":["Night Terror","Die Die Die"],"picked":"Malaise","floor":16},{"not_picked":["Bane","All Out Attack"],"picked":"Footwork","floor":18},{"not_picked":["Crippling Poison","Poisoned Stab+1","Blade Dance+1"],"picked":"SKIP","floor":21},{"not_picked":["Crippling Poison","Poisoned Stab+1","Blade Dance+1"],"picked":"SKIP","floor":21},{"not_picked":["Dodge and Roll","Prepared"],"picked":"Deflect","floor":29},{"not_picked":["Outmaneuver","Concentrate"],"picked":"Deflect","floor":31}],"player_experience":201886,"relics_obtained":[{"floor":7,"key":"Ice Cream"},{"floor":9,"key":"The Courier"}],"event_choices":[{"damage_healed":0,"gold_gain":0,"player_choice":"Grow","damage_taken":0,"max_hp_gain":0,"max_hp_loss":0,"event_name":"Living Wall","floor":5,"gold_loss":0,"cards_upgraded":["Sucker Punch"]},{"damage_healed":0,"gold_gain":0,"player_choice":"Entered Light","damage_taken":15,"max_hp_gain":0,"max_hp_loss":0,"event_name":"Shining Light","floor":14,"gold_loss":0,"cards_upgraded":["Die Die Die","Strike_G"]},{"damage_healed":0,"gold_gain":0,"player_choice":"Shed Blood","damage_taken":19,"max_hp_gain":5,"max_hp_loss":0,"event_name":"Forgotten Altar","floor":20,"gold_loss":0},{"damage_healed":0,"gold_gain":0,"player_choice":"Obtain J.A.X.","damage_taken":0,"max_hp_gain":0,"max_hp_loss":0,"event_name":"Drug Dealer","floor":22,"gold_loss":0,"cards_obtained":["J.A.X."]},{"damage_healed":0,"gold_gain":0,"player_choice":"Stole Relic","damage_taken":0,"relics_obtained":["Molten Egg 2"],"max_hp_gain":0,"max_hp_loss":0,"event_name":"Addict","floor":24,"gold_loss":0,"cards_obtained":["Shame"]},{"cards_removed":["Strike_G"],"damage_healed":0,"gold_gain":0,"player_choice":"Elegance","damage_taken":0,"max_hp_gain":0,"max_hp_loss":0,"event_name":"Back to Basics","floor":30,"gold_loss":0}],"is_beta":false,"boss_relics":[{"not_picked":["Runic Dome","HoveringKite"],"picked":"Empty Cage"}],"items_purged_floors":[27],"is_endless":false,"potions_floor_spawned":[1,7,11,16,18],"killed_by":"Automaton","ascension_level":0}