{"gold_per_floor":[114,114,141,168,195,237,249,211,223,250,292,304,316,343,355,467,479,506,488,125,125,140,140,155,170,170,185,13,0,0,0,0,100,100,115,130,145,20,35,35,50,65,90,90,105,105,105,120,120,120],"floor_reached":50,"playtime":7944,"items_purged":["Fission","Fission","Writhe"],"score":483,"play_id":"f3d92a51-d025-4f9f-a66e-4dd1e00c201f","local_time":"20190527224058","daily_mods":["Specialized","ControlledChaos","Binary"],"is_ascension_mode":false,"campfire_choices":[{"floor":7.0,"key":"REST"},{"floor":13.0,"key":"REST"},{"floor":15.0,"key":"REST"},{"floor":23,"key":"REST"},{"floor":30,"key":"REST"},{"floor":32,"key":"REST"},{"floor":40,"key":"REST"},{"floor":46,"key":"REST"},{"floor":49,"key":"REST"}],"neow_cost":"","seed_source_timestamp":0,"circlet_count":0,"master_deck":["Strike_B","Strike_B","Strike_B","Defend_B","Defend_B","Defend_B","Defend_B","Zap","Dualcast","Fission","Fission","Beam Cell","Redo","Conserve Battery","Redo","Redo","Core Surge","Reinforced Body","Machine Learning","Stack","Undo+1","Rebound+1","FTL","Cold Snap","Hello World","Chill","Buffer+1","Rebound+1","Cold Snap","Rebound+1","Steam Power+1"],"special_seed":18044,"relics":["Cracked Core","Frozen Eye","MawBank","Torii","Question Card","Odd Mushroom","Vajra","Velvet Choker","Bronze Scales","Potion Belt","NlothsMask","Shuriken","Busted Crown","DataDisk"],"potions_floor_usage":[16,16,16,19,33,33,33,33,33,37,39,39,42,50,50],"damage_taken":[{"damage":5.0,"enemies":"2 Louse","floor":1.0,"turns":2.0},{"damage":19.0,"enemies":"Cultist","floor":3.0,"turns":5.0},{"damage":3.0,"enemies":"Jaw Worm","floor":4.0,"turns":3.0},{"damage":11.0,"enemies":"Blue Slaver","floor":5.0,"turns":4.0},{"damage":9.0,"enemies":"3 Sentries","floor":6.0,"turns":9.0},{"damage":7.0,"enemies":"The Mushroom Lair","floor":10.0,"turns":4.0},{"damage":11.0,"enemies":"Gremlin Nob","floor":11.0,"turns":3.0},{"damage":1.0,"enemies":"Looter","floor":14.0,"turns":3.0},{"damage":24,"enemies":"The Guardian","floor":16,"turns":12},{"damage":10,"enemies":"Chosen","floor":18,"turns":5},{"damage":36,"enemies":"2 Thieves","floor":19,"turns":5},{"damage":8,"enemies":"Centurion and Healer","floor":22,"turns":8},{"damage":16,"enemies":"Snake Plant","floor":24,"turns":4},{"damage":0,"enemies":"Cultist and Chosen","floor":25,"turns":6},{"damage":13,"enemies":"Centurion and Healer","floor":27,"turns":7},{"damage":31,"enemies":"Champ","floor":33,"turns":18},{"damage":26,"enemies":"3 Shapes","floor":35,"turns":6},{"damage":2,"enemies":"3 Darklings","floor":36,"turns":6},{"damage":33,"enemies":"Spire Growth","floor":37,"turns":6},{"damage":1,"enemies":"Transient","floor":39,"turns":5},{"damage":9,"enemies":"4 Shapes","floor":41,"turns":5},{"damage":11,"enemies":"Spire Growth","floor":42,"turns":6},{"damage":0,"enemies":"Jaw Worm Horde","floor":45,"turns":5},{"damage":0,"enemies":"Sphere and 2 Shapes","floor":48,"turns":6},{"damage":60,"enemies":"Time Eater","floor":50,"turns":8}],"seed_played":"3335311382363075353","potions_obtained":[{"floor":5.0,"key":"Block Potion"},{"floor":10.0,"key":"Fire Potion"},{"floor":11.0,"key":"EntropicBrew"},{"floor":14.0,"key":"SmokeBomb"},{"floor":19,"key":"EntropicBrew"},{"floor":24,"key":"Explosive Potion"},{"floor":25,"key":"Dexterity Potion"},{"floor":33,"key":"Swift Potion"},{"floor":39,"key":"Weak Potion"},{"floor":42,"key":"GamblersBrew"},{"floor":48,"key":"FearPotion"}],"is_trial":false,"path_per_floor":["M","?","M","M","M","E","R","?","T","?","E","$","R","M","R","B",null,"M","M","$","?","M","R","M","M","T","M","$","?","R","?","R","B",null,"M","M","M","$","M","R","M","M","T","?","M","R","?","M","R","B"],"character_chosen":"DEFECT","items_purchased":["Bronze Scales","Potion Belt","Chill"],"campfire_rested":9,"item_purchase_floors":[20,20,28],"current_hp_per_floor":[70,70,51,48,37,28,50,50,50,43,32,32,54,53,75,66,75,65,29,29,29,21,43,27,27,27,14,14,14,36,36,58,42,75,49,47,14,14,13,35,26,15,15,15,15,37,37,37,59,0],"gold":120,"neow_bonus":"","is_prod":false,"is_daily":true,"chose_seed":false,"campfire_upgraded":0,"win_rate":0,"timestamp":1559011258,"path_taken":["M","?","M","M","?","E","R","?","T","?","E","$","R","M","R","BOSS","M","M","$","?","M","R","M","M","T","M","?","?","R","?","R","BOSS","M","M","M","$","M","R","M","M","T","?","?","R","?","M","R","BOSS"],"build_version":"2019-01-23","purchased_purges":3,"victory":false,"max_hp_per_floor":[75,75,75,75,75,75,75,75,75,75,75,75,75,75,75,75,75,75,75,75,75,75,75,75,75,75,75,75,75,75,75,75,75,75,75,75,75,75,75,75,75,75,75,75,75,75,75,75,75,75],"card_choices":[{"not_picked":["Streamline"],"picked":"Beam Cell","floor":1.0},{"not_picked":["Sweeping Beam","Turbo"],"picked":"SKIP","floor":3.0},{"not_picked":["Gash"],"picked":"Redo","floor":4.0},{"not_picked":["Biased Cognition"],"picked":"Conserve Battery","floor":5.0},{"not_picked":["Compile Driver"],"picked":"Redo","floor":6.0},{"not_picked":["Gash","Hologram"],"picked":"Redo","floor":10.0},{"not_picked":["Go for the Eyes","Consume"],"picked":"Core Surge","floor":11.0},{"not_picked":["Blizzard","Steam"],"picked":"Reinforced Body","floor":14.0},{"not_picked":["All For One","Meteor Strike"],"picked":"Machine Learning","floor":16},{"not_picked":["Streamline","Darkness"],"picked":"Stack","floor":18},{"not_picked":["Rip and Tear","Turbo"],"picked":"Undo+1","floor":19},{"not_picked":["Consume","Redo"],"picked":"Rebound+1","floor":22},{"not_picked":["Rebound","Turbo"],"picked":"FTL","floor":24},{"not_picked":["Go for the Eyes","Steam"],"picked":"Cold Snap","floor":25},{"not_picked":["Beam Cell","Meteor Strike"],"picked":"Hello World","floor":27},{"not_picked":["Fission","Reboot"],"picked":"Buffer","floor":33},{"not_picked":[],"picked":"Rebound+1","floor":35},{"not_picked":["Hello World"],"picked":"SKIP","floor":36},{"not_picked":[],"picked":"Cold Snap","floor":37},{"not_picked":[],"picked":"Rebound+1","floor":39},{"not_picked":["Darkness"],"picked":"SKIP","floor":41},{"not_picked":[],"picked":"Steam Power+1","floor":42},{"not_picked":["Hologram+1"],"picked":"SKIP","floor":45},{"not_picked":["Rebound"],"picked":"SKIP","floor":48}],"player_experience":157589,"relics_obtained":[{"floor":6.0,"key":"Torii"},{"floor":9.0,"key":"Question Card"},{"floor":10.0,"key":"Odd Mushroom"},{"floor":11.0,"key":"Vajra"},{"floor":43,"key":"DataDisk"}],"event_choices":[{"cards_removed":["Fission"],"damage_healed":0.0,"max_hp_gain":0.0,"max_hp_loss":0.0,"gold_gain":0.0,"event_name":"WeMeetAgain","player_choice":"Gave Card","floor":2.0,"gold_loss":0.0,"damage_taken":0.0,"relics_obtained":["MawBank"]},{"cards_removed":["Strike_B"],"damage_healed":0.0,"max_hp_gain":0.0,"max_hp_loss":0.0,"gold_gain":0.0,"event_name":"The Cleric","player_choice":"Card Removal","floor":8.0,"gold_loss":50.0,"damage_taken":0.0},{"damage_healed":0.0,"max_hp_gain":0.0,"max_hp_loss":0.0,"gold_gain":0.0,"event_name":"Mushrooms","player_choice":"Fought Mushrooms","floor":10.0,"gold_loss":0.0,"damage_taken":0.0},{"damage_healed":0,"gold_gain":0,"player_choice":"Trade","damage_taken":0,"relics_obtained":["NlothsMask"],"max_hp_gain":0,"max_hp_loss":0,"event_name":"FaceTrader","floor":21,"gold_loss":0},{"damage_healed":0,"gold_gain":0,"player_choice":"Paid Fearfully","damage_taken":0,"max_hp_gain":0,"max_hp_loss":0,"event_name":"Masked Bandits","floor":29,"gold_loss":13},{"damage_healed":0,"gold_gain":0,"player_choice":"Opened","damage_taken":0,"relics_obtained":["Shuriken"],"max_hp_gain":0,"max_hp_loss":0,"event_name":"The Mausoleum","floor":31,"gold_loss":0,"cards_obtained":["Writhe"]},{"damage_healed":0,"gold_gain":0,"player_choice":"Upgraded","damage_taken":0,"max_hp_gain":0,"max_hp_loss":0,"event_name":"Upgrade Shrine","floor":44,"gold_loss":0,"cards_upgraded":["Buffer"]},{"damage_healed":0,"gold_gain":0,"player_choice":"Ignored","damage_taken":0,"max_hp_gain":0,"max_hp_loss":0,"event_name":"Mysterious Sphere","floor":47,"gold_loss":0}],"is_beta":false,"boss_relics":[{"not_picked":["Astrolabe","Empty Cage"],"picked":"Velvet Choker"},{"not_picked":["Coffee Dripper","Pandora\u0027s Box"],"picked":"Busted Crown"}],"items_purged_floors":[20,28,38],"is_endless":false,"potions_floor_spawned":[5,10,11,14,19,24,25,33,39,42,48],"killed_by":"Time Eater","ascension_level":0}