{"gold_per_floor":[116,191,203,216,235,235,235,4,52,17,17,46,46,74,74,177,177,187,203,13,0,15,15,15,15,83,83,7,7,22,54,54,156,156,167,187,62,75,75,75,75,89,114,114,36,36,36,36,36,36],"floor_reached":50,"playtime":3116,"items_purged":["Defend_G","Strike_G","Strike_G"],"score":464,"play_id":"0c8ccebd-dc80-44e9-a75b-68a309a4ff4d","local_time":"20190516225538","is_ascension_mode":false,"campfire_choices":[{"data":"Noxious Fumes","floor":6,"key":"SMITH"},{"data":"Bane","floor":11,"key":"SMITH"},{"data":"Neutralize","floor":13,"key":"SMITH"},{"floor":15,"key":"REST"},{"floor":23,"key":"REST"},{"data":"Glass Knife","floor":27,"key":"SMITH"},{"data":"A Thousand Cuts","floor":29,"key":"SMITH"},{"floor":32,"key":"REST"},{"floor":40,"key":"REST"},{"floor":49,"key":"REST"}],"neow_cost":"NONE","seed_source_timestamp":131203836472756,"circlet_count":0,"master_deck":["Defend_G+1","Defend_G+1","Defend_G+1","Defend_G+1","Strike_G+1","Strike_G+1","Strike_G+1","Survivor+1","Neutralize+1","Backflip+1","Noxious Fumes+1","Bane+1","PiercingWail+1","Quick Slash+1","Footwork+1","A Thousand Cuts+1","Infinite Blades+1","Blur+1","Flying Knee+1","Glass Knife+1","Well Laid Plans+1","Deflect+1","Tools of the Trade+1","Blade Dance+1","Secret Weapon+1","Backflip+1","Footwork+1","Madness","Madness"],"relics":["Ring of the Snake","Juzu Bracelet","Pen Nib","PreservedInsect","Omamori","Mummified Hand","Frozen Egg 2","Oddly Smooth Stone","Busted Crown","Letter Opener","Potion Belt","Mark of the Bloom"],"potions_floor_usage":[],"damage_taken":[{"damage":0,"enemies":"Jaw Worm","floor":1,"turns":7},{"damage":0,"enemies":"Cultist","floor":3,"turns":3},{"damage":0,"enemies":"2 Louse","floor":4,"turns":3},{"damage":5,"enemies":"Exordium Wildlife","floor":5,"turns":4},{"damage":16,"enemies":"Lagavulin","floor":12,"turns":6},{"damage":14,"enemies":"Gremlin Nob","floor":14,"turns":3},{"damage":37,"enemies":"Slime Boss","floor":16,"turns":11},{"damage":21,"enemies":"Spheric Guardian","floor":18,"turns":7},{"damage":12,"enemies":"3 Byrds","floor":19,"turns":4},{"damage":21,"enemies":"Snake Plant","floor":22,"turns":6},{"damage":4,"enemies":"Centurion and Healer","floor":30,"turns":5},{"damage":16,"enemies":"Book of Stabbing","floor":31,"turns":6},{"damage":19,"enemies":"Champ","floor":33,"turns":12},{"damage":12,"enemies":"Orb Walker","floor":35,"turns":5},{"damage":0,"enemies":"3 Shapes","floor":36,"turns":3},{"damage":26,"enemies":"3 Darklings","floor":38,"turns":5},{"damage":1,"enemies":"Transient","floor":42,"turns":5},{"damage":43,"enemies":"Time Eater","floor":50,"turns":12}],"seed_played":"-6619955614588528563","potions_obtained":[{"floor":1,"key":"GamblersBrew"},{"floor":5,"key":"Energy Potion"},{"floor":16,"key":"Explosive Potion"}],"is_trial":false,"path_per_floor":["M","?","M","M","M","R","?","$","T","?","R","E","R","E","R","B",null,"M","M","$","?","M","R","$","?","T","R","$","R","M","E","R","B",null,"M","M","$","M","?","R","T","M","T","?","$","?","?","?","R","B"],"character_chosen":"THE_SILENT","items_purchased":["Pen Nib","Blur","Flying Knee","Well Laid Plans+1","Footwork+1"],"campfire_rested":5,"item_purchase_floors":[8,20,20,28,45],"current_hp_per_floor":[70,59,59,59,54,54,54,54,54,70,70,54,54,40,61,24,70,49,37,37,37,16,37,37,37,37,37,37,37,33,17,38,19,70,58,58,58,32,32,53,53,52,52,52,52,52,52,43,43,0],"gold":36,"neow_bonus":"RANDOM_COMMON_RELIC","is_prod":false,"is_daily":false,"chose_seed":false,"campfire_upgraded":5,"win_rate":0.0,"timestamp":1558072538,"path_taken":["M","?","M","M","M","R","?","$","T","?","R","E","R","E","R","BOSS","M","M","$","?","M","R","$","?","T","R","$","R","M","E","R","BOSS","M","M","$","M","?","R","?","M","T","?","?","?","?","?","R","BOSS"],"build_version":"2019-01-23","purchased_purges":3,"victory":false,"max_hp_per_floor":[70,70,70,70,70,70,70,70,70,70,70,70,70,70,70,70,70,70,70,70,70,70,70,70,70,70,70,70,70,70,70,70,70,70,70,70,70,70,70,70,70,70,70,70,70,70,70,70,70,70],"card_choices":[{"not_picked":["Bouncing Flask","Deflect"],"picked":"Backflip","floor":1},{"not_picked":["Caltrops","Eviscerate"],"picked":"Noxious Fumes","floor":3},{"not_picked":["Slice","Quick Slash"],"picked":"Bane","floor":4},{"not_picked":["Prepared","Flechettes"],"picked":"PiercingWail","floor":5},{"not_picked":["Well Laid Plans","Leg Sweep"],"picked":"Quick Slash","floor":12},{"not_picked":["Deflect","Prepared"],"picked":"Footwork","floor":14},{"not_picked":["Phantasmal Killer","Doppelganger"],"picked":"A Thousand Cuts","floor":16},{"not_picked":["Dodge and Roll","Accuracy","PiercingWail"],"picked":"SKIP","floor":18},{"not_picked":["Underhanded Strike","Sucker Punch+1"],"picked":"Infinite Blades","floor":19},{"not_picked":["Setup","Quick Slash"],"picked":"Glass Knife","floor":22},{"not_picked":["Catalyst","Well Laid Plans+1","Eviscerate"],"picked":"SKIP","floor":30},{"not_picked":["Envenom+1","Underhanded Strike+1"],"picked":"Deflect+1","floor":31},{"not_picked":["Grand Finale","Malaise"],"picked":"Tools of the Trade+1","floor":33},{"not_picked":["Well Laid Plans+1"],"picked":"SKIP","floor":35},{"not_picked":[],"picked":"Blade Dance","floor":36},{"not_picked":["Deadly Poison+1"],"picked":"SKIP","floor":38},{"not_picked":[],"picked":"Secret Weapon","floor":39},{"not_picked":[],"picked":"Backflip","floor":42}],"player_experience":98304,"relics_obtained":[{"floor":9,"key":"PreservedInsect"},{"floor":12,"key":"Omamori"},{"floor":14,"key":"Mummified Hand"},{"floor":26,"key":"Frozen Egg 2"},{"floor":31,"key":"Oddly Smooth Stone"},{"floor":41,"key":"Letter Opener"},{"floor":43,"key":"Potion Belt"}],"event_choices":[{"damage_healed":0,"gold_gain":75,"player_choice":"Gather Gold","damage_taken":11,"max_hp_gain":0,"max_hp_loss":0,"event_name":"World of Goop","floor":2,"gold_loss":0},{"damage_healed":0,"gold_gain":0,"player_choice":"Bought 0 Potions","damage_taken":0,"max_hp_gain":0,"max_hp_loss":0,"event_name":"The Woman in Blue","floor":7,"gold_loss":0},{"damage_healed":17,"gold_gain":0,"player_choice":"Healed","damage_taken":0,"max_hp_gain":0,"max_hp_loss":0,"event_name":"The Cleric","floor":10,"gold_loss":35},{"damage_healed":0,"gold_gain":0,"player_choice":"Paid Fearfully","damage_taken":0,"max_hp_gain":0,"max_hp_loss":0,"event_name":"Masked Bandits","floor":21,"gold_loss":13},{"damage_healed":0,"gold_gain":0,"player_choice":"Ignored","damage_taken":0,"max_hp_gain":0,"max_hp_loss":0,"event_name":"Ghosts","floor":25,"gold_loss":0},{"damage_healed":0,"gold_gain":0,"player_choice":"Memory 1","damage_taken":0,"max_hp_gain":0,"max_hp_loss":0,"event_name":"SensoryStone","floor":39,"gold_loss":0},{"damage_healed":0,"gold_gain":0,"player_choice":"Forge","damage_taken":0,"max_hp_gain":0,"max_hp_loss":0,"event_name":"Accursed Blacksmith","floor":44,"gold_loss":0,"cards_upgraded":["Footwork"]},{"damage_healed":0,"gold_gain":0,"player_choice":"Upgrade","damage_taken":0,"relics_obtained":["Mark of the Bloom"],"max_hp_gain":0,"max_hp_loss":0,"event_name":"MindBloom","floor":46,"gold_loss":0,"cards_upgraded":["Defend_G","Defend_G","Defend_G","Defend_G","Strike_G","Strike_G","Strike_G","Survivor","Backflip","PiercingWail","Quick Slash","Infinite Blades","Blur","Flying Knee","Blade Dance","Secret Weapon","Backflip"]},{"damage_healed":0,"gold_gain":0,"player_choice":"Ignored","damage_taken":0,"max_hp_gain":0,"max_hp_loss":0,"event_name":"Mysterious Sphere","floor":47,"gold_loss":0},{"damage_healed":0,"gold_gain":0,"player_choice":"Embrace Madness","damage_taken":9,"max_hp_gain":0,"max_hp_loss":0,"event_name":"Winding Halls","floor":48,"gold_loss":0,"cards_obtained":["Madness","Madness"]}],"is_beta":false,"boss_relics":[{"not_picked":["Runic Dome","Coffee Dripper","Snecko Eye"]},{"not_picked":["Runic Pyramid","Philosopher\u0027s Stone"],"picked":"Busted Crown"}],"items_purged_floors":[8,20,37],"is_endless":false,"potions_floor_spawned":[1,5,16,18,19,30,35,38],"killed_by":"Time Eater","ascension_level":0}