{"gold_per_floor":[115,115,125,136,156,213,229,249,249,249,260,260,293,293],"floor_reached":14,"playtime":417,"items_purged":[],"score":151,"play_id":"5c194009-f7b4-490c-90f2-ac06631c070d","local_time":"20190307175253","is_ascension_mode":true,"campfire_choices":[{"floor":10,"key":"REST"},{"floor":12,"key":"REST"}],"neow_cost":"NONE","seed_source_timestamp":1357801048326597,"circlet_count":0,"master_deck":["Strike_B","Strike_B","Strike_B","Strike_B","Defend_B","Defend_B","Defend_B","Defend_B","Zap","Dualcast","Creative AI","Sweeping Beam","Streamline","White Noise","Barrage","White Noise","Coolheaded","Ball Lightning","Leap"],"relics":["Cracked Core","FaceOfCleric","Tiny Chest","Singing Bowl","Darkstone Periapt"],"potions_floor_usage":[6,13],"damage_taken":[{"damage":2,"enemies":"2 Louse","floor":1,"turns":3},{"damage":1,"enemies":"Cultist","floor":3,"turns":3},{"damage":10,"enemies":"Small Slimes","floor":4,"turns":4},{"damage":1,"enemies":"2 Fungi Beasts","floor":5,"turns":4},{"damage":25,"enemies":"3 Sentries","floor":6,"turns":6},{"damage":12,"enemies":"Looter","floor":7,"turns":3},{"damage":17,"enemies":"3 Louse","floor":8,"turns":4},{"damage":19,"enemies":"Blue Slaver","floor":11,"turns":4},{"damage":30,"enemies":"Gremlin Nob","floor":13,"turns":5},{"damage":8,"enemies":"Lots of Slimes","floor":14,"turns":1}],"seed_played":"7856142039250473225","potions_obtained":[{"floor":1,"key":"FearPotion"},{"floor":4,"key":"Fire Potion"},{"floor":7,"key":"Dexterity Potion"}],"is_trial":false,"path_per_floor":["M","?","M","M","M","E","M","M","T","R","M","R","E","M"],"character_chosen":"DEFECT","items_purchased":[],"campfire_rested":2,"item_purchase_floors":[],"current_hp_per_floor":[66,66,66,57,57,33,22,6,6,30,12,36,7,0],"gold":293,"neow_bonus":"ONE_RANDOM_RARE_CARD","is_prod":false,"is_daily":false,"chose_seed":false,"campfire_upgraded":0,"win_rate":0,"timestamp":1552002773,"path_taken":["M","?","?","M","M","E","M","M","T","R","M","R","E","M"],"build_version":"2019-01-23","purchased_purges":0,"victory":false,"max_hp_per_floor":[75,75,76,77,78,79,80,81,81,81,82,82,83,83],"card_choices":[{"not_picked":["Hello World","Recycle"],"picked":"Sweeping Beam","floor":1},{"not_picked":["Beam Cell","Leap"],"picked":"Streamline","floor":3},{"not_picked":["Beam Cell","Rebound"],"picked":"White Noise","floor":4},{"not_picked":["Gash","Sweeping Beam","Aggregate"],"picked":"SKIP","floor":5},{"not_picked":["FTL","White Noise"],"picked":"Barrage","floor":6},{"not_picked":["Stack","Turbo"],"picked":"White Noise","floor":7},{"not_picked":["Hello World","BootSequence"],"picked":"Coolheaded","floor":8},{"not_picked":["Rebound","All For One"],"picked":"Ball Lightning","floor":11},{"not_picked":["Double Energy","Reinforced Body"],"picked":"Leap","floor":13}],"player_experience":179524,"relics_obtained":[{"floor":6,"key":"Tiny Chest"},{"floor":9,"key":"Singing Bowl"},{"floor":13,"key":"Darkstone Periapt"}],"event_choices":[{"damage_healed":0,"gold_gain":0,"player_choice":"Trade","damage_taken":0,"relics_obtained":["FaceOfCleric"],"max_hp_gain":0,"max_hp_loss":0,"event_name":"FaceTrader","floor":2,"gold_loss":0}],"is_beta":false,"boss_relics":[],"items_purged_floors":[],"is_endless":false,"potions_floor_spawned":[1,4,7],"killed_by":"Lots of Slimes","ascension_level":9}