{"gold_per_floor":[209,209,11,186,186,186,39,39,86,104,117,31,6,25,25,126,126,145,195,96,108,120,140,140,173,252,280,280,128,128,141,141,236,236,250,174,191,83,101,130,52,62,62,62,62,75,75,90,90,90],"floor_reached":50,"playtime":1924,"items_purged":["Strike_B","Strike_B","Doubt","Defend_B","Zap"],"score":525,"play_id":"d9abd3d3-55fb-4a0f-9a0b-ee701e7e0e1c","local_time":"20190220153529","is_ascension_mode":false,"campfire_choices":[{"data":"White Noise","floor":6,"key":"SMITH"},{"data":"Defragment","floor":8,"key":"SMITH"},{"data":"Storm","floor":15,"key":"SMITH"},{"data":"Hello World","floor":24,"key":"SMITH"},{"data":"Loop","floor":28,"key":"SMITH"},{"data":"Defragment","floor":30,"key":"SMITH"},{"data":"Electrodynamics","floor":32,"key":"SMITH"},{"data":"Buffer","floor":44,"key":"SMITH"},{"floor":49,"key":"REST"}],"neow_cost":"NONE","seed_source_timestamp":52050854848119,"circlet_count":0,"master_deck":["Defend_B","Defend_B","Defend_B","White Noise+1","Defragment+1","BootSequence","Conserve Battery","Storm+1","Steam","Defragment+1","Electrodynamics+1","Self Repair+1","Hello World+1","Loop+1","Machine Learning","Echo Form","Heatsinks","Buffer+1","Loop","Capacitor+1"],"relics":["Cracked Core","Membership Card","Lantern","Anchor","Empty Cage","Art of War","Tiny Chest","Pear","Ancient Tea Set","Runic Pyramid","Bag of Marbles","Dream Catcher","FossilizedHelix"],"potions_floor_usage":[16,25,27,35,39,39,39,46,50,50],"damage_taken":[{"damage":0,"enemies":"Cultist","floor":1,"turns":4},{"damage":1,"enemies":"Jaw Worm","floor":10,"turns":4},{"damage":0,"enemies":"2 Louse","floor":11,"turns":2},{"damage":0,"enemies":"Red Slaver","floor":14,"turns":5},{"damage":16,"enemies":"The Guardian","floor":16,"turns":8},{"damage":2,"enemies":"Shell Parasite","floor":18,"turns":4},{"damage":0,"enemies":"Spheric Guardian","floor":21,"turns":2},{"damage":17,"enemies":"Snake Plant","floor":22,"turns":3},{"damage":0,"enemies":"Centurion and Healer","floor":23,"turns":3},{"damage":30,"enemies":"Gremlin Leader","floor":25,"turns":5},{"damage":14,"enemies":"Slavers","floor":27,"turns":3},{"damage":15,"enemies":"Shelled Parasite and Fungi","floor":31,"turns":3},{"damage":36,"enemies":"Collector","floor":33,"turns":7},{"damage":0,"enemies":"3 Darklings","floor":35,"turns":2},{"damage":0,"enemies":"Orb Walker","floor":37,"turns":3},{"damage":48,"enemies":"4 Shapes","floor":39,"turns":4},{"damage":36,"enemies":"Nemesis","floor":40,"turns":7},{"damage":0,"enemies":"Transient","floor":42,"turns":5},{"damage":0,"enemies":"Jaw Worm Horde","floor":46,"turns":3},{"damage":0,"enemies":"3 Darklings","floor":48,"turns":2},{"damage":67,"enemies":"Awakened One","floor":50,"turns":5}],"seed_played":"-7978073869845639126","potions_obtained":[{"floor":10,"key":"SkillPotion"},{"floor":14,"key":"GamblersBrew"},{"floor":22,"key":"Poison Potion"},{"floor":25,"key":"Regen Potion"},{"floor":27,"key":"Block Potion"},{"floor":33,"key":"Explosive Potion"},{"floor":37,"key":"Block Potion"},{"floor":40,"key":"Energy Potion"},{"floor":42,"key":"SpeedPotion"},{"floor":48,"key":"Weak Potion"}],"is_trial":false,"path_per_floor":["M","?","$","?","?","R","$","R","T","M","M","$","$","M","R","B",null,"M","?","$","M","M","M","R","E","T","E","R","$","R","M","R","B",null,"M","$","M","$","M","E","$","M","T","R","?","M","?","M","R","B"],"character_chosen":"DEFECT","items_purchased":["Membership Card","Defragment","Lantern","Storm","Steam","Hello World","Ancient Tea Set","Echo Form","Heatsinks","Dream Catcher"],"campfire_rested":1,"item_purchase_floors":[3,7,7,12,13,20,29,36,38,41],"current_hp_per_floor":[75,75,75,75,75,75,75,75,75,74,74,74,74,74,74,58,75,73,73,73,75,68,68,68,48,48,59,59,59,59,54,54,28,85,85,85,85,85,47,21,21,31,31,31,31,41,41,41,65,0],"gold":90,"neow_bonus":"HUNDRED_GOLD","is_prod":false,"is_daily":false,"chose_seed":false,"campfire_upgraded":8,"win_rate":0,"timestamp":1550698529,"path_taken":["M","?","$","?","?","R","$","R","T","M","?","?","$","M","R","BOSS","M","?","$","M","M","M","R","E","T","E","R","$","R","M","R","BOSS","M","$","M","$","M","E","$","?","T","R","?","M","?","M","R","BOSS"],"build_version":"2019-01-23","purchased_purges":5,"victory":false,"max_hp_per_floor":[75,75,75,75,75,75,75,75,75,75,75,75,75,75,75,75,75,75,75,75,75,75,75,75,75,75,85,85,85,85,85,85,85,85,85,85,85,85,85,85,85,85,85,85,85,85,81,81,81,81],"card_choices":[{"not_picked":["Beam Cell","Coolheaded"],"picked":"White Noise","floor":1},{"not_picked":["Go for the Eyes","Glacier"],"picked":"BootSequence","floor":10},{"not_picked":["Doom and Gloom","Beam Cell"],"picked":"Conserve Battery","floor":11},{"not_picked":["Rip and Tear","Leap"],"picked":"Defragment","floor":14},{"not_picked":["Seek","Reboot"],"picked":"Electrodynamics","floor":16},{"not_picked":["Ball Lightning","Leap+1"],"picked":"Self Repair+1","floor":18},{"not_picked":["Streamline","Stack+1","Barrage"],"picked":"SKIP","floor":21},{"not_picked":["Gash","Sweeping Beam","Conserve Battery+1"],"picked":"SKIP","floor":22},{"not_picked":["Genetic Algorithm","Gash+1","Steam Power"],"picked":"SKIP","floor":23},{"not_picked":["Chaos","Cold Snap","Stack"],"picked":"SKIP","floor":25},{"not_picked":["Hologram","Beam Cell"],"picked":"Loop","floor":27},{"not_picked":["Chaos+1","Cold Snap","Reinforced Body"],"picked":"SKIP","floor":31},{"not_picked":["All For One","Meteor Strike"],"picked":"Machine Learning","floor":33},{"not_picked":["Beam Cell+1","Cold Snap+1"],"picked":"Reprogram+1","floor":35},{"not_picked":["Ball Lightning+1","Doom and Gloom","Compile Driver"],"picked":"SKIP","floor":37},{"not_picked":["Redo","Steam+1","Streamline+1"],"picked":"SKIP","floor":39},{"not_picked":["Ball Lightning+1","Genetic Algorithm"],"picked":"Buffer","floor":40},{"not_picked":["Steam Power","Steam","Barrage+1"],"picked":"SKIP","floor":42},{"not_picked":["Doom and Gloom+1","Steam","Rebound"],"picked":"SKIP","floor":46},{"not_picked":["Turbo","Coolheaded+1"],"picked":"Loop","floor":48},{"not_picked":["Ball Lightning","Cold Snap+1"],"picked":"Capacitor+1","floor":49}],"player_experience":67865,"relics_obtained":[{"floor":9,"key":"Anchor"},{"floor":25,"key":"Art of War"},{"floor":26,"key":"Tiny Chest"},{"floor":27,"key":"Pear"},{"floor":40,"key":"Bag of Marbles"},{"floor":43,"key":"FossilizedHelix"}],"event_choices":[{"damage_healed":0,"gold_gain":0,"player_choice":"Leave","damage_taken":0,"max_hp_gain":0,"max_hp_loss":0,"event_name":"The Cleric","floor":2,"gold_loss":0},{"damage_healed":0,"gold_gain":175,"player_choice":"AGREE","damage_taken":0,"max_hp_gain":0,"max_hp_loss":0,"event_name":"Liars Game","floor":4,"gold_loss":0,"cards_obtained":["Doubt"]},{"cards_removed":["Strike_B"],"damage_healed":0,"gold_gain":0,"player_choice":"Purged","damage_taken":0,"max_hp_gain":0,"max_hp_loss":0,"event_name":"Purifier","floor":5,"gold_loss":0},{"damage_healed":0,"gold_gain":100,"player_choice":"Bet on Murderer","damage_taken":0,"max_hp_gain":0,"max_hp_loss":0,"event_name":"The Joust","floor":19,"gold_loss":50},{"cards_removed":["Reprogram"],"damage_healed":0,"gold_gain":0,"player_choice":"Removed Skill","damage_taken":0,"max_hp_gain":0,"max_hp_loss":0,"event_name":"Falling","floor":45,"gold_loss":0},{"damage_healed":0,"gold_gain":0,"player_choice":"Max HP","damage_taken":0,"max_hp_gain":0,"max_hp_loss":4,"event_name":"Winding Halls","floor":47,"gold_loss":0}],"is_beta":false,"boss_relics":[{"not_picked":["Astrolabe","Orrery"],"picked":"Empty Cage"},{"not_picked":["Coffee Dripper","Black Star"],"picked":"Runic Pyramid"}],"items_purged_floors":[7,12,20,29,38],"is_endless":false,"potions_floor_spawned":[10,14,22,25,27,33,37,40,42,48],"killed_by":"Awakened One","ascension_level":0}