{"gold_per_floor":[116,0,0,25,25,25,46,46,70,108,158,176,176,216,216,310,310,323,350,370,285,285,285,318,318,318,356,356,390,287,287,287,383,383,406,420,39,62,87,87,108,126,126,126,151,101,122,32,32,32,32],"floor_reached":52,"playtime":2931,"items_purged":["Strike_G+1","Strike_G+1"],"score":1986,"play_id":"4c9aa9fb-cd52-4db6-9f70-37226db9b1f7","local_time":"20190522220614","is_ascension_mode":true,"campfire_choices":[{"data":"Noxious Fumes","floor":6,"key":"SMITH"},{"data":"Neutralize","floor":8,"key":"SMITH"},{"data":"Dagger Spray","floor":13,"key":"SMITH"},{"data":"Dodge and Roll","floor":15,"key":"SMITH"},{"data":"Malaise","floor":23,"key":"SMITH"},{"floor":25,"key":"REST"},{"data":"Dodge and Roll","floor":32,"key":"SMITH"},{"data":"Footwork","floor":40,"key":"SMITH"},{"data":"Leg Sweep","floor":44,"key":"SMITH"},{"data":"Bouncing Flask","floor":49,"key":"SMITH"}],"neow_cost":"NONE","seed_source_timestamp":589969179076100,"circlet_count":0,"master_deck":["AscendersBane","Defend_G+1","Defend_G+1","Defend_G+1","Defend_G+1","Defend_G+1","Strike_G+1","Survivor","Neutralize+1","Backstab","Noxious Fumes+1","Riddle With Holes","Dodge and Roll+1","Poisoned Stab","Dagger Spray+1","PiercingWail","Cloak And Dagger","Malaise+1","PiercingWail","Leg Sweep+1","Dodge and Roll+1","Blur","Poisoned Stab+1","Backflip","Dodge and Roll+1","Footwork+1","Bouncing Flask+1","Dodge and Roll","Backflip","Noxious Fumes"],"special_seed":0,"relics":["Ring of the Serpent","Golden Idol","PreservedInsect","Ornamental Fan","FossilizedHelix","Velvet Choker","Smiling Mask","Centennial Puzzle","Enchiridion","Mercury Hourglass","Blood Vial","Lantern","Gambling Chip","Snake Skull"],"potions_floor_usage":[33,33,50,50],"damage_taken":[{"damage":11,"enemies":"Jaw Worm","floor":1,"turns":8},{"damage":1,"enemies":"Cultist","floor":4,"turns":4},{"damage":0,"enemies":"2 Louse","floor":7,"turns":4},{"damage":10,"enemies":"Lagavulin","floor":10,"turns":5},{"damage":5,"enemies":"Red Slaver","floor":12,"turns":5},{"damage":2,"enemies":"Gremlin Nob","floor":14,"turns":3},{"damage":21,"enemies":"Slime Boss","floor":16,"turns":12},{"damage":0,"enemies":"Spheric Guardian","floor":18,"turns":6},{"damage":0,"enemies":"3 Byrds","floor":20,"turns":8},{"damage":11,"enemies":"Slavers","floor":24,"turns":7},{"damage":2,"enemies":"Book of Stabbing","floor":27,"turns":6},{"damage":0,"enemies":"Slavers","floor":29,"turns":6},{"damage":3,"enemies":"Collector","floor":33,"turns":13},{"damage":8,"enemies":"3 Shapes","floor":35,"turns":7},{"damage":0,"enemies":"3 Darklings","floor":36,"turns":5},{"damage":9,"enemies":"Jaw Worm Horde","floor":38,"turns":5},{"damage":0,"enemies":"Spire Growth","floor":39,"turns":9},{"damage":0,"enemies":"Writhing Mass","floor":41,"turns":7},{"damage":0,"enemies":"3 Darklings","floor":42,"turns":6},{"damage":0,"enemies":"Maw","floor":45,"turns":8},{"damage":0,"enemies":"Sphere and 2 Shapes","floor":47,"turns":5},{"damage":10,"enemies":"Awakened One","floor":50,"turns":20},{"damage":0,"enemies":"Time Eater","floor":51,"turns":18}],"seed_played":"-2592213384062040057","potions_obtained":[{"floor":4,"key":"Block Potion"},{"floor":7,"key":"GhostInAJar"},{"floor":29,"key":"GhostInAJar"},{"floor":39,"key":"Dexterity Potion"},{"floor":41,"key":"LiquidBronze"},{"floor":45,"key":"Block Potion"}],"is_trial":false,"path_per_floor":["M","$","?","M","?","R","M","R","T","E","?","M","R","E","R","B",null,"M","T","M","?","?","R","E","R","T","E","?","E","$","?","R","B",null,"M","M","$","M","M","R","M","M","T","R","M","$","M","$","R","B","B",null],"character_chosen":"THE_SILENT","items_purchased":["Noxious Fumes","Riddle With Holes","Backflip","Footwork","Gambling Chip","Noxious Fumes"],"campfire_rested":1,"item_purchase_floors":[2,2,30,37,37,48],"current_hp_per_floor":[48,48,48,47,47,47,47,47,47,37,37,32,32,30,30,9,47,47,47,47,47,26,26,15,33,33,31,31,33,33,33,33,32,53,47,49,49,42,44,44,46,48,48,48,50,50,52,52,52,44,46],"gold":32,"neow_bonus":"REMOVE_CARD","is_prod":false,"is_daily":false,"chose_seed":false,"campfire_upgraded":9,"win_rate":0,"timestamp":1558577174,"path_taken":["M","$","?","M","?","R","?","R","T","E","?","M","R","E","R","BOSS","M","?","M","?","?","R","E","R","T","E","?","E","$","?","R","BOSS","M","M","$","M","M","R","M","M","T","R","M","$","M","?","R","BOSS","BOSS"],"build_version":"2019-01-23","purchased_purges":2,"victory":true,"max_hp_per_floor":[66,66,60,60,60,60,60,60,60,60,60,60,60,60,60,60,60,60,60,60,60,60,60,60,60,60,60,60,60,60,60,60,60,60,60,60,60,60,60,60,60,60,60,60,60,60,60,60,60,60,60],"card_choices":[{"not_picked":["Underhanded Strike","Finisher"],"picked":"Backstab","floor":1},{"not_picked":["Dagger Spray","Calculated Gamble"],"picked":"Dodge and Roll","floor":4},{"not_picked":["Skewer","Reflex"],"picked":"Poisoned Stab","floor":7},{"not_picked":["Dodge and Roll","Acrobatics"],"picked":"Dagger Spray","floor":10},{"not_picked":["All Out Attack","Infinite Blades"],"picked":"PiercingWail","floor":12},{"not_picked":["Dodge and Roll","Slice"],"picked":"Cloak And Dagger","floor":14},{"not_picked":["After Image","Storm of Steel"],"picked":"Malaise","floor":16},{"not_picked":["Acrobatics","Bane"],"picked":"PiercingWail","floor":18},{"not_picked":["PiercingWail","Dagger Throw"],"picked":"Leg Sweep","floor":20},{"not_picked":["Prepared","Bane"],"picked":"Dodge and Roll","floor":24},{"not_picked":["Calculated Gamble","Flying Knee"],"picked":"Blur","floor":27},{"not_picked":["Expertise+1","Heel Hook"],"picked":"Poisoned Stab+1","floor":29},{"not_picked":["Flying Knee","All Out Attack","Quick Slash"],"picked":"SKIP","floor":35},{"not_picked":["Choke","Escape Plan"],"picked":"Dodge and Roll+1","floor":36},{"not_picked":["Terror","Dagger Throw","Distraction+1"],"picked":"SKIP","floor":38},{"not_picked":["Flying Knee+1","Dash"],"picked":"Bouncing Flask","floor":39},{"not_picked":["All Out Attack","Deflect","Bane"],"picked":"SKIP","floor":41},{"not_picked":["Prepared","Infinite Blades+1"],"picked":"Dodge and Roll","floor":42},{"not_picked":["Prepared","Distraction","Finisher+1"],"picked":"SKIP","floor":45},{"not_picked":["Adrenaline","Slice"],"picked":"Backflip","floor":47}],"player_experience":821275,"relics_obtained":[{"floor":9,"key":"PreservedInsect"},{"floor":10,"key":"Ornamental Fan"},{"floor":14,"key":"FossilizedHelix"},{"floor":19,"key":"Smiling Mask"},{"floor":22,"key":"Enchiridion"},{"floor":26,"key":"Mercury Hourglass"},{"floor":27,"key":"Blood Vial"},{"floor":29,"key":"Lantern"},{"floor":43,"key":"Snake Skull"}],"event_choices":[{"damage_healed":0,"gold_gain":0,"player_choice":"Lose Max HP","damage_taken":0,"relics_obtained":["Golden Idol"],"max_hp_gain":0,"max_hp_loss":6,"event_name":"Golden Idol","floor":3,"gold_loss":0},{"cards_removed":["Strike_G"],"damage_healed":0,"gold_gain":0,"player_choice":"Purged","damage_taken":0,"max_hp_gain":0,"max_hp_loss":0,"event_name":"Purifier","floor":5,"gold_loss":0},{"damage_healed":0,"gold_gain":50,"player_choice":"Pray","damage_taken":0,"max_hp_gain":0,"max_hp_loss":0,"event_name":"Golden Shrine","floor":11,"gold_loss":0},{"damage_healed":0,"gold_gain":0,"player_choice":"Obtained Relic","damage_taken":0,"relics_obtained":["Centennial Puzzle"],"max_hp_gain":0,"max_hp_loss":0,"event_name":"Addict","floor":21,"gold_loss":85},{"damage_healed":0,"gold_gain":0,"player_choice":"Obtained Book","damage_taken":21,"max_hp_gain":0,"max_hp_loss":0,"event_name":"Cursed Tome","floor":22,"gold_loss":0},{"damage_healed":0,"gold_gain":0,"player_choice":"Simplicity","damage_taken":0,"max_hp_gain":0,"max_hp_loss":0,"event_name":"Back to Basics","floor":28,"gold_loss":0,"cards_upgraded":["Defend_G","Defend_G","Defend_G","Defend_G","Defend_G","Strike_G","Strike_G","Strike_G"]},{"damage_healed":0,"gold_gain":0,"player_choice":"Got Potions","damage_taken":0,"max_hp_gain":0,"max_hp_loss":0,"event_name":"Lab","floor":31,"gold_loss":0}],"is_beta":false,"boss_relics":[{"not_picked":["HoveringKite","Ectoplasm"],"picked":"Velvet Choker"},{"not_picked":["Tiny House","Fusion Hammer"],"picked":"Ring of the Serpent"}],"items_purged_floors":[30,46],"is_endless":false,"potions_floor_spawned":[4,7,12,18,24,29,39,41,45],"ascension_level":20}