{"gold_per_floor":[111,211,223,75,91,126,141,141,141,141,169,183,209,223,223,323,323,338,356,50,60,160,160,178,178,178,193,193,226,240,153,153,249,249,262,273,273,288,288,288,314,333,333,333],"floor_reached":44,"playtime":1862,"items_purged":["Strike_R","Berserk"],"score":530,"play_id":"56d86dee-39e8-4406-8155-ce7744f81b2b","local_time":"20190524220551","is_ascension_mode":true,"campfire_choices":[{"data":"Spot Weakness","floor":8,"key":"SMITH"},{"data":"Inflame","floor":15,"key":"SMITH"},{"floor":23,"key":"REST"},{"data":"Rupture","floor":25,"key":"SMITH"},{"floor":32,"key":"REST"},{"floor":40,"key":"REST"}],"neow_cost":"NONE","seed_source_timestamp":429047609002112,"circlet_count":0,"master_deck":["Bash","Impervious","Pummel","Pummel","Spot Weakness+1","Seeing Red+1","Inflame+1","Rampage","Rupture","Iron Wave","Heavy Blade","Fire Breathing","Combust","Rupture+1","Pummel","Offering","Clothesline+1","Blood for Blood","Reaper","Shrug It Off","Cleave+1","Whirlwind+1","Double Tap","Intimidate","Sever Soul+1","Madness","Madness","Iron Wave+1"],"relics":["Burning Blood","Darkstone Periapt","Dead Branch","Thread and Needle","Potion Belt","Pandora\u0027s Box","Mercury Hourglass","Bottled Lightning","Prayer Wheel","Self Forming Clay"],"potions_floor_usage":[11,14,16,33,33,33,33,33,41,42],"damage_taken":[{"damage":12,"enemies":"Small Slimes","floor":1,"turns":4},{"damage":6,"enemies":"Cultist","floor":3,"turns":4},{"damage":0,"enemies":"Jaw Worm","floor":5,"turns":3},{"damage":15,"enemies":"Gremlin Nob","floor":6,"turns":5},{"damage":16,"enemies":"Gremlin Gang","floor":7,"turns":6},{"damage":24,"enemies":"Lagavulin","floor":11,"turns":7},{"damage":8,"enemies":"Exordium Thugs","floor":12,"turns":5},{"damage":4,"enemies":"3 Sentries","floor":13,"turns":6},{"damage":7,"enemies":"Lots of Slimes","floor":14,"turns":2},{"damage":4,"enemies":"The Guardian","floor":16,"turns":9},{"damage":2,"enemies":"Spheric Guardian","floor":18,"turns":3},{"damage":40,"enemies":"2 Thieves","floor":19,"turns":3},{"damage":36,"enemies":"Shelled Parasite and Fungi","floor":21,"turns":4},{"damage":15,"enemies":"Snecko","floor":24,"turns":4},{"damage":12,"enemies":"Centurion and Healer","floor":27,"turns":2},{"damage":28,"enemies":"Gremlin Leader","floor":29,"turns":4},{"damage":22,"enemies":"3 Cultists","floor":30,"turns":4},{"damage":45,"enemies":"Automaton","floor":33,"turns":7},{"damage":28,"enemies":"3 Darklings","floor":35,"turns":5},{"damage":12,"enemies":"Orb Walker","floor":36,"turns":3},{"damage":46,"enemies":"4 Shapes","floor":38,"turns":3},{"damage":47,"enemies":"Reptomancer","floor":41,"turns":4},{"damage":21,"enemies":"Writhing Mass","floor":42,"turns":4},{"damage":22,"enemies":"Giant Head","floor":44,"turns":6}],"seed_played":"-8535858734749218244","potions_obtained":[{"floor":1,"key":"LiquidBronze"},{"floor":3,"key":"Ancient Potion"},{"floor":6,"key":"Strength Potion"},{"floor":12,"key":"Swift Potion"},{"floor":13,"key":"Dexterity Potion"},{"floor":16,"key":"Swift Potion"},{"floor":18,"key":"Ancient Potion"},{"floor":27,"key":"SpeedPotion"},{"floor":36,"key":"EssenceOfSteel"},{"floor":38,"key":"Poison Potion"},{"floor":41,"key":"Poison Potion"}],"is_trial":false,"path_per_floor":["M","?","M","$","M","E","M","R","T","?","E","M","E","M","R","B",null,"M","M","$","M","?","R","M","R","T","M","$","E","M","$","R","B",null,"M","M","?","M","?","R","E","M","T","E"],"character_chosen":"IRONCLAD","items_purchased":["Spot Weakness","Reaper","Shrug It Off","Intimidate","SteroidPotion"],"campfire_rested":3,"item_purchase_floors":[4,20,20,31,31],"current_hp_per_floor":[74,74,74,74,80,71,61,61,61,61,43,41,43,42,42,44,80,80,46,46,27,27,51,53,53,53,47,47,43,48,48,72,33,80,58,60,50,10,10,34,26,20,20,0],"gold":333,"neow_bonus":"ONE_RANDOM_RARE_CARD","is_prod":false,"is_daily":false,"chose_seed":false,"campfire_upgraded":3,"win_rate":0,"timestamp":1558757151,"path_taken":["M","?","M","$","M","E","?","R","T","?","E","M","E","M","R","BOSS","M","M","$","?","?","R","?","R","T","M","?","E","?","$","R","BOSS","M","M","?","M","?","R","E","M","T","E"],"build_version":"2019-01-23","purchased_purges":2,"victory":false,"max_hp_per_floor":[80,80,80,80,80,80,80,80,80,80,80,80,80,80,80,80,80,80,80,80,80,80,80,80,80,80,80,80,80,80,80,80,80,80,80,80,80,80,80,80,80,80,80,80],"card_choices":[{"not_picked":["Burning Pact","True Grit"],"picked":"Pummel","floor":1},{"not_picked":["Sword Boomerang","Shrug It Off"],"picked":"Pummel","floor":3},{"not_picked":["Anger","Headbutt"],"picked":"Seeing Red","floor":5},{"not_picked":["Perfected Strike","Evolve","Sword Boomerang"],"picked":"SKIP","floor":6},{"not_picked":["Twin Strike","Perfected Strike","Dual Wield"],"picked":"SKIP","floor":7},{"not_picked":["Anger","Bloodletting","Dual Wield"],"picked":"SKIP","floor":11},{"not_picked":["True Grit","Pommel Strike"],"picked":"Inflame","floor":12},{"not_picked":["Demon Form","Spot Weakness"],"picked":"Rampage","floor":13},{"not_picked":["Shrug It Off","Searing Blow"],"picked":"Rupture","floor":14},{"not_picked":["Sword Boomerang","Sentinel"],"picked":"Clothesline+1","floor":18},{"not_picked":["Iron Wave+1","Fire Breathing"],"picked":"Blood for Blood","floor":19},{"not_picked":["Twin Strike+1","Pummel"],"picked":"Cleave+1","floor":21},{"not_picked":["Bloodletting","Flex"],"picked":"Whirlwind+1","floor":24},{"not_picked":["Cleave","Iron Wave+1","Searing Blow"],"picked":"SKIP","floor":27},{"not_picked":["Double Tap","Headbutt+1","Bloodletting"],"picked":"SKIP","floor":29},{"not_picked":["Headbutt+1","Bloodletting"],"picked":"Double Tap","floor":29},{"not_picked":["Cleave","Pommel Strike+1","Body Slam"],"picked":"SKIP","floor":30},{"not_picked":["Perfected Strike","Sword Boomerang+1","Headbutt"],"picked":"SKIP","floor":35},{"not_picked":["Iron Wave","Clothesline+1"],"picked":"Sever Soul+1","floor":36},{"not_picked":["Wild Strike","Anger+1","Heavy Blade+1"],"picked":"SKIP","floor":38},{"not_picked":["Carnage","Body Slam+1","Perfected Strike"],"picked":"SKIP","floor":41},{"not_picked":["Burning Pact+1","Twin Strike+1"],"picked":"Iron Wave+1","floor":42},{"not_picked":["Body Slam","Thunderclap","Iron Wave+1"],"picked":"SKIP","floor":42}],"player_experience":290852,"relics_obtained":[{"floor":6,"key":"Darkstone Periapt"},{"floor":9,"key":"Dead Branch"},{"floor":11,"key":"Thread and Needle"},{"floor":13,"key":"Potion Belt"},{"floor":26,"key":"Mercury Hourglass"},{"floor":29,"key":"Bottled Lightning"},{"floor":41,"key":"Prayer Wheel"},{"floor":43,"key":"Self Forming Clay"}],"event_choices":[{"damage_healed":0,"gold_gain":100,"player_choice":"Pray","damage_taken":0,"max_hp_gain":0,"max_hp_loss":0,"event_name":"Golden Shrine","floor":2,"gold_loss":0},{"damage_healed":0,"gold_gain":0,"player_choice":"Forge","damage_taken":0,"max_hp_gain":0,"max_hp_loss":0,"event_name":"Accursed Blacksmith","floor":10,"gold_loss":0,"cards_upgraded":["Seeing Red"]},{"damage_healed":0,"gold_gain":100,"player_choice":"Pray","damage_taken":0,"max_hp_gain":0,"max_hp_loss":0,"event_name":"Golden Shrine","floor":22,"gold_loss":0},{"damage_healed":0,"gold_gain":0,"player_choice":"Embrace Madness","damage_taken":10,"max_hp_gain":0,"max_hp_loss":0,"event_name":"Winding Halls","floor":37,"gold_loss":0,"cards_obtained":["Madness","Madness"]},{"damage_healed":0,"gold_gain":0,"player_choice":"Ignored","damage_taken":0,"max_hp_gain":0,"max_hp_loss":0,"event_name":"SecretPortal","floor":39,"gold_loss":0}],"is_beta":false,"boss_relics":[{"not_picked":["Fusion Hammer","Astrolabe"],"picked":"Pandora\u0027s Box"},{"not_picked":["Snecko Eye","Mark of Pain","Runic Pyramid"]}],"items_purged_floors":[4,20],"is_endless":false,"potions_floor_spawned":[1,3,6,12,13,16,18,27,36,38,41],"killed_by":"Giant Head","ascension_level":2}