{"gold_per_floor":[118,118,131,141,152,184,184,246,273,273,304,304,316,327,327,398,448,465,465,34,34,104,130,147,147,147,163,226,236,236,309,309,384,384,399,411,76,126,0,0,12,37,37,57,57,7,26,53,53,53],"floor_reached":51,"playtime":1589,"items_purged":["Strike_R","Strike_R"],"score":1462,"play_id":"28cae319-5b7d-4c45-8c7c-50e49eb9bfab","local_time":"20190523190828","is_ascension_mode":true,"campfire_choices":[{"floor":7.0,"key":"REST"},{"floor":12.0,"key":"REST"},{"data":"Uppercut","floor":15.0,"key":"SMITH"},{"floor":25.0,"key":"REST"},{"data":"Limit Break","floor":30.0,"key":"SMITH"},{"data":"Apotheosis","floor":32.0,"key":"SMITH"},{"data":"Limit Break","floor":40.0,"key":"SMITH"},{"data":"Corruption","floor":45.0,"key":"SMITH"},{"data":"Shockwave","floor":49.0,"key":"SMITH"}],"neow_cost":"PERCENT_DAMAGE","seed_source_timestamp":218402947562771,"circlet_count":0,"master_deck":["AscendersBane","Strike_R","Strike_R+1","Strike_R","Defend_R","Defend_R","Defend_R+1","Defend_R","Bash+1","Immolate+1","Pommel Strike","Headbutt","Shrug It Off+1","Spot Weakness","Impervious+1","Thunderclap","Warcry+1","Uppercut+1","Limit Break+1","Hemokinesis+1","Apotheosis+1","Feel No Pain","True Grit","Rupture+1","Armaments","Corruption+1","Reaper","Bloodletting+1","Limit Break+1","Shockwave+1","Sword Boomerang","Parasite","Shrug It Off+1"],"special_seed":0,"relics":["Burning Blood","Bird Faced Urn","Tiny Chest","Happy Flower","Pantograph","Whetstone","Tiny House","MutagenicStrength","PreservedInsect","SsserpentHead","Vajra","Sundial","Dream Catcher","Sozu","Membership Card","Red Mask","Paper Frog","War Paint","Regal Pillow"],"potions_floor_usage":[],"damage_taken":[{"damage":2.0,"enemies":"2 Louse","floor":1.0,"turns":3.0},{"damage":7.0,"enemies":"Jaw Worm","floor":3.0,"turns":2.0},{"damage":7.0,"enemies":"Small Slimes","floor":4.0,"turns":3.0},{"damage":16.0,"enemies":"Exordium Wildlife","floor":5.0,"turns":4.0},{"damage":8.0,"enemies":"Gremlin Nob","floor":6.0,"turns":3.0},{"damage":15.0,"enemies":"3 Sentries","floor":8.0,"turns":4.0},{"damage":25.0,"enemies":"Lagavulin","floor":11.0,"turns":6.0},{"damage":2.0,"enemies":"Gremlin Gang","floor":13.0,"turns":2.0},{"damage":0.0,"enemies":"Large Slime","floor":14.0,"turns":3.0},{"damage":56.0,"enemies":"Hexaghost","floor":16.0,"turns":9.0},{"damage":31.0,"enemies":"Shell Parasite","floor":18.0,"turns":7.0},{"damage":21.0,"enemies":"Spheric Guardian","floor":22.0,"turns":4.0},{"damage":10.0,"enemies":"Gremlin Leader","floor":23.0,"turns":5.0},{"damage":22.0,"enemies":"Chosen and Byrds","floor":24.0,"turns":5.0},{"damage":2.0,"enemies":"Snake Plant","floor":27.0,"turns":2.0},{"damage":17.0,"enemies":"Centurion and Healer","floor":28.0,"turns":6.0},{"damage":0.0,"enemies":"3 Cultists","floor":29.0,"turns":2.0},{"damage":20.0,"enemies":"Champ","floor":33.0,"turns":12.0},{"damage":71.0,"enemies":"3 Darklings","floor":35.0,"turns":6.0},{"damage":25.0,"enemies":"Orb Walker","floor":36.0,"turns":5.0},{"damage":54.0,"enemies":"Sphere and 2 Shapes","floor":41.0,"turns":13.0},{"damage":58.0,"enemies":"Giant Head","floor":42.0,"turns":7.0},{"damage":14.0,"enemies":"Spire Growth","floor":44.0,"turns":4.0},{"damage":35.0,"enemies":"Writhing Mass","floor":47.0,"turns":8.0},{"damage":31.0,"enemies":"Nemesis","floor":48.0,"turns":5.0},{"damage":126,"enemies":"Awakened One","floor":50,"turns":8}],"seed_played":"-6190501056717343280","potions_obtained":[{"floor":5.0,"key":"Swift Potion"},{"floor":6.0,"key":"AttackPotion"},{"floor":8.0,"key":"SkillPotion"},{"floor":14.0,"key":"BloodPotion"},{"floor":17.0,"key":"PowerPotion"},{"floor":23.0,"key":"PowerPotion"},{"floor":24.0,"key":"Regen Potion"},{"floor":29.0,"key":"Swift Potion"}],"is_trial":false,"path_per_floor":["M","?","M","M","M","E","R","E","T","T","E","R","M","M","R","B",null,"M","?","$","?","M","E","M","R","T","M","M","M","R","T","R","B",null,"M","M","$","?","?","R","M","E","T","M","R","$","M","E","R","B",null],"character_chosen":"IRONCLAD","items_purchased":["PreservedInsect","Apotheosis","Feel No Pain","Membership Card","Limit Break"],"campfire_rested":3,"item_purchase_floors":[20,20,20,37,37],"current_hp_per_floor":[54,31,30,29,19,17,39,30,30,30,11,33,37,43,43,18,66,41,41,41,41,34,32,16,40,40,44,52,58,58,58,58,70,78,58,58,58,58,58,58,80,64,64,75,75,75,80,74,74,23],"gold":53,"neow_bonus":"THREE_RARE_CARDS","is_prod":false,"is_daily":false,"chose_seed":false,"campfire_upgraded":6,"win_rate":0,"timestamp":1558656508,"path_taken":["M","?","M","M","M","E","R","E","T","?","E","R","M","M","R","BOSS","M","?","$","?","?","E","M","R","T","M","?","M","R","?","R","BOSS","M","M","$","?","?","R","M","E","T","M","R","$","M","E","R","BOSS"],"build_version":"2019-01-23","purchased_purges":2,"victory":true,"max_hp_per_floor":[75,75,75,75,75,75,75,75,75,75,75,75,75,75,75,75,80,80,80,80,80,80,80,80,80,80,80,80,80,80,80,80,80,80,80,80,80,80,80,80,80,80,80,80,80,80,80,80,80,80],"card_choices":[{"not_picked":["Juggernaut","Demon Form"],"picked":"Immolate","floor":0.0},{"not_picked":["Twin Strike","Entrench"],"picked":"Pommel Strike","floor":1.0},{"not_picked":["Perfected Strike","Flex","Clash"],"picked":"SKIP","floor":3.0},{"not_picked":["Pommel Strike","Clash"],"picked":"Headbutt","floor":4.0},{"not_picked":["Thunderclap","Heavy Blade"],"picked":"Shrug It Off","floor":5.0},{"not_picked":["True Grit","Shockwave"],"picked":"Spot Weakness","floor":6.0},{"not_picked":["Twin Strike","Body Slam"],"picked":"Impervious","floor":8.0},{"not_picked":["Anger","Headbutt"],"picked":"Thunderclap","floor":11.0},{"not_picked":["Twin Strike","Sword Boomerang"],"picked":"Warcry","floor":13.0},{"not_picked":["Cleave","Wild Strike"],"picked":"Uppercut","floor":14.0},{"not_picked":["Juggernaut","Barricade"],"picked":"Limit Break","floor":16.0},{"not_picked":["Thunderclap","Twin Strike"],"picked":"Hemokinesis+1","floor":18.0},{"not_picked":["Sever Soul","Blood for Blood","Wild Strike"],"picked":"SKIP","floor":22.0},{"not_picked":["Second Wind","Iron Wave"],"picked":"Juggernaut","floor":23.0},{"not_picked":["Feel No Pain","Warcry"],"picked":"True Grit","floor":24.0},{"not_picked":["Sword Boomerang","Pommel Strike"],"picked":"Rupture+1","floor":27.0},{"not_picked":["True Grit","Second Wind"],"picked":"Armaments","floor":28.0},{"not_picked":["Metallicize+1","Immolate"],"picked":"Corruption","floor":29.0},{"not_picked":["Offering","Demon Form"],"picked":"Reaper","floor":33.0},{"not_picked":["Headbutt","Carnage"],"picked":"Bloodletting+1","floor":35.0},{"not_picked":["Pummel","Seeing Red","Perfected Strike"],"picked":"SKIP","floor":36.0},{"not_picked":["Thunderclap","Bloodletting+1"],"picked":"Shockwave","floor":41.0},{"not_picked":["Headbutt","Clothesline"],"picked":"Sword Boomerang","floor":42.0},{"not_picked":["Rage","Thunderclap","Uppercut"],"picked":"SKIP","floor":44.0},{"not_picked":["Infernal Blade","Whirlwind","Twin Strike"],"picked":"SKIP","floor":47.0},{"not_picked":["Twin Strike","Impervious"],"picked":"Shrug It Off+1","floor":48.0}],"player_experience":450956,"relics_obtained":[{"floor":6.0,"key":"Bird Faced Urn"},{"floor":8.0,"key":"Tiny Chest"},{"floor":9.0,"key":"Happy Flower"},{"floor":10.0,"key":"Pantograph"},{"floor":11.0,"key":"Whetstone"},{"floor":23.0,"key":"Vajra"},{"floor":26.0,"key":"Sundial"},{"floor":31.0,"key":"Dream Catcher"},{"floor":42.0,"key":"Paper Frog"},{"floor":43.0,"key":"War Paint"},{"floor":48.0,"key":"Regal Pillow"}],"event_choices":[{"damage_healed":0.0,"max_hp_gain":0.0,"max_hp_loss":0.0,"gold_gain":0.0,"event_name":"Shining Light","player_choice":"Entered Light","floor":2.0,"gold_loss":0.0,"damage_taken":23.0,"cards_upgraded":["Defend_R","Bash"]},{"damage_healed":0.0,"max_hp_gain":0.0,"max_hp_loss":0.0,"gold_gain":0.0,"event_name":"Drug Dealer","player_choice":"Inject Mutagens","floor":19.0,"gold_loss":0.0,"damage_taken":0.0,"relics_obtained":["MutagenicStrength"]},{"damage_healed":0.0,"max_hp_gain":0.0,"max_hp_loss":0.0,"gold_gain":0.0,"event_name":"FaceTrader","player_choice":"Trade","floor":21.0,"gold_loss":0.0,"damage_taken":0.0,"relics_obtained":["SsserpentHead"]},{"cards_removed":["Juggernaut"],"damage_healed":0.0,"max_hp_gain":0.0,"max_hp_loss":0.0,"gold_gain":0.0,"event_name":"Falling","player_choice":"Removed Power","floor":38.0,"gold_loss":0.0,"damage_taken":0.0},{"damage_healed":0.0,"max_hp_gain":0.0,"max_hp_loss":0.0,"gold_gain":0.0,"event_name":"Tomb of Lord Red Mask","player_choice":"Paid","floor":39.0,"gold_loss":176.0,"damage_taken":0.0,"relics_obtained":["Red Mask"]}],"is_beta":false,"boss_relics":[{"not_picked":["Empty Cage","Ectoplasm"],"picked":"Tiny House"},{"not_picked":["Coffee Dripper","Philosopher\u0027s Stone"],"picked":"Sozu"}],"items_purged_floors":[37,46],"is_endless":false,"potions_floor_spawned":[5,6,8,14,23,24,27,29,35,41,42,48],"ascension_level":19}