{"gold_per_floor":[111,111,131,144,160,185,185,211,238,257,68,97,97,48,48,125,125,139,169,79,79,96,96,96],"floor_reached":24,"playtime":1417,"items_purged":["Strike_B"],"score":406,"play_id":"e7afa654-3663-47bc-867b-8138cc68507c","local_time":"20190430141218","is_ascension_mode":true,"campfire_choices":[{"data":"Buffer","floor":15,"key":"SMITH"},{"floor":23,"key":"REST"}],"neow_cost":"NONE","seed_source_timestamp":253132123608887,"circlet_count":0,"master_deck":["AscendersBane","Strike_B","Strike_B+1","Strike_B+1","Defend_B","Defend_B","Defend_B","Defend_B","Zap","Dualcast","Echo Form","Glacier","Sweeping Beam","Buffer+1","Beam Cell","Hologram","Steam","Fusion","Capacitor","Rip and Tear","Undo","Gash","Core Surge","Pain","Parasite","Parasite"],"special_seed":0,"relics":["Cracked Core","Shuriken","Anchor","Whetstone","Strawberry","Nunchaku","Letter Opener","Calling Bell","Juzu Bracelet","Singing Bowl","Unceasing Top","Tiny Chest"],"potions_floor_usage":[8],"damage_taken":[{"damage":6.0,"enemies":"2 Louse","floor":1.0,"turns":3.0},{"damage":1.0,"enemies":"Cultist","floor":3.0,"turns":3.0},{"damage":0.0,"enemies":"Jaw Worm","floor":4.0,"turns":4.0},{"damage":6.0,"enemies":"2 Fungi Beasts","floor":5.0,"turns":3.0},{"damage":14.0,"enemies":"Lagavulin","floor":6.0,"turns":8.0},{"damage":0,"enemies":"3 Sentries","floor":8,"turns":8},{"damage":0,"enemies":"3 Louse","floor":10,"turns":4},{"damage":11,"enemies":"Gremlin Nob","floor":12,"turns":5},{"damage":20,"enemies":"Hexaghost","floor":16,"turns":11},{"damage":14,"enemies":"Shell Parasite","floor":18,"turns":7},{"damage":22,"enemies":"2 Thieves","floor":20,"turns":5},{"damage":32,"enemies":"Snecko","floor":22,"turns":7},{"damage":50,"enemies":"Cultist and Chosen","floor":24,"turns":5}],"seed_played":"-2821554486485864809","potions_obtained":[{"floor":4.0,"key":"Block Potion"},{"floor":5.0,"key":"SpeedPotion"},{"floor":10,"key":"SkillPotion"}],"is_trial":false,"path_per_floor":["M","?","M","M","M","E","?","E","T","M","$","E","?","$","R","B",null,"M","?","M","$","M","R","M"],"character_chosen":"DEFECT","items_purchased":["Capacitor","Rip and Tear","Gash"],"campfire_rested":1,"item_purchase_floors":[11,11,14],"current_hp_per_floor":[58,58,57,57,51,37,60,60,67,67,67,56,56,56,56,36,68,56,56,36,36,6,31,0],"gold":96,"neow_bonus":"ONE_RANDOM_RARE_CARD","is_prod":false,"is_daily":false,"chose_seed":false,"campfire_upgraded":1,"win_rate":0,"timestamp":1556651538,"path_taken":["M","?","?","M","M","E","?","E","T","M","$","E","?","$","R","BOSS","M","?","M","$","M","R","M"],"build_version":"2019-01-23","purchased_purges":1,"victory":false,"max_hp_per_floor":[71,71,71,71,71,71,71,71,78,78,78,78,78,78,78,78,78,80,80,82,82,84,84,84],"card_choices":[{"not_picked":["Hologram","Stack"],"picked":"Glacier","floor":1.0},{"not_picked":["Hologram","Consume"],"picked":"Sweeping Beam","floor":3.0},{"not_picked":["Scrape","Barrage"],"picked":"Buffer","floor":4.0},{"not_picked":["Sweeping Beam","Steam"],"picked":"Beam Cell","floor":5.0},{"not_picked":["Redo","Steam Power"],"picked":"Hologram","floor":6.0},{"not_picked":["Rainbow","Sweeping Beam"],"picked":"Steam","floor":8},{"not_picked":["Reinforced Body","Stack"],"picked":"Fusion","floor":10},{"not_picked":["FTL","Barrage"],"picked":"Undo","floor":12},{"not_picked":["Seek","Multi-Cast"],"picked":"Core Surge","floor":16},{"not_picked":["Stack","Beam Cell","Redo"],"picked":"Singing Bowl","floor":18},{"not_picked":["Rebound+1","Cold Snap","White Noise"],"picked":"Singing Bowl","floor":20},{"not_picked":["Lockon","Barrage","Conserve Battery"],"picked":"Singing Bowl","floor":22}],"player_experience":345073,"relics_obtained":[{"floor":2.0,"key":"Shuriken"},{"floor":6.0,"key":"Anchor"},{"floor":8,"key":"Whetstone"},{"floor":9,"key":"Strawberry"},{"floor":12,"key":"Nunchaku"},{"floor":17,"key":"Juzu Bracelet"},{"floor":17,"key":"Singing Bowl"},{"floor":17,"key":"Unceasing Top"}],"event_choices":[{"damage_healed":0.0,"max_hp_gain":0.0,"max_hp_loss":0.0,"gold_gain":0.0,"event_name":"Wheel of Change","player_choice":"Relic","floor":2.0,"gold_loss":0.0,"damage_taken":0.0},{"damage_healed":23.0,"max_hp_gain":0.0,"max_hp_loss":0.0,"gold_gain":0.0,"event_name":"Big Fish","player_choice":"Banana","floor":7.0,"gold_loss":0.0,"damage_taken":0.0},{"damage_healed":0,"gold_gain":0,"player_choice":"Searched \u00271\u0027 times","damage_taken":0,"relics_obtained":["Letter Opener"],"max_hp_gain":0,"max_hp_loss":0,"event_name":"Dead Adventurer","floor":13,"gold_loss":0},{"damage_healed":0,"gold_gain":0,"player_choice":"Opened","damage_taken":0,"relics_obtained":["Tiny Chest"],"max_hp_gain":0,"max_hp_loss":0,"event_name":"The Mausoleum","floor":19,"gold_loss":0}],"is_beta":false,"boss_relics":[{"not_picked":["Runic Dome","Astrolabe"],"picked":"Calling Bell"}],"items_purged_floors":[11],"is_endless":false,"potions_floor_spawned":[4,5,6,10,18],"killed_by":"Cultist and Chosen","ascension_level":14}