{"gold_per_floor":[117,128,145,145,163,163,163,179,206,50,85,101,118,132,132,231,231,249,268,268,293,313,313,325,342,342,39,39,57,57,75,75,173,173,187,62,72,87,100,100,322,322,346,346,365,377,404,417,417,417],"floor_reached":51,"playtime":5014,"items_purged":["Defend_B","Strike_B","Strike_B"],"score":664,"play_id":"77558026-1b39-4cc3-9fcf-df13a91da5e5","local_time":"20190517173631","is_ascension_mode":false,"campfire_choices":[{"data":"Redo","floor":6,"key":"SMITH"},{"floor":15,"key":"REST"},{"floor":23,"key":"REST"},{"data":"Echo Form","floor":32,"key":"SMITH"},{"data":"Gash","floor":40,"key":"SMITH"},{"data":"Gash","floor":42,"key":"SMITH"},{"floor":49,"key":"REST"}],"neow_cost":"NONE","seed_source_timestamp":161188514234728,"circlet_count":0,"master_deck":["Strike_B","Defend_B+1","Defend_B","Defend_B","Zap","Dualcast+1","Gash+1","Gash+1","Reprogram","BootSequence","Redo+1","Glacier","Auto Shields","Coolheaded","Go for the Eyes","Echo Form+1","Genetic Algorithm","Hologram","RitualDagger","Go for the Eyes+1","Coolheaded+1","Gash+1","Gash","Blizzard","All For One","Gash+1","Rebound+1","Parasite","Secret Technique","Gash","Streamline+1"],"relics":["Cracked Core","Oddly Smooth Stone","War Paint","Centennial Puzzle","Runic Pyramid","Red Mask","Lantern","Lee\u0027s Waffle","Eternal Feather","Potion Belt","Pen Nib"],"potions_floor_usage":[],"damage_taken":[{"damage":1,"enemies":"Cultist","floor":1,"turns":3},{"damage":0,"enemies":"2 Louse","floor":2,"turns":3},{"damage":0,"enemies":"Small Slimes","floor":3,"turns":2},{"damage":13,"enemies":"2 Fungi Beasts","floor":5,"turns":3},{"damage":8,"enemies":"Blue Slaver","floor":8,"turns":4},{"damage":14,"enemies":"3 Sentries","floor":11,"turns":12},{"damage":0,"enemies":"Exordium Thugs","floor":12,"turns":4},{"damage":0,"enemies":"3 Louse","floor":13,"turns":3},{"damage":0,"enemies":"Large Slime","floor":14,"turns":7},{"damage":19,"enemies":"The Guardian","floor":16,"turns":17},{"damage":4,"enemies":"3 Byrds","floor":18,"turns":5},{"damage":22,"enemies":"2 Thieves","floor":19,"turns":4},{"damage":35,"enemies":"Masked Bandits","floor":21,"turns":8},{"damage":3,"enemies":"Snecko","floor":22,"turns":12},{"damage":1,"enemies":"Shelled Parasite and Fungi","floor":24,"turns":8},{"damage":0,"enemies":"Centurion and Healer","floor":25,"turns":8},{"damage":0,"enemies":"Snake Plant","floor":29,"turns":6},{"damage":0,"enemies":"3 Cultists","floor":31,"turns":5},{"damage":39,"enemies":"Champ","floor":33,"turns":12},{"damage":0,"enemies":"Orb Walker","floor":35,"turns":4},{"damage":19,"enemies":"3 Shapes","floor":37,"turns":4},{"damage":4,"enemies":"Writhing Mass","floor":38,"turns":8},{"damage":31,"enemies":"3 Darklings","floor":39,"turns":6},{"damage":0,"enemies":"Transient","floor":45,"turns":5},{"damage":9,"enemies":"Maw","floor":46,"turns":6},{"damage":12,"enemies":"Giant Head","floor":47,"turns":7},{"damage":4,"enemies":"3 Darklings","floor":48,"turns":5},{"damage":69,"enemies":"Awakened One","floor":50,"turns":10}],"seed_played":"1119130851530765318","potions_obtained":[{"floor":1,"key":"FearPotion"},{"floor":5,"key":"Poison Potion"},{"floor":12,"key":"PowerPotion"},{"floor":13,"key":"Dexterity Potion"},{"floor":21,"key":"Block Potion"},{"floor":29,"key":"LiquidBronze"},{"floor":45,"key":"Poison Potion"},{"floor":46,"key":"Swift Potion"}],"is_trial":false,"path_per_floor":["M","M","M","?","M","R","?","M","T","$","E","M","M","M","R","B",null,"M","M","?","?","M","R","M","M","T","$","?","M","$","M","R","B",null,"M","$","M","M","M","R","?","R","T","?","M","M","E","M","R","B",null],"character_chosen":"DEFECT","items_purchased":["Glacier","Lee\u0027s Waffle"],"campfire_rested":3,"item_purchase_floors":[10,27],"current_hp_per_floor":[74,74,74,74,61,61,28,20,20,20,6,6,6,6,28,9,75,71,49,43,8,5,27,26,26,26,82,66,66,66,66,66,27,87,87,87,68,64,33,48,48,63,63,63,63,54,42,38,82,13],"gold":417,"neow_bonus":"THREE_CARDS","is_prod":false,"is_daily":false,"chose_seed":false,"campfire_upgraded":4,"win_rate":0,"timestamp":1558139791,"path_taken":["M","?","M","?","M","R","?","M","T","$","E","M","M","M","R","BOSS","M","M","?","?","M","R","M","M","T","$","?","?","$","M","R","BOSS","M","$","M","M","M","R","?","R","T","?","M","M","E","M","R","BOSS"],"build_version":"2019-01-23","purchased_purges":3,"victory":true,"max_hp_per_floor":[75,75,75,75,75,75,75,75,75,75,75,75,75,75,75,75,75,75,75,75,75,75,75,75,75,75,82,87,87,87,87,87,87,87,87,87,87,87,87,87,87,87,87,87,87,87,87,87,87,87],"card_choices":[{"not_picked":["Conserve Battery","Leap"],"picked":"Gash","floor":0},{"not_picked":["Defragment","Leap"],"picked":"Gash","floor":1},{"not_picked":["Turbo","White Noise"],"picked":"Reprogram","floor":2},{"not_picked":["Rainbow","Stack"],"picked":"BootSequence","floor":3},{"not_picked":["Rip and Tear","Melter"],"picked":"Redo","floor":5},{"not_picked":["Fusion","Ball Lightning","Reprogram"],"picked":"SKIP","floor":8},{"not_picked":["Defragment","Storm"],"picked":"Auto Shields","floor":11},{"not_picked":["Rip and Tear","Steam Power","Turbo"],"picked":"SKIP","floor":12},{"not_picked":["White Noise","Ball Lightning"],"picked":"Coolheaded","floor":13},{"not_picked":["Beam Cell","Hello World"],"picked":"Go for the Eyes","floor":14},{"not_picked":["Fission","Core Surge"],"picked":"Echo Form","floor":16},{"not_picked":["Melter+1","Steam+1"],"picked":"Genetic Algorithm","floor":18},{"not_picked":["Recycle+1","Auto Shields"],"picked":"Hologram","floor":19},{"not_picked":["Streamline","Fusion+1"],"picked":"Go for the Eyes+1","floor":21},{"not_picked":["Sweeping Beam+1","Doom and Gloom"],"picked":"Coolheaded+1","floor":22},{"not_picked":["Sweeping Beam","Undo"],"picked":"Gash+1","floor":24},{"not_picked":["Reprogram","BootSequence","Steam"],"picked":"SKIP","floor":25},{"not_picked":["Doom and Gloom+1","Tempest"],"picked":"Gash","floor":29},{"not_picked":["Sweeping Beam","Turbo"],"picked":"Blizzard","floor":31},{"not_picked":["Hyperbeam","Buffer"],"picked":"All For One","floor":33},{"not_picked":["Beam Cell+1","Sunder"],"picked":"Gash+1","floor":35},{"not_picked":["Recycle","Genetic Algorithm"],"picked":"Rebound+1","floor":37},{"not_picked":["Chaos","Fusion+1","Steam"],"picked":"SKIP","floor":38},{"not_picked":["Leap","Heatsinks+1","Recycle"],"picked":"SKIP","floor":39},{"not_picked":["Impatience","Panacea"],"picked":"Secret Technique","floor":44},{"not_picked":["Reprogram+1","Rip and Tear+1","Stack"],"picked":"SKIP","floor":45},{"not_picked":["Compile Driver+1","Heatsinks","Coolheaded"],"picked":"SKIP","floor":46},{"not_picked":["Buffer","Skim+1"],"picked":"Gash","floor":47},{"not_picked":["Steam","Go for the Eyes"],"picked":"Streamline+1","floor":48}],"player_experience":124574,"relics_obtained":[{"floor":9,"key":"War Paint"},{"floor":11,"key":"Centennial Puzzle"},{"floor":21,"key":"Red Mask"},{"floor":26,"key":"Lantern"},{"floor":43,"key":"Potion Belt"},{"floor":47,"key":"Pen Nib"}],"event_choices":[{"cards_removed":["Strike_B"],"damage_healed":0,"gold_gain":0,"player_choice":"Forget","damage_taken":0,"max_hp_gain":0,"max_hp_loss":0,"event_name":"Living Wall","floor":4,"gold_loss":0},{"damage_healed":0,"gold_gain":0,"player_choice":"Success","damage_taken":33,"relics_obtained":["Oddly Smooth Stone"],"max_hp_gain":0,"max_hp_loss":0,"event_name":"Scrap Ooze","floor":7,"gold_loss":0},{"damage_healed":0,"gold_gain":0,"player_choice":"Joined the Cult","damage_taken":6,"max_hp_gain":0,"max_hp_loss":0,"event_name":"Nest","floor":20,"gold_loss":0,"cards_obtained":["RitualDagger"]},{"damage_healed":0,"gold_gain":0,"player_choice":"Fought Bandits","damage_taken":0,"max_hp_gain":0,"max_hp_loss":0,"event_name":"Masked Bandits","floor":21,"gold_loss":0},{"damage_healed":0,"gold_gain":0,"player_choice":"Shed Blood","damage_taken":21,"max_hp_gain":5,"max_hp_loss":0,"event_name":"Forgotten Altar","floor":28,"gold_loss":0},{"damage_healed":0,"gold_gain":222,"player_choice":"Wore Mask","damage_taken":0,"max_hp_gain":0,"max_hp_loss":0,"event_name":"Tomb of Lord Red Mask","floor":41,"gold_loss":0},{"damage_healed":0,"gold_gain":0,"player_choice":"Memory 1","damage_taken":0,"max_hp_gain":0,"max_hp_loss":0,"event_name":"SensoryStone","floor":44,"gold_loss":0}],"is_beta":false,"boss_relics":[{"not_picked":["White Beast Statue","Tiny House"],"picked":"Runic Pyramid"},{"not_picked":["Runic Dome","Calling Bell"],"picked":"Eternal Feather"}],"items_purged_floors":[10,27,36],"is_endless":false,"potions_floor_spawned":[1,5,12,13,14,21,25,29,33,37,45,46,47,48],"ascension_level":0}