{"gold_per_floor":[110,123,141,141,151,179,47,47,101,101,116,148,148,113,113,213,213,231,251,251,72,72,72,72,22,46,46,46,75,93,112,112,112],"floor_reached":33,"playtime":880,"items_purged":["Strike_R","Strike_R","Strike_R+1"],"score":382,"play_id":"7bebeb30-c759-40ab-95d5-d886c4268109","local_time":"20190325002430","is_ascension_mode":true,"campfire_choices":[{"data":"Rupture","floor":10,"key":"SMITH"},{"floor":13,"key":"REST"},{"data":"Brutality","floor":15,"key":"SMITH"},{"floor":23,"key":"REST"},{"data":"Immolate","floor":27,"key":"SMITH"},{"floor":32,"key":"REST"}],"neow_cost":"NONE","seed_source_timestamp":691258713854415,"circlet_count":0,"master_deck":["Strike_R+1","Strike_R+1","Defend_R+1","Defend_R+1","Defend_R+1","Defend_R+1","Bash","Twin Strike","Bloodletting","Rampage","Brutality+1","Shrug It Off","Rupture+1","Hemokinesis","Anger","Cleave","Rage","Immolate+1","Disarm","Anger","Evolve","Shrug It Off","Intimidate","Fire Breathing+1","Sword Boomerang+1"],"relics":["Burning Blood","NeowsBlessing","Darkstone Periapt","Smiling Mask","Happy Flower","Lantern","Mark of Pain","MutagenicStrength","Strawberry","Incense Burner"],"potions_floor_usage":[6,12,29,30,33],"damage_taken":[{"damage":0,"enemies":"Small Slimes","floor":1,"turns":1},{"damage":0,"enemies":"Jaw Worm","floor":2,"turns":1},{"damage":0,"enemies":"Cultist","floor":3,"turns":1},{"damage":19,"enemies":"Blue Slaver","floor":5,"turns":4},{"damage":28,"enemies":"Lagavulin","floor":6,"turns":6},{"damage":15,"enemies":"2 Fungi Beasts","floor":11,"turns":3},{"damage":22,"enemies":"3 Sentries","floor":12,"turns":5},{"damage":34,"enemies":"Slime Boss","floor":16,"turns":9},{"damage":28,"enemies":"3 Byrds","floor":18,"turns":4},{"damage":25,"enemies":"Spheric Guardian","floor":19,"turns":4},{"damage":19,"enemies":"Book of Stabbing","floor":29,"turns":5},{"damage":43,"enemies":"Shelled Parasite and Fungi","floor":30,"turns":8},{"damage":7,"enemies":"3 Cultists","floor":31,"turns":4},{"damage":33,"enemies":"Automaton","floor":33,"turns":8}],"seed_played":"5765438331542214726","potions_obtained":[{"floor":2,"key":"Strength Potion"},{"floor":6,"key":"FearPotion"},{"floor":11,"key":"Strength Potion"},{"floor":19,"key":"SneckoOil"},{"floor":31,"key":"SkillPotion"}],"is_trial":false,"path_per_floor":["M","M","M","?","M","E","$","?","T","R","M","E","R","?","R","B",null,"M","M","?","$","?","R","?","$","T","R","?","E","M","M","R","B"],"character_chosen":"IRONCLAD","items_purchased":["Rupture","Evolve","Shrug It Off"],"campfire_rested":3,"item_purchase_floors":[7,21,21],"current_hp_per_floor":[78,80,80,77,64,42,42,42,42,42,33,17,41,61,61,33,68,46,27,27,27,27,51,51,51,58,58,58,45,8,7,33,0],"gold":112,"neow_bonus":"THREE_ENEMY_KILL","is_prod":false,"is_daily":false,"chose_seed":false,"campfire_upgraded":3,"win_rate":0,"timestamp":1553491470,"path_taken":["M","M","M","?","M","E","$","?","T","R","?","E","R","?","R","BOSS","M","M","?","$","?","R","?","$","T","R","?","E","M","M","R","BOSS"],"build_version":"2019-01-23","purchased_purges":3,"victory":false,"max_hp_per_floor":[80,80,80,80,80,80,80,80,80,80,80,80,80,80,80,80,80,80,80,80,80,80,80,80,80,87,87,87,87,87,87,87,87],"card_choices":[{"not_picked":["Headbutt","Clash"],"picked":"Twin Strike","floor":1},{"not_picked":["Twin Strike","Shockwave"],"picked":"Bloodletting","floor":2},{"not_picked":["Heavy Blade","Clothesline"],"picked":"Rampage","floor":3},{"not_picked":["Iron Wave","Searing Blow"],"picked":"Brutality","floor":5},{"not_picked":["Uppercut","Dropkick"],"picked":"Shrug It Off","floor":6},{"not_picked":["Wild Strike","Havoc"],"picked":"Cleave","floor":11},{"not_picked":["Headbutt","Warcry"],"picked":"Rage","floor":12},{"not_picked":["Juggernaut","Bludgeon"],"picked":"Immolate","floor":16},{"not_picked":["Pommel Strike","Headbutt"],"picked":"Disarm","floor":18},{"not_picked":["Body Slam","Perfected Strike"],"picked":"Anger","floor":19},{"not_picked":["Shockwave","Clash"],"picked":"Intimidate","floor":29},{"not_picked":["Body Slam+1","Clothesline+1"],"picked":"Fire Breathing+1","floor":30},{"not_picked":["Shrug It Off","Twin Strike+1"],"picked":"Sword Boomerang+1","floor":31}],"player_experience":265273,"relics_obtained":[{"floor":6,"key":"Smiling Mask"},{"floor":9,"key":"Happy Flower"},{"floor":12,"key":"Lantern"},{"floor":26,"key":"Strawberry"},{"floor":29,"key":"Incense Burner"}],"event_choices":[{"damage_healed":0,"gold_gain":0,"player_choice":"Success","damage_taken":3,"relics_obtained":["Darkstone Periapt"],"max_hp_gain":0,"max_hp_loss":0,"event_name":"Scrap Ooze","floor":4,"gold_loss":0},{"damage_healed":0,"gold_gain":0,"player_choice":"2 cards matched","damage_taken":0,"max_hp_gain":0,"max_hp_loss":0,"event_name":"Match and Keep!","floor":8,"gold_loss":0,"cards_obtained":["Hemokinesis","Anger"]},{"damage_healed":20,"gold_gain":0,"player_choice":"Healed","damage_taken":0,"max_hp_gain":0,"max_hp_loss":0,"event_name":"The Cleric","floor":14,"gold_loss":35},{"damage_healed":0,"gold_gain":0,"player_choice":"Inject Mutagens","damage_taken":0,"relics_obtained":["MutagenicStrength"],"max_hp_gain":0,"max_hp_loss":0,"event_name":"Drug Dealer","floor":20,"gold_loss":0},{"damage_healed":0,"gold_gain":0,"player_choice":"Simplicity","damage_taken":0,"max_hp_gain":0,"max_hp_loss":0,"event_name":"Back to Basics","floor":22,"gold_loss":0,"cards_upgraded":["Strike_R","Strike_R","Strike_R","Defend_R","Defend_R","Defend_R","Defend_R"]},{"damage_healed":0,"gold_gain":0,"player_choice":"Ignored","damage_taken":0,"max_hp_gain":0,"max_hp_loss":0,"event_name":"Ghosts","floor":24,"gold_loss":0},{"damage_healed":0,"gold_gain":0,"player_choice":"0 cards matched","damage_taken":0,"max_hp_gain":0,"max_hp_loss":0,"event_name":"Match and Keep!","floor":28,"gold_loss":0,"cards_obtained":[]}],"is_beta":false,"boss_relics":[{"not_picked":["Busted Crown","Runic Cube"],"picked":"Mark of Pain"}],"items_purged_floors":[7,21,25],"is_endless":false,"potions_floor_spawned":[2,6,11,19,31],"killed_by":"Automaton","ascension_level":8}