{"gold_per_floor":[114,114,126,141,21,21,36,36,82,114,125,160,160,176,176,281,281,295,18,93,103,116,150,150,150,173,191,91,111,125,160,160,257,257,276,276,151,163,177,177,206,222,274,285,285,311,311,326,326,326],"floor_reached":50,"playtime":3090,"items_purged":["Strike_G","Strike_G","Strike_G"],"score":890,"play_id":"4a550f6e-587b-4e73-98d6-0fb200738e1c","local_time":"20190501000913","is_ascension_mode":true,"campfire_choices":[{"data":"Dagger Spray","floor":6.0,"key":"SMITH"},{"data":"Terror","floor":8.0,"key":"SMITH"},{"floor":13.0,"key":"REST"},{"data":"Backflip","floor":15.0,"key":"SMITH"},{"data":"Envenom","floor":24.0,"key":"SMITH"},{"floor":32.0,"key":"REST"},{"data":"Burst","floor":40,"key":"SMITH"},{"floor":45,"key":"REST"},{"floor":49,"key":"REST"}],"neow_cost":"NONE","seed_source_timestamp":287158615419580,"circlet_count":0,"master_deck":["AscendersBane","Defend_G","Defend_G","Defend_G","Defend_G","Strike_G","Strike_G","Survivor","Neutralize","Dagger Spray+1","Backflip+1","Terror+1","Deadly Poison","Deflect","Slice","Die Die Die","Predator","Glass Knife+1","Acrobatics+1","Envenom+1","Backstab+1","PiercingWail","PiercingWail","Cloak And Dagger","Catalyst","Burst+1","Escape Plan"],"special_seed":0,"relics":["Ring of the Snake","Lantern","Happy Flower","Pen Nib","Boot","Runic Pyramid","TwistedFunnel","Letter Opener","Ancient Tea Set","Art of War","Eternal Feather","Bottled Tornado","Turnip","Bronze Scales","Pantograph"],"potions_floor_usage":[33,33,46,50,50],"damage_taken":[{"damage":0.0,"enemies":"2 Louse","floor":1.0,"turns":3.0},{"damage":10.0,"enemies":"Cultist","floor":3.0,"turns":6.0},{"damage":0.0,"enemies":"Jaw Worm","floor":4.0,"turns":4.0},{"damage":0.0,"enemies":"Gremlin Gang","floor":7.0,"turns":3.0},{"damage":32.0,"enemies":"Gremlin Nob","floor":10.0,"turns":4.0},{"damage":0.0,"enemies":"3 Louse","floor":11.0,"turns":2.0},{"damage":6.0,"enemies":"3 Sentries","floor":12.0,"turns":4.0},{"damage":0.0,"enemies":"Red Slaver","floor":14.0,"turns":2.0},{"damage":25.0,"enemies":"Hexaghost","floor":16.0,"turns":9.0},{"damage":0.0,"enemies":"3 Byrds","floor":18.0,"turns":3.0},{"damage":3.0,"enemies":"Shell Parasite","floor":21.0,"turns":4.0},{"damage":5.0,"enemies":"Snecko","floor":22.0,"turns":4.0},{"damage":8.0,"enemies":"Slavers","floor":23.0,"turns":6.0},{"damage":0.0,"enemies":"Cultist and Chosen","floor":27.0,"turns":4.0},{"damage":6.0,"enemies":"Centurion and Healer","floor":29.0,"turns":4.0},{"damage":0.0,"enemies":"Chosen and Byrds","floor":30.0,"turns":3.0},{"damage":2.0,"enemies":"Gremlin Leader","floor":31.0,"turns":6.0},{"damage":5,"enemies":"Collector","floor":33,"turns":11},{"damage":1,"enemies":"3 Darklings","floor":35,"turns":2},{"damage":6,"enemies":"3 Shapes","floor":38,"turns":4},{"damage":9,"enemies":"Transient","floor":39,"turns":5},{"damage":16,"enemies":"Nemesis","floor":41,"turns":7},{"damage":11,"enemies":"Jaw Worm Horde","floor":42,"turns":3},{"damage":17,"enemies":"Maw","floor":44,"turns":6},{"damage":51,"enemies":"Giant Head","floor":46,"turns":7},{"damage":0,"enemies":"4 Shapes","floor":48,"turns":3},{"damage":71,"enemies":"Awakened One","floor":50,"turns":12}],"seed_played":"-4906561938138179653","potions_obtained":[{"floor":7.0,"key":"GhostInAJar"},{"floor":10.0,"key":"Ancient Potion"},{"floor":16.0,"key":"Block Potion"},{"floor":23.0,"key":"SkillPotion"},{"floor":33,"key":"Swift Potion"},{"floor":35,"key":"LiquidBronze"},{"floor":46,"key":"SpeedPotion"}],"is_trial":false,"path_per_floor":["M","?","M","M","$","R","M","R","T","E","M","E","R","M","R","B",null,"M","$","?","M","M","E","R","?","T","M","$","M","M","E","R","B",null,"M","T","$","M","M","R","E","M","T","M","R","E","?","M","R","B"],"character_chosen":"THE_SILENT","items_purchased":["Deflect","Envenom","TwistedFunnel"],"campfire_rested":4,"item_purchase_floors":[5,19,19],"current_hp_per_floor":[63,63,53,53,53,53,53,53,53,21,21,15,36,36,36,11,55,55,55,48,45,40,32,32,32,32,32,32,26,26,24,45,40,63,62,62,62,56,47,62,46,35,35,18,54,3,3,3,39,0],"gold":326,"neow_bonus":"RANDOM_COMMON_RELIC","is_prod":false,"is_daily":false,"chose_seed":false,"campfire_upgraded":5,"win_rate":0,"timestamp":1556687353,"path_taken":["M","?","M","M","$","R","M","R","T","E","M","E","R","?","R","BOSS","M","$","?","?","M","E","R","?","T","?","$","M","M","E","R","BOSS","M","?","$","?","M","R","E","M","T","M","R","E","?","M","R","BOSS"],"build_version":"2019-01-23","purchased_purges":3,"victory":false,"max_hp_per_floor":[70,70,70,70,70,70,70,70,70,70,70,70,70,70,70,70,70,70,70,70,70,70,70,70,70,70,70,70,70,70,70,70,70,70,70,70,70,70,70,70,70,70,70,70,70,70,70,70,70,70],"card_choices":[{"not_picked":["Cloak And Dagger","Bane"],"picked":"Dagger Spray","floor":1.0},{"not_picked":["Deflect","Infinite Blades"],"picked":"Terror","floor":3.0},{"not_picked":["Dagger Spray","Dodge and Roll"],"picked":"Deadly Poison","floor":4.0},{"not_picked":["Distraction","Sucker Punch"],"picked":"Slice","floor":7.0},{"not_picked":["Finisher","Acrobatics"],"picked":"Die Die Die","floor":10.0},{"not_picked":["Poisoned Stab","Expertise"],"picked":"Predator","floor":11.0},{"not_picked":["Choke","Slice","Concentrate"],"picked":"SKIP","floor":12.0},{"not_picked":["Choke","Quick Slash","Prepared"],"picked":"SKIP","floor":14.0},{"not_picked":["Burst","Envenom"],"picked":"Glass Knife","floor":16.0},{"not_picked":["Outmaneuver","Deadly Poison"],"picked":"Acrobatics+1","floor":18.0},{"not_picked":["Leg Sweep","Terror"],"picked":"Backstab+1","floor":21.0},{"not_picked":["Backflip","Terror"],"picked":"PiercingWail","floor":22.0},{"not_picked":["Terror+1","Backstab"],"picked":"PiercingWail","floor":23.0},{"not_picked":["Bane","Slice","Finisher"],"picked":"SKIP","floor":27.0},{"not_picked":["Expertise","Choke","Reflex"],"picked":"SKIP","floor":29.0},{"not_picked":["Predator","Flying Knee"],"picked":"Cloak And Dagger","floor":30.0},{"not_picked":["Accuracy","Blade Dance+1"],"picked":"Catalyst","floor":31.0},{"not_picked":["Malaise","Phantasmal Killer"],"picked":"Burst","floor":33},{"not_picked":["Acrobatics+1","Predator","Bane"],"picked":"SKIP","floor":35},{"not_picked":["Sucker Punch","Dagger Throw","PiercingWail"],"picked":"SKIP","floor":38},{"not_picked":["Dodge and Roll","Choke","Poisoned Stab"],"picked":"SKIP","floor":39},{"not_picked":["Poisoned Stab","Flechettes","Envenom"],"picked":"SKIP","floor":41},{"not_picked":["Skewer+1","Acrobatics"],"picked":"Escape Plan","floor":42},{"not_picked":["Poisoned Stab","Terror","Finisher"],"picked":"SKIP","floor":44},{"not_picked":["Caltrops","Expertise","Prepared"],"picked":"SKIP","floor":46},{"not_picked":["Deadly Poison","Flying Knee","Bane"],"picked":"SKIP","floor":48}],"player_experience":350649,"relics_obtained":[{"floor":9.0,"key":"Happy Flower"},{"floor":10.0,"key":"Pen Nib"},{"floor":12.0,"key":"Boot"},{"floor":23.0,"key":"Letter Opener"},{"floor":26.0,"key":"Ancient Tea Set"},{"floor":31.0,"key":"Art of War"},{"floor":36,"key":"Bottled Tornado"},{"floor":41,"key":"Turnip"},{"floor":43,"key":"Bronze Scales"},{"floor":46,"key":"Pantograph"}],"event_choices":[{"damage_healed":0.0,"max_hp_gain":0.0,"max_hp_loss":0.0,"gold_gain":0.0,"event_name":"Match and Keep!","player_choice":"1 cards matched","floor":2.0,"gold_loss":0.0,"damage_taken":0.0,"cards_obtained":["Backflip"]},{"damage_healed":0.0,"max_hp_gain":0.0,"max_hp_loss":0.0,"gold_gain":75.0,"event_name":"FaceTrader","player_choice":"Touch","floor":20.0,"gold_loss":0.0,"damage_taken":7.0},{"damage_healed":0.0,"max_hp_gain":0.0,"max_hp_loss":0.0,"gold_gain":0.0,"event_name":"Accursed Blacksmith","player_choice":"Forge","floor":25.0,"gold_loss":0.0,"damage_taken":0.0,"cards_upgraded":["Glass Knife"]},{"cards_removed":["Defend_G"],"damage_healed":0,"gold_gain":0,"player_choice":"Removed Skill","damage_taken":0,"max_hp_gain":0,"max_hp_loss":0,"event_name":"Falling","floor":47,"gold_loss":0}],"is_beta":false,"boss_relics":[{"not_picked":["Runic Dome","Cursed Key"],"picked":"Runic Pyramid"},{"not_picked":["Orrery","Velvet Choker"],"picked":"Eternal Feather"}],"items_purged_floors":[5,28,37],"is_endless":false,"potions_floor_spawned":[7,10,12,16,23,27,29,31,33,35,46],"killed_by":"Awakened One","ascension_level":12}