{"gold_per_floor":[111,125,45,61,75,103,103,137,163,163,163,183,202,67,67,168,168,180,190,190,204,60,60,72,72,121,140,140,140,340,355,355,455,455,475,475,488,337,357,357,357,373,444,444],"floor_reached":44,"playtime":4607,"items_purged":[],"score":447,"play_id":"aa1c7a17-2fc2-484a-af19-c889ea52a130","local_time":"20190208022905","is_ascension_mode":false,"campfire_choices":[{"data":"Perfected Strike","floor":7,"key":"SMITH"},{"floor":10,"key":"REST"},{"data":"Bash","floor":15,"key":"SMITH"},{"data":"Perfected Strike","floor":23,"key":"SMITH"},{"data":"Shrug It Off","floor":25,"key":"SMITH"},{"data":"Bludgeon","floor":29,"key":"SMITH"},{"data":"Perfected Strike","floor":32,"key":"SMITH"},{"data":"The Bomb","floor":40,"key":"SMITH"}],"neow_cost":"NONE","seed_source_timestamp":463673799462289,"circlet_count":0,"master_deck":["Strike_R+1","Strike_R+1","Strike_R+1","Strike_R+1","Strike_R+1","Defend_R+1","Defend_R+1","Defend_R+1","Defend_R+1","Bash+1","Perfected Strike+1","Bloodletting+1","Inflame","Disarm","Shrug It Off+1","Reaper","Pommel Strike","Pommel Strike","Impervious","Bludgeon+1","Perfected Strike+1","Cleave","Pommel Strike+1","Perfected Strike+1","Reaper","The Bomb+1","Bloodletting+1","Perfected Strike+1"],"relics":["Burning Blood","Orichalcum","Centennial Puzzle","Bronze Scales","Pen Nib","Ancient Tea Set","Black Star","Oddly Smooth Stone","Molten Egg 2"],"potions_floor_usage":[6,33],"damage_taken":[{"damage":9,"enemies":"Small Slimes","floor":1,"turns":5},{"damage":8,"enemies":"Cultist","floor":2,"turns":5},{"damage":3,"enemies":"2 Louse","floor":4,"turns":2},{"damage":16,"enemies":"Large Slime","floor":5,"turns":6},{"damage":28,"enemies":"3 Sentries","floor":6,"turns":7},{"damage":35,"enemies":"Lagavulin","floor":8,"turns":7},{"damage":4,"enemies":"2 Fungi Beasts","floor":12,"turns":2},{"damage":4,"enemies":"Exordium Thugs","floor":13,"turns":3},{"damage":15,"enemies":"Hexaghost","floor":16,"turns":9},{"damage":7,"enemies":"Spheric Guardian","floor":18,"turns":4},{"damage":7,"enemies":"3 Byrds","floor":19,"turns":3},{"damage":12,"enemies":"Snake Plant","floor":21,"turns":4},{"damage":18,"enemies":"Chosen and Byrds","floor":24,"turns":5},{"damage":9,"enemies":"3 Cultists","floor":27,"turns":4},{"damage":4,"enemies":"Cultist and Chosen","floor":31,"turns":3},{"damage":109,"enemies":"Collector","floor":33,"turns":8},{"damage":27,"enemies":"3 Darklings","floor":35,"turns":6},{"damage":9,"enemies":"3 Shapes","floor":37,"turns":4},{"damage":15,"enemies":"Jaw Worm Horde","floor":39,"turns":3},{"damage":27,"enemies":"Sphere and 2 Shapes","floor":42,"turns":6},{"damage":64,"enemies":"Reptomancer","floor":44,"turns":2}],"seed_played":"-3875401621663250940","potions_obtained":[{"floor":4,"key":"PowerPotion"},{"floor":6,"key":"FairyPotion"},{"floor":12,"key":"Dexterity Potion"},{"floor":13,"key":"FairyPotion"},{"floor":18,"key":"SteroidPotion"},{"floor":35,"key":"FearPotion"}],"is_trial":false,"path_per_floor":["M","M","$","M","M","E","R","E","T","R","?","M","M","$","R","B",null,"M","M","?","M","$","R","M","R","T","M","?","R","?","M","R","B",null,"M","?","M","$","M","R","?","M","T","E"],"character_chosen":"IRONCLAD","items_purchased":["Inflame","Impervious","Pen Nib","Oddly Smooth Stone"],"campfire_rested":1,"item_purchase_floors":[3,14,22,38],"current_hp_per_floor":[85,83,83,86,76,54,54,29,29,55,55,57,67,67,67,58,88,87,86,86,80,80,80,68,68,68,65,65,65,65,67,67,14,88,75,75,84,84,75,75,75,54,54,0],"gold":444,"neow_bonus":"TEN_PERCENT_HP_BONUS","is_prod":false,"is_daily":false,"chose_seed":false,"campfire_upgraded":7,"win_rate":0,"timestamp":1549618145,"path_taken":["M","M","$","M","M","E","R","E","T","R","?","M","M","?","R","BOSS","M","M","?","M","$","R","M","R","T","M","?","R","?","M","R","BOSS","M","?","M","$","M","R","?","M","T","E"],"build_version":"2019-01-23","purchased_purges":0,"victory":false,"max_hp_per_floor":[88,88,88,88,88,88,88,88,88,88,88,88,88,88,88,88,88,88,88,88,88,88,88,88,88,88,88,88,88,88,88,88,88,88,88,88,88,88,88,88,84,84,84,84],"card_choices":[{"not_picked":["Corruption","Clothesline"],"picked":"Perfected Strike","floor":1},{"not_picked":["Rage","Iron Wave"],"picked":"Bloodletting","floor":2},{"not_picked":["Body Slam","Iron Wave"],"picked":"Disarm","floor":4},{"not_picked":["Thunderclap","Anger"],"picked":"Shrug It Off","floor":5},{"not_picked":["Body Slam","Anger"],"picked":"Reaper","floor":6},{"not_picked":["Dropkick","Uppercut"],"picked":"Pommel Strike","floor":8},{"not_picked":["Warcry","Body Slam"],"picked":"Pommel Strike","floor":12},{"not_picked":["Ghostly Armor","Combust","Battle Trance"],"picked":"SKIP","floor":13},{"not_picked":["Brutality","Demon Form"],"picked":"Bludgeon","floor":16},{"not_picked":["Blood for Blood","Flex"],"picked":"Perfected Strike","floor":18},{"not_picked":["Sword Boomerang","Clash+1","Iron Wave"],"picked":"SKIP","floor":19},{"not_picked":["Armaments","Pummel+1","Searing Blow"],"picked":"SKIP","floor":21},{"not_picked":["Inflame","Iron Wave"],"picked":"Cleave","floor":24},{"not_picked":["Whirlwind","Spot Weakness"],"picked":"Pommel Strike+1","floor":27},{"not_picked":["Sever Soul","Warcry"],"picked":"Perfected Strike","floor":31},{"not_picked":["Bludgeon","Impervious"],"picked":"Reaper","floor":33},{"not_picked":["Iron Wave","Rupture","Whirlwind+1"],"picked":"SKIP","floor":35},{"not_picked":["Madness","Discovery"],"picked":"The Bomb","floor":36},{"not_picked":["Iron Wave+1","Warcry","Pommel Strike"],"picked":"SKIP","floor":37},{"not_picked":["Shrug It Off","Evolve"],"picked":"Bloodletting+1","floor":39},{"not_picked":["Thunderclap","Burning Pact"],"picked":"Perfected Strike+1","floor":42}],"player_experience":7868,"relics_obtained":[{"floor":6,"key":"Orichalcum"},{"floor":8,"key":"Centennial Puzzle"},{"floor":9,"key":"Bronze Scales"},{"floor":26,"key":"Ancient Tea Set"},{"floor":43,"key":"Molten Egg 2"}],"event_choices":[{"damage_healed":0,"gold_gain":0,"player_choice":"Upgraded","damage_taken":0,"max_hp_gain":0,"max_hp_loss":0,"event_name":"Upgrade Shrine","floor":11,"gold_loss":0,"cards_upgraded":["Bloodletting"]},{"damage_healed":0,"gold_gain":0,"player_choice":"Simplicity","damage_taken":0,"max_hp_gain":0,"max_hp_loss":0,"event_name":"Back to Basics","floor":20,"gold_loss":0,"cards_upgraded":["Strike_R","Strike_R","Strike_R","Strike_R","Strike_R","Defend_R","Defend_R","Defend_R","Defend_R"]},{"damage_healed":0,"gold_gain":0,"player_choice":"Ignored","damage_taken":0,"max_hp_gain":0,"max_hp_loss":0,"event_name":"Vampires","floor":28,"gold_loss":0},{"damage_healed":0,"gold_gain":250,"player_choice":"Bet on Owner","damage_taken":0,"max_hp_gain":0,"max_hp_loss":0,"event_name":"The Joust","floor":30,"gold_loss":50},{"damage_healed":0,"gold_gain":0,"player_choice":"Memory 1","damage_taken":0,"max_hp_gain":0,"max_hp_loss":0,"event_name":"SensoryStone","floor":36,"gold_loss":0},{"damage_healed":0,"gold_gain":0,"player_choice":"Max HP","damage_taken":0,"max_hp_gain":0,"max_hp_loss":4,"event_name":"Winding Halls","floor":41,"gold_loss":0}],"is_beta":false,"boss_relics":[{"not_picked":["Fusion Hammer","Calling Bell","Philosopher\u0027s Stone"]},{"not_picked":["Snecko Eye","White Beast Statue"],"picked":"Black Star"}],"items_purged_floors":[],"is_endless":false,"potions_floor_spawned":[4,6,12,13,18,21,24,35],"killed_by":"Reptomancer","ascension_level":0}