{"gold_per_floor":[115,130,55,55,75,90,90,106,131,143,186,217,229,268,280,389,401,401,341,341,36,36,36,36,36,36,36],"floor_reached":27,"playtime":1671,"items_purged":["Strike_B","Strike_B"],"score":245,"play_id":"e6b9645c-d9e4-4945-8418-5e1c31a3222f","local_time":"20190519140133","is_ascension_mode":false,"campfire_choices":[{"data":"Redo","floor":7,"key":"SMITH"},{"data":"Cold Snap","floor":10,"key":"SMITH"},{"floor":13,"key":"REST"},{"data":"Cold Snap","floor":15,"key":"SMITH"},{"floor":23,"key":"REST"},{"floor":25,"key":"REST"}],"neow_cost":"NONE","seed_source_timestamp":240519972059672,"circlet_count":0,"master_deck":["Strike_B","Strike_B","Defend_B","Defend_B","Defend_B","Defend_B","Zap","Dualcast+1","Cold Snap+1","Redo+1","Sweeping Beam","Cold Snap+1","Machine Learning","Barrage","Leap+1"],"relics":["Busted Crown","MawBank","Orichalcum","Boot","Ectoplasm","Runic Capacitor","Bronze Scales"],"potions_floor_usage":[],"damage_taken":[{"damage":1,"enemies":"Jaw Worm","floor":1,"turns":3},{"damage":0,"enemies":"Cultist","floor":2,"turns":4},{"damage":3,"enemies":"Small Slimes","floor":5,"turns":3},{"damage":7,"enemies":"3 Louse","floor":6,"turns":4},{"damage":7,"enemies":"Blue Slaver","floor":8,"turns":4},{"damage":18,"enemies":"3 Sentries","floor":11,"turns":6},{"damage":2,"enemies":"Exordium Wildlife","floor":12,"turns":3},{"damage":26,"enemies":"Gremlin Nob","floor":14,"turns":6},{"damage":20,"enemies":"The Guardian","floor":16,"turns":15},{"damage":10,"enemies":"Shell Parasite","floor":18,"turns":5},{"damage":3,"enemies":"2 Thieves","floor":19,"turns":4},{"damage":9,"enemies":"Centurion and Healer","floor":20,"turns":8},{"damage":7,"enemies":"Cultist and Chosen","floor":22,"turns":7},{"damage":41,"enemies":"Book of Stabbing","floor":24,"turns":7},{"damage":54,"enemies":"Slavers","floor":27,"turns":4}],"seed_played":"-1826541124775259842","potions_obtained":[{"floor":1,"key":"Ancient Potion"},{"floor":2,"key":"SneckoOil"},{"floor":6,"key":"Explosive Potion"}],"is_trial":false,"path_per_floor":["M","M","$","?","M","M","R","M","T","R","E","M","R","E","R","B",null,"M","M","M","$","M","R","E","R","T","E"],"character_chosen":"DEFECT","items_purchased":["Runic Capacitor"],"campfire_rested":3,"item_purchase_floors":[21],"current_hp_per_floor":[74,74,74,74,71,64,64,57,57,57,39,37,59,33,33,13,75,65,62,53,53,46,68,27,49,49,0],"gold":36,"neow_bonus":"BOSS_RELIC","is_prod":false,"is_daily":false,"chose_seed":false,"campfire_upgraded":3,"win_rate":0,"timestamp":1558299693,"path_taken":["M","M","$","?","M","?","R","?","T","R","E","M","R","E","R","BOSS","M","M","M","$","M","R","E","R","T","E"],"build_version":"2019-01-23","purchased_purges":2,"victory":false,"max_hp_per_floor":[75,75,75,75,75,75,75,75,75,75,75,75,75,75,75,75,75,75,75,75,75,75,75,75,75,75,75],"card_choices":[{"not_picked":["Scrape"],"picked":"SKIP","floor":1},{"not_picked":["Scrape"],"picked":"SKIP","floor":1},{"not_picked":["Scrape"],"picked":"SKIP","floor":1},{"not_picked":["Storm"],"picked":"SKIP","floor":2},{"not_picked":[],"picked":"Cold Snap","floor":5},{"not_picked":[],"picked":"Redo","floor":6},{"not_picked":[],"picked":"Sweeping Beam","floor":8},{"not_picked":[],"picked":"Cold Snap","floor":11},{"not_picked":["Sweeping Beam"],"picked":"SKIP","floor":12},{"not_picked":["Undo"],"picked":"SKIP","floor":14},{"not_picked":[],"picked":"Machine Learning","floor":16},{"not_picked":["Compile Driver"],"picked":"SKIP","floor":18},{"not_picked":["Rebound"],"picked":"SKIP","floor":19},{"not_picked":[],"picked":"Barrage","floor":20},{"not_picked":["Reinforced Body"],"picked":"SKIP","floor":22},{"not_picked":[],"picked":"Leap+1","floor":24}],"player_experience":185852,"relics_obtained":[{"floor":9,"key":"MawBank"},{"floor":11,"key":"Orichalcum"},{"floor":14,"key":"Boot"},{"floor":24,"key":"Bronze Scales"}],"event_choices":[{"damage_healed":0,"gold_gain":0,"player_choice":"Upgraded","damage_taken":0,"max_hp_gain":0,"max_hp_loss":0,"event_name":"Upgrade Shrine","floor":4,"gold_loss":0,"cards_upgraded":["Dualcast"]}],"is_beta":false,"boss_relics":[{"not_picked":["Calling Bell","Pandora\u0027s Box"],"picked":"Ectoplasm"}],"items_purged_floors":[3,21],"is_endless":false,"potions_floor_spawned":[1,2,6,14,16,19,22],"killed_by":"Slavers","ascension_level":0}