{"gold_per_floor":[117,117,117,117,130,159,159,194,194,223,223,223,52,66,66,140,140,157,175,225,83,93,93,93,93,119,34,34,34],"floor_reached":29,"playtime":638,"items_purged":["Parasite"],"score":575,"play_id":"766f70d7-5109-48ec-9efc-f14f8fb03904","local_time":"20190523035915","is_ascension_mode":true,"campfire_choices":[{"floor":12.0,"key":"REST"},{"data":"Fire Breathing","floor":15.0,"key":"SMITH"},{"floor":23.0,"key":"REST"}],"neow_cost":"NONE","seed_source_timestamp":164971722550596,"circlet_count":0,"master_deck":["AscendersBane","Strike_R","Strike_R","Strike_R","Strike_R","Strike_R","Defend_R","Defend_R","Defend_R","Defend_R","Bash","Shockwave+1","Anger","Corruption","Flex","Fire Breathing+1","Feel No Pain","Pommel Strike","Anger","Offering","Seeing Red","Anger","Anger","Pommel Strike","Flex","Shrug It Off","Anger","Feel No Pain","Shrug It Off","Decay"],"special_seed":0,"relics":["Burning Blood","NeowsBlessing","Blue Candle","Regal Pillow","Kunai","Nunchaku","Orrery","Bronze Scales","Gremlin Horn","Shovel"],"potions_floor_usage":[29,29],"damage_taken":[{"damage":0.0,"enemies":"Cultist","floor":1.0,"turns":1.0},{"damage":0.0,"enemies":"2 Louse","floor":5.0,"turns":1.0},{"damage":0.0,"enemies":"Lagavulin","floor":6.0,"turns":1.0},{"damage":65.0,"enemies":"3 Sentries","floor":8.0,"turns":10.0},{"damage":18.0,"enemies":"Lagavulin","floor":10.0,"turns":6.0},{"damage":7.0,"enemies":"Small Slimes","floor":14.0,"turns":3.0},{"damage":49.0,"enemies":"Slime Boss","floor":16.0,"turns":13.0},{"damage":9.0,"enemies":"Chosen","floor":18.0,"turns":6.0},{"damage":31.0,"enemies":"Spheric Guardian","floor":19.0,"turns":5.0},{"damage":11.0,"enemies":"Centurion and Healer","floor":22.0,"turns":7.0},{"damage":54.0,"enemies":"Slavers","floor":24.0,"turns":3.0},{"damage":32,"enemies":"Snake Plant","floor":29,"turns":3}],"seed_played":"4688114408461927482","potions_obtained":[{"floor":4.0,"key":"Poison Potion"},{"floor":4.0,"key":"SmokeBomb"},{"floor":10.0,"key":"GamblersBrew"},{"floor":14.0,"key":"EntropicBrew"}],"is_trial":false,"path_per_floor":["M","?","?","?","M","E","?","E","T","E","?","R","$","M","R","B",null,"M","M","?","$","M","R","E","?","T","?","T","M"],"character_chosen":"IRONCLAD","items_purchased":["Feel No Pain","Pommel Strike","Anger","Feel No Pain"],"campfire_rested":2,"item_purchase_floors":[13,13,21,21],"current_hp_per_floor":[74,74,74,74,75,75,80,21,21,9,29,68,68,67,67,24,64,61,36,36,36,31,69,21,21,21,21,21,0],"gold":34,"neow_bonus":"THREE_ENEMY_KILL","is_prod":false,"is_daily":false,"chose_seed":false,"campfire_upgraded":1,"win_rate":0,"timestamp":1558601955,"path_taken":["M","?","?","?","?","E","?","E","T","E","?","R","$","M","R","BOSS","M","M","?","$","M","R","E","?","T","?","?","?"],"build_version":"2019-01-23","purchased_purges":1,"victory":false,"max_hp_per_floor":[75,75,75,75,75,75,80,80,80,80,80,80,77,77,77,77,77,77,77,77,77,77,77,77,77,77,77,77,77],"card_choices":[{"not_picked":["Clash","Perfected Strike"],"picked":"Shockwave","floor":1.0},{"not_picked":["Armaments","Bloodletting"],"picked":"Anger","floor":5.0},{"not_picked":["Dropkick","Clash"],"picked":"Corruption","floor":6.0},{"not_picked":["Second Wind","Blood for Blood"],"picked":"Flex","floor":8.0},{"not_picked":["Havoc","Anger"],"picked":"Fire Breathing","floor":10.0},{"not_picked":["Iron Wave","Blood for Blood"],"picked":"Anger","floor":14.0},{"not_picked":["Barricade","Double Tap"],"picked":"Offering","floor":16.0},{"not_picked":["Flex","Body Slam"],"picked":"Seeing Red","floor":17.0},{"not_picked":["Iron Wave","Rampage"],"picked":"Anger","floor":17.0},{"not_picked":["Warcry","Wild Strike"],"picked":"Anger","floor":17.0},{"not_picked":["Searing Blow","Second Wind"],"picked":"Pommel Strike","floor":17.0},{"not_picked":["Searing Blow","Sentinel"],"picked":"Flex","floor":17.0},{"not_picked":["Havoc","Warcry","Flex"],"picked":"SKIP","floor":18.0},{"not_picked":["Brutality","Pommel Strike"],"picked":"Shrug It Off","floor":19.0},{"not_picked":["Flex","Shockwave+1"],"picked":"Shrug It Off","floor":22.0}],"player_experience":449523,"relics_obtained":[{"floor":6.0,"key":"Blue Candle"},{"floor":8.0,"key":"Regal Pillow"},{"floor":9.0,"key":"Kunai"},{"floor":10.0,"key":"Nunchaku"},{"floor":26.0,"key":"Bronze Scales"},{"floor":28.0,"key":"Shovel"}],"event_choices":[{"damage_healed":0.0,"max_hp_gain":0.0,"max_hp_loss":0.0,"gold_gain":0.0,"event_name":"Liars Game","player_choice":"Ignored","floor":2.0,"gold_loss":0.0,"damage_taken":0.0},{"damage_healed":0.0,"max_hp_gain":0.0,"max_hp_loss":0.0,"gold_gain":0.0,"event_name":"Living Wall","player_choice":"Grow","floor":3.0,"gold_loss":0.0,"damage_taken":0.0,"cards_upgraded":["Shockwave"]},{"damage_healed":0.0,"max_hp_gain":0.0,"max_hp_loss":0.0,"gold_gain":0.0,"event_name":"Lab","player_choice":"Got Potions","floor":4.0,"gold_loss":0.0,"damage_taken":0.0},{"damage_healed":0.0,"max_hp_gain":5.0,"max_hp_loss":0.0,"gold_gain":0.0,"event_name":"Big Fish","player_choice":"Donut","floor":7.0,"gold_loss":0.0,"damage_taken":0.0},{"damage_healed":20.0,"max_hp_gain":0.0,"max_hp_loss":0.0,"gold_gain":0.0,"event_name":"Mushrooms","player_choice":"Healed and dodged fight","floor":11.0,"gold_loss":0.0,"damage_taken":0.0,"cards_obtained":["Parasite"]},{"damage_healed":0.0,"max_hp_gain":0.0,"max_hp_loss":0.0,"gold_gain":50.0,"event_name":"Nest","player_choice":"Stole From Cult","floor":20.0,"gold_loss":0.0,"damage_taken":0.0},{"damage_healed":0.0,"max_hp_gain":0.0,"max_hp_loss":0.0,"gold_gain":0.0,"event_name":"Forgotten Altar","player_choice":"Smashed Altar","floor":25.0,"gold_loss":0.0,"damage_taken":0.0,"cards_obtained":["Decay"]},{"damage_healed":0.0,"max_hp_gain":0.0,"max_hp_loss":0.0,"gold_gain":0.0,"event_name":"Addict","player_choice":"Obtained Relic","floor":27.0,"gold_loss":85.0,"damage_taken":0.0,"relics_obtained":["Gremlin Horn"]}],"is_beta":false,"boss_relics":[{"not_picked":["Ectoplasm","Runic Cube"],"picked":"Orrery"}],"items_purged_floors":[13],"is_endless":false,"potions_floor_spawned":[10,14,18,24],"killed_by":"Snake Plant","ascension_level":19}