{"gold_per_floor":[115,133,133,208,228,228,271,290,315,230,271,287,287,306,306,436,436,451,472,472,472],"floor_reached":21,"playtime":885,"items_purged":["Strike_B"],"score":201,"play_id":"f9edb94e-2882-44ff-ab49-ae81b1a1caca","local_time":"20190221031029","is_ascension_mode":true,"campfire_choices":[{"data":"Zap","floor":6,"key":"SMITH"},{"floor":15,"key":"REST"}],"neow_cost":"NONE","seed_source_timestamp":94789455664305,"circlet_count":0,"master_deck":["Strike_B","Strike_B","Defend_B","Defend_B","Defend_B","Defend_B","Zap+1","Dualcast","BootSequence","Conserve Battery","Steam","Capacitor","Go for the Eyes","Hello World","Thunder Strike"],"relics":["Cracked Core","Golden Idol","Bag of Marbles","Smiling Mask","Happy Flower","Philosopher\u0027s Stone"],"potions_floor_usage":[7,11,19,19],"damage_taken":[{"damage":1,"enemies":"Jaw Worm","floor":1,"turns":4},{"damage":0,"enemies":"Cultist","floor":2,"turns":4},{"damage":0,"enemies":"2 Louse","floor":5,"turns":2},{"damage":14,"enemies":"3 Sentries","floor":7,"turns":8},{"damage":0,"enemies":"Exordium Thugs","floor":8,"turns":4},{"damage":19,"enemies":"Lagavulin","floor":11,"turns":9},{"damage":5,"enemies":"Lots of Slimes","floor":12,"turns":5},{"damage":3,"enemies":"2 Fungi Beasts","floor":14,"turns":4},{"damage":12,"enemies":"Hexaghost","floor":16,"turns":15},{"damage":37,"enemies":"Spheric Guardian","floor":18,"turns":6},{"damage":17,"enemies":"Chosen","floor":19,"turns":6},{"damage":28,"enemies":"Snake Plant","floor":21,"turns":4}],"seed_played":"-3502720745718846586","potions_obtained":[{"floor":1,"key":"PowerPotion"},{"floor":2,"key":"Swift Potion"},{"floor":16,"key":"AttackPotion"},{"floor":18,"key":"FocusPotion"}],"is_trial":false,"path_per_floor":["M","M","?","?","M","R","E","M","T","$","E","M","?","M","R","B",null,"M","M","?","M"],"character_chosen":"DEFECT","items_purchased":["Capacitor"],"campfire_rested":1,"item_purchase_floors":[10],"current_hp_per_floor":[81,81,61,53,53,53,39,39,39,39,20,15,15,12,36,24,82,45,28,28,0],"gold":472,"neow_bonus":"TEN_PERCENT_HP_BONUS","is_prod":false,"is_daily":false,"chose_seed":false,"campfire_upgraded":1,"win_rate":0,"timestamp":1550740229,"path_taken":["M","M","?","?","M","R","E","?","T","$","E","M","?","M","R","BOSS","M","M","?","M"],"build_version":"2019-01-23","purchased_purges":1,"victory":false,"max_hp_per_floor":[82,82,82,82,82,82,82,82,82,82,82,82,82,82,82,82,82,82,82,82,82],"card_choices":[{"not_picked":["Scrape","Gash"],"picked":"BootSequence","floor":1},{"not_picked":["Rebound","Undo","Gash"],"picked":"SKIP","floor":2},{"not_picked":["Rebound","Ball Lightning"],"picked":"Conserve Battery","floor":5},{"not_picked":["Reboot","Turbo"],"picked":"Steam","floor":7},{"not_picked":["Turbo","Stack","Recycle"],"picked":"SKIP","floor":8},{"not_picked":["Stack","Multi-Cast","Undo"],"picked":"SKIP","floor":11},{"not_picked":["Sweeping Beam","BootSequence"],"picked":"Go for the Eyes","floor":12},{"not_picked":["Beam Cell","Leap"],"picked":"Hello World","floor":14},{"not_picked":["Reboot","Fission"],"picked":"Thunder Strike","floor":16},{"not_picked":["Doom and Gloom","Streamline","Gash+1"],"picked":"SKIP","floor":18},{"not_picked":["Scrape+1","Melter","Rebound+1"],"picked":"SKIP","floor":19}],"player_experience":74284,"relics_obtained":[{"floor":7,"key":"Bag of Marbles"},{"floor":9,"key":"Smiling Mask"},{"floor":11,"key":"Happy Flower"}],"event_choices":[{"damage_healed":0,"gold_gain":0,"player_choice":"Take Damage","damage_taken":20,"relics_obtained":["Golden Idol"],"max_hp_gain":0,"max_hp_loss":0,"event_name":"Golden Idol","floor":3,"gold_loss":0},{"damage_healed":0,"gold_gain":75,"player_choice":"Touch","damage_taken":8,"max_hp_gain":0,"max_hp_loss":0,"event_name":"FaceTrader","floor":4,"gold_loss":0},{"damage_healed":0,"gold_gain":0,"player_choice":"Ignored","damage_taken":0,"max_hp_gain":0,"max_hp_loss":0,"event_name":"Shining Light","floor":13,"gold_loss":0},{"cards_removed":["Strike_B"],"damage_healed":0,"gold_gain":0,"player_choice":"Purged","damage_taken":0,"max_hp_gain":0,"max_hp_loss":0,"event_name":"Purifier","floor":20,"gold_loss":0}],"is_beta":false,"boss_relics":[{"not_picked":["Busted Crown","Tiny House"],"picked":"Philosopher\u0027s Stone"}],"items_purged_floors":[10],"is_endless":false,"potions_floor_spawned":[1,2,16,18],"killed_by":"Snake Plant","ascension_level":1}