{"gold_per_floor":[112,122,138,19,19,19,38,64,64,92,92,77,104,114,114,212,212,223,223,236,256,256,256,266,266,266,296,306,337,347,362,362,463,463,473,82,95,95,112,112,0,0,0,0,16,32,32,132,132,132],"floor_reached":51,"playtime":2486,"items_purged":["Strike_R"],"score":979,"play_id":"e5ab0004-93ca-4536-b297-a9238646c552","local_time":"20190315020059","is_ascension_mode":true,"campfire_choices":[{"data":"Armaments","floor":6,"key":"SMITH"},{"data":"Warcry","floor":11,"key":"SMITH"},{"data":"Seeing Red","floor":15,"key":"SMITH"},{"data":"Rupture","floor":23,"key":"SMITH"},{"floor":25,"key":"REST"},{"floor":32,"key":"REST"},{"data":"Combust","floor":40,"key":"SMITH"},{"data":"Limit Break","floor":42,"key":"SMITH"},{"floor":47,"key":"REST"},{"data":"True Grit","floor":49,"key":"SMITH"}],"neow_cost":"NONE","seed_source_timestamp":5270527523990,"circlet_count":0,"master_deck":["Strike_R","Strike_R","Strike_R","Defend_R","Defend_R","Defend_R","Defend_R","Bash","Armaments+1","Cleave","Rupture+1","Metallicize","Seeing Red+1","Sentinel","Reaper","Warcry+1","Shrug It Off","Combust+1","Thunderclap","Exhume","Twin Strike","Shrug It Off","Bloodletting","Dropkick","Immolate","Rage","True Grit+1","Limit Break+1","Rupture+1","Parasite","Feel No Pain+1"],"relics":["Burning Blood","Happy Flower","Torii","Gambling Chip","Magic Flower","Self Forming Clay","Runic Pyramid","Art of War","Gremlin Horn","Mercury Hourglass","Philosopher\u0027s Stone","Membership Card","StoneCalendar","Red Mask","Bottled Flame","Thread and Needle"],"potions_floor_usage":[12,19,22,24,31,35,39,39,50],"damage_taken":[{"damage":1,"enemies":"Cultist","floor":1,"turns":4},{"damage":0,"enemies":"Small Slimes","floor":2,"turns":4},{"damage":0,"enemies":"2 Louse","floor":3,"turns":3},{"damage":10,"enemies":"Large Slime","floor":7,"turns":7},{"damage":14,"enemies":"Lagavulin","floor":8,"turns":8},{"damage":24,"enemies":"Gremlin Nob","floor":10,"turns":5},{"damage":1,"enemies":"Exordium Thugs","floor":12,"turns":5},{"damage":24,"enemies":"Lagavulin","floor":13,"turns":12},{"damage":26,"enemies":"Exordium Wildlife","floor":14,"turns":5},{"damage":41,"enemies":"Slime Boss","floor":16,"turns":10},{"damage":39,"enemies":"2 Thieves","floor":18,"turns":4},{"damage":6,"enemies":"Spheric Guardian","floor":20,"turns":5},{"damage":49,"enemies":"3 Cultists","floor":21,"turns":6},{"damage":13,"enemies":"Sentry and Sphere","floor":22,"turns":5},{"damage":37,"enemies":"Snecko","floor":24,"turns":7},{"damage":69,"enemies":"Gremlin Leader","floor":27,"turns":7},{"damage":8,"enemies":"Chosen and Byrds","floor":28,"turns":4},{"damage":33,"enemies":"Slavers","floor":29,"turns":4},{"damage":16,"enemies":"Snake Plant","floor":30,"turns":5},{"damage":2,"enemies":"Sentry and Sphere","floor":31,"turns":3},{"damage":33,"enemies":"Champ","floor":33,"turns":12},{"damage":6,"enemies":"3 Shapes","floor":35,"turns":2},{"damage":11,"enemies":"Orb Walker","floor":37,"turns":3},{"damage":16,"enemies":"4 Shapes","floor":39,"turns":2},{"damage":29,"enemies":"Maw","floor":45,"turns":8},{"damage":61,"enemies":"Writhing Mass","floor":46,"turns":7},{"damage":10,"enemies":"Mind Bloom Boss Battle","floor":48,"turns":7},{"damage":97,"enemies":"Time Eater","floor":50,"turns":10}],"seed_played":"615039196862010294","potions_obtained":[{"floor":2,"key":"GamblersBrew"},{"floor":3,"key":"GamblersBrew"},{"floor":8,"key":"SpeedPotion"},{"floor":10,"key":"SkillPotion"},{"floor":14,"key":"Weak Potion"},{"floor":19,"key":"Fruit Juice"},{"floor":19,"key":"SmokeBomb"},{"floor":30,"key":"SkillPotion"},{"floor":33,"key":"Energy Potion"},{"floor":37,"key":"SneckoOil"},{"floor":46,"key":"Weak Potion"}],"is_trial":false,"path_per_floor":["M","M","M","$","?","R","M","E","T","E","R","M","E","M","R","B",null,"M","?","M","M","M","R","M","R","T","E","M","E","M","M","R","B",null,"M","$","M","?","M","R","?","R","T","$","M","M","R","?","R","B",null],"character_chosen":"IRONCLAD","items_purchased":["Metallicize","Seeing Red","Membership Card","StoneCalendar"],"campfire_rested":3,"item_purchase_floors":[4,4,36,36],"current_hp_per_floor":[77,80,80,80,73,73,69,61,61,49,49,69,63,57,57,43,71,53,58,67,48,44,44,28,53,53,26,27,21,22,29,54,48,76,79,79,83,83,76,76,76,76,76,76,85,48,73,85,85,35],"gold":132,"neow_bonus":"RANDOM_COMMON_RELIC","is_prod":false,"is_daily":false,"chose_seed":false,"campfire_upgraded":7,"win_rate":0,"timestamp":1552633259,"path_taken":["M","M","M","$","?","R","M","E","T","E","R","M","E","M","R","BOSS","M","?","M","?","M","R","M","R","T","E","M","E","M","M","R","BOSS","M","$","M","?","M","R","?","R","T","$","M","M","R","?","R","BOSS"],"build_version":"2019-01-23","purchased_purges":1,"victory":true,"max_hp_per_floor":[80,80,80,80,80,80,80,80,80,80,80,80,80,80,80,80,80,80,85,85,85,85,85,85,85,85,85,85,85,85,85,85,85,85,85,85,85,85,85,85,85,85,85,85,85,85,85,85,85,85],"card_choices":[{"not_picked":["Wild Strike","Flame Barrier"],"picked":"Armaments","floor":1},{"not_picked":["Heavy Blade","Anger"],"picked":"Cleave","floor":2},{"not_picked":["Anger","Flame Barrier"],"picked":"Rupture","floor":3},{"not_picked":["Clash","Perfected Strike"],"picked":"Sentinel","floor":7},{"not_picked":["Sentinel","Uppercut"],"picked":"Reaper","floor":8},{"not_picked":["Anger","Shockwave"],"picked":"Warcry","floor":10},{"not_picked":["Pommel Strike","Combust"],"picked":"Shrug It Off","floor":12},{"not_picked":["Entrench","Flame Barrier"],"picked":"Combust","floor":13},{"not_picked":["Wild Strike","Anger"],"picked":"Thunderclap","floor":14},{"not_picked":["Feed","Reaper"],"picked":"Exhume","floor":16},{"not_picked":["Clash","Headbutt"],"picked":"Twin Strike","floor":18},{"not_picked":["Anger","Headbutt+1"],"picked":"Shrug It Off","floor":20},{"not_picked":["Thunderclap","Havoc"],"picked":"Bloodletting","floor":21},{"not_picked":["Anger","Shrug It Off"],"picked":"Dropkick","floor":24},{"not_picked":["Evolve","Spot Weakness"],"picked":"Immolate","floor":27},{"not_picked":["Pommel Strike","Entrench"],"picked":"Rage","floor":28},{"not_picked":["Iron Wave+1","Entrench","Rampage+1"],"picked":"SKIP","floor":29},{"not_picked":["Pommel Strike","Power Through","Uppercut"],"picked":"SKIP","floor":30},{"not_picked":["Shrug It Off","Flex"],"picked":"True Grit","floor":31},{"not_picked":["Exhume","Bludgeon"],"picked":"Limit Break","floor":33},{"not_picked":["Clash","Clothesline+1","Iron Wave+1"],"picked":"SKIP","floor":35},{"not_picked":["Armaments+1","Anger","Second Wind+1"],"picked":"SKIP","floor":37},{"not_picked":["Body Slam+1","Cleave"],"picked":"Rupture+1","floor":39},{"not_picked":["Cleave","Rage","Body Slam"],"picked":"SKIP","floor":45},{"not_picked":["Evolve+1","Havoc","Uppercut+1"],"picked":"SKIP","floor":46},{"not_picked":["Havoc+1","Twin Strike+1"],"picked":"Feel No Pain+1","floor":48}],"player_experience":213728,"relics_obtained":[{"floor":8,"key":"Torii"},{"floor":9,"key":"Gambling Chip"},{"floor":10,"key":"Magic Flower"},{"floor":13,"key":"Self Forming Clay"},{"floor":26,"key":"Art of War"},{"floor":27,"key":"Gremlin Horn"},{"floor":29,"key":"Mercury Hourglass"},{"floor":43,"key":"Bottled Flame"},{"floor":48,"key":"Thread and Needle"}],"event_choices":[{"cards_removed":["Strike_R"],"damage_healed":0,"gold_gain":0,"player_choice":"Card Removal","damage_taken":7,"max_hp_gain":0,"max_hp_loss":0,"event_name":"Golden Wing","floor":5,"gold_loss":0},{"damage_healed":0,"gold_gain":0,"player_choice":"Got Potions","damage_taken":0,"max_hp_gain":0,"max_hp_loss":0,"event_name":"Lab","floor":19,"gold_loss":0},{"damage_healed":0,"gold_gain":0,"player_choice":"Memory 1","damage_taken":0,"max_hp_gain":0,"max_hp_loss":0,"event_name":"SensoryStone","floor":38,"gold_loss":0},{"damage_healed":0,"gold_gain":0,"player_choice":"Paid","damage_taken":0,"relics_obtained":["Red Mask"],"max_hp_gain":0,"max_hp_loss":0,"event_name":"Tomb of Lord Red Mask","floor":41,"gold_loss":112},{"damage_healed":0,"gold_gain":0,"player_choice":"Fight","damage_taken":0,"max_hp_gain":0,"max_hp_loss":0,"event_name":"MindBloom","floor":48,"gold_loss":0}],"is_beta":false,"boss_relics":[{"not_picked":["Coffee Dripper","White Beast Statue"],"picked":"Runic Pyramid"},{"not_picked":["Orrery","Runic Cube"],"picked":"Philosopher\u0027s Stone"}],"items_purged_floors":[36],"is_endless":false,"potions_floor_spawned":[2,3,8,10,14,18,22,30,33,37,46],"ascension_level":7}