{"gold_per_floor":[115,126,141,141,153,153,165,165,165,165,90,100,115,44,44,148,148,168,168,187,35,46,46,65,0,0,10,10,22,22,22,22,118,118,134,154,29,29],"floor_reached":38,"playtime":2384,"items_purged":["Strike_B","Writhe","Defend_B"],"score":370,"play_id":"00cf64da-ed42-41d0-9ada-7de498d91fff","local_time":"20190516104540","is_ascension_mode":false,"campfire_choices":[{"floor":6.0,"key":"REST"},{"floor":8.0,"key":"REST"},{"data":"Defragment","floor":10.0,"key":"SMITH"},{"floor":15.0,"key":"REST"},{"data":"Coolheaded","floor":23.0,"key":"SMITH"},{"floor":28.0,"key":"REST"},{"floor":32.0,"key":"REST"}],"neow_cost":"NONE","seed_source_timestamp":87872622403045,"circlet_count":0,"master_deck":["Strike_B+1","Strike_B","Strike_B","Defend_B","Defend_B","Defend_B","Zap","Dualcast","Machine Learning","Gash+1","Hologram","Redo","Defragment+1","Skim","Turbo","Glacier","Echo Form","Coolheaded+1","Turbo","Capacitor+1","Steam","Gash","Redo","Gash+1","Hologram+1"],"special_seed":0,"relics":["Cracked Core","Bottled Tornado","Sozu","Letter Opener","Ornamental Fan","MutagenicStrength","Black Star"],"potions_floor_usage":[],"damage_taken":[{"damage":1.0,"enemies":"Jaw Worm","floor":1.0,"turns":3.0},{"damage":3.0,"enemies":"2 Louse","floor":2.0,"turns":3.0},{"damage":11.0,"enemies":"Small Slimes","floor":3.0,"turns":4.0},{"damage":16.0,"enemies":"Blue Slaver","floor":5.0,"turns":4.0},{"damage":27.0,"enemies":"Gremlin Gang","floor":7.0,"turns":5.0},{"damage":2.0,"enemies":"Looter","floor":12.0,"turns":3.0},{"damage":13.0,"enemies":"Exordium Wildlife","floor":13.0,"turns":4.0},{"damage":46.0,"enemies":"Slime Boss","floor":16.0,"turns":11.0},{"damage":16.0,"enemies":"Shell Parasite","floor":18.0,"turns":7.0},{"damage":9.0,"enemies":"3 Byrds","floor":20.0,"turns":5.0},{"damage":9.0,"enemies":"3 Cultists","floor":22.0,"turns":7.0},{"damage":7.0,"enemies":"Shelled Parasite and Fungi","floor":24.0,"turns":8.0},{"damage":9.0,"enemies":"Snake Plant","floor":27.0,"turns":6.0},{"damage":0.0,"enemies":"Snecko","floor":29.0,"turns":5.0},{"damage":8.0,"enemies":"Champ","floor":33.0,"turns":13.0},{"damage":28.0,"enemies":"3 Darklings","floor":35.0,"turns":7.0},{"damage":19.0,"enemies":"Orb Walker","floor":36.0,"turns":5.0},{"damage":36,"enemies":"Jaw Worm Horde","floor":38,"turns":4}],"seed_played":"-8080932326045331233","potions_obtained":[{"floor":3.0,"key":"Poison Potion"},{"floor":13.0,"key":"Dexterity Potion"}],"is_trial":false,"path_per_floor":["M","M","M","?","M","R","M","R","T","R","$","M","M","$","R","B",null,"M","?","M","$","M","R","M","?","T","M","R","M","?","$","R","B",null,"M","M","$","M"],"character_chosen":"DEFECT","items_purchased":["Glacier","Turbo"],"campfire_rested":5,"item_purchase_floors":[14,21],"current_hp_per_floor":[74,71,60,45,29,51,24,46,46,46,46,44,31,31,53,7,75,59,59,50,50,41,41,34,34,34,25,47,47,47,47,69,61,75,47,28,28,0],"gold":29,"neow_bonus":"ONE_RANDOM_RARE_CARD","is_prod":false,"is_daily":false,"chose_seed":false,"campfire_upgraded":2,"win_rate":0,"timestamp":1558028740,"path_taken":["M","M","M","?","M","R","M","R","T","R","$","M","M","$","R","BOSS","M","?","M","$","M","R","M","?","T","M","R","M","?","?","R","BOSS","M","?","$","M"],"build_version":"2019-01-23","purchased_purges":3,"victory":false,"max_hp_per_floor":[75,75,75,75,75,75,75,75,75,75,75,75,75,75,75,75,75,75,75,75,75,75,75,75,75,75,75,75,75,75,75,75,75,75,75,75,75,75],"card_choices":[{"not_picked":["Rebound","Steam"],"picked":"Gash","floor":1.0},{"not_picked":["Storm","Beam Cell","Stack"],"picked":"SKIP","floor":2.0},{"not_picked":["Ball Lightning","Compile Driver"],"picked":"Hologram","floor":3.0},{"not_picked":["Streamline","Amplify"],"picked":"Redo","floor":5.0},{"not_picked":["Streamline","Redo"],"picked":"Defragment","floor":7.0},{"not_picked":["Hologram","Steam Power"],"picked":"Skim","floor":12.0},{"not_picked":["Barrage","Defragment"],"picked":"Turbo","floor":13.0},{"not_picked":["Creative AI","Machine Learning"],"picked":"Echo Form","floor":16.0},{"not_picked":["Hello World","Streamline"],"picked":"Coolheaded","floor":18.0},{"not_picked":["Darkness","Rebound","Steam"],"picked":"SKIP","floor":20.0},{"not_picked":["Sweeping Beam","Streamline"],"picked":"Capacitor+1","floor":22.0},{"not_picked":["Stack","Biased Cognition"],"picked":"Steam","floor":24.0},{"not_picked":["Rebound+1","Cold Snap"],"picked":"Gash","floor":27.0},{"not_picked":["Leap","Sweeping Beam"],"picked":"Redo","floor":29.0},{"not_picked":["Compile Driver+1","Fusion+1"],"picked":"Gash+1","floor":35.0},{"not_picked":["Rebound+1","Leap"],"picked":"Hologram+1","floor":36}],"player_experience":66283,"relics_obtained":[{"floor":9.0,"key":"Bottled Tornado"},{"floor":26.0,"key":"Ornamental Fan"}],"event_choices":[{"damage_healed":0.0,"max_hp_gain":0.0,"max_hp_loss":0.0,"gold_gain":0.0,"event_name":"Shining Light","player_choice":"Entered Light","floor":4.0,"gold_loss":0.0,"damage_taken":15.0,"cards_upgraded":["Strike_B","Gash"]},{"damage_healed":0.0,"max_hp_gain":0.0,"max_hp_loss":0.0,"gold_gain":0.0,"event_name":"The Mausoleum","player_choice":"Opened","floor":19.0,"gold_loss":0.0,"damage_taken":0.0,"relics_obtained":["Letter Opener"],"cards_obtained":["Writhe"]},{"damage_healed":0.0,"max_hp_gain":0.0,"max_hp_loss":0.0,"gold_gain":0.0,"event_name":"Masked Bandits","player_choice":"Paid Fearfully","floor":25.0,"gold_loss":65.0,"damage_taken":0.0},{"damage_healed":0.0,"max_hp_gain":0.0,"max_hp_loss":0.0,"gold_gain":0.0,"event_name":"Drug Dealer","player_choice":"Inject Mutagens","floor":30.0,"gold_loss":0.0,"damage_taken":0.0,"relics_obtained":["MutagenicStrength"]}],"is_beta":false,"boss_relics":[{"not_picked":["White Beast Statue","Fusion Hammer"],"picked":"Sozu"},{"not_picked":["Astrolabe","Philosopher\u0027s Stone"],"picked":"Black Star"}],"items_purged_floors":[11,21,37],"is_endless":false,"potions_floor_spawned":[3,13,22,27,29,33,36],"killed_by":"Jaw Worm Horde","ascension_level":0}