{"gold_per_floor":[113,133,143,155,173,173,203,203,203,203,57,92,92,108,108,213,213,232,232,172,97,109,135,135,150,150,150,161,171,182,12,12,109,109,123,134,146,21,40,69,69,83,106,124,136,136,153,173,173,173],"floor_reached":51,"playtime":4954,"items_purged":["Defend_B","Defend_B","Steam"],"score":692,"play_id":"a361554f-78b5-4d3c-9a38-feca0c736646","local_time":"20190515215513","is_ascension_mode":false,"campfire_choices":[{"data":"Coolheaded","floor":6,"key":"SMITH"},{"data":"Coolheaded","floor":8,"key":"SMITH"},{"data":"Strike_B","floor":13,"key":"PURGE"},{"data":"Dualcast","floor":15,"key":"SMITH"},{"floor":24,"key":"REST"},{"data":"Strike_B","floor":27,"key":"PURGE"},{"floor":32,"key":"REST"},{"floor":41,"key":"REST"},{"floor":49,"key":"REST"}],"neow_cost":"NONE","seed_source_timestamp":76430582464045,"circlet_count":0,"master_deck":["Strike_B","Strike_B","Defend_B","Zap","Dualcast+1","Conserve Battery+1","Beam Cell","Coolheaded+1","Coolheaded+1","Redo","Streamline","Machine Learning","Cold Snap+1","Turbo","Reboot+1","Consume","Capacitor+1","Undo+1","Blizzard","Defragment+1","Blizzard","Cold Snap","Glacier+1","Blizzard+1","Hologram+1","BootSequence+1","Coolheaded","Chill+1"],"relics":["Cracked Core","Strawberry","Mummified Hand","FossilizedHelix","Bronze Scales","Peace Pipe","Black Star","Thread and Needle","Pen Nib","Lantern","Eternal Feather","Question Card","Darkstone Periapt","War Paint"],"potions_floor_usage":[40],"damage_taken":[{"damage":1,"enemies":"2 Louse","floor":1,"turns":2},{"damage":0,"enemies":"Jaw Worm","floor":2,"turns":3},{"damage":0,"enemies":"Cultist","floor":3,"turns":3},{"damage":10,"enemies":"Lots of Slimes","floor":4,"turns":5},{"damage":5,"enemies":"Looter","floor":5,"turns":4},{"damage":15,"enemies":"Lagavulin","floor":7,"turns":10},{"damage":0,"enemies":"Gremlin Nob","floor":12,"turns":4},{"damage":0,"enemies":"Large Slime","floor":14,"turns":6},{"damage":21,"enemies":"The Guardian","floor":16,"turns":12},{"damage":2,"enemies":"3 Byrds","floor":18,"turns":3},{"damage":6,"enemies":"Shell Parasite","floor":22,"turns":5},{"damage":27,"enemies":"Book of Stabbing","floor":23,"turns":7},{"damage":0,"enemies":"Centurion and Healer","floor":25,"turns":6},{"damage":32,"enemies":"Cultist and Chosen","floor":28,"turns":9},{"damage":0,"enemies":"Shelled Parasite and Fungi","floor":29,"turns":5},{"damage":0,"enemies":"Snecko","floor":30,"turns":6},{"damage":9,"enemies":"Collector","floor":33,"turns":17},{"damage":7,"enemies":"Orb Walker","floor":35,"turns":4},{"damage":7,"enemies":"3 Shapes","floor":36,"turns":5},{"damage":14,"enemies":"3 Darklings","floor":37,"turns":6},{"damage":31,"enemies":"Transient","floor":39,"turns":5},{"damage":20,"enemies":"Giant Head","floor":40,"turns":12},{"damage":14,"enemies":"Maw","floor":42,"turns":11},{"damage":0,"enemies":"3 Darklings","floor":44,"turns":5},{"damage":0,"enemies":"Sphere and 2 Shapes","floor":45,"turns":5},{"damage":0,"enemies":"Maw","floor":47,"turns":10},{"damage":0,"enemies":"Spire Growth","floor":48,"turns":6},{"damage":7,"enemies":"Donu and Deca","floor":50,"turns":11}],"seed_played":"8088025496807067765","potions_obtained":[{"floor":1,"key":"Explosive Potion"},{"floor":12,"key":"Strength Potion"},{"floor":14,"key":"Energy Potion"},{"floor":42,"key":"Ancient Potion"}],"is_trial":false,"path_per_floor":["M","M","M","M","M","R","E","R","T","?","$","E","R","M","R","B",null,"M","?","?","$","M","E","R","M","T","R","M","M","M","$","R","B",null,"M","M","M","$","M","E","R","M","T","M","M","?","M","M","R","B",null],"character_chosen":"DEFECT","items_purchased":["Bronze Scales","Blizzard"],"campfire_rested":4,"item_purchase_floors":[11,31],"current_hp_per_floor":[81,81,81,71,66,66,51,51,51,78,78,78,78,78,78,57,82,80,80,80,80,74,47,71,71,71,71,39,39,39,39,63,54,82,75,68,54,54,23,3,39,25,25,25,25,25,25,25,64,57],"gold":173,"neow_bonus":"RANDOM_COMMON_RELIC","is_prod":false,"is_daily":false,"chose_seed":false,"campfire_upgraded":3,"win_rate":0.0,"timestamp":1557982513,"path_taken":["M","M","M","M","M","R","E","R","T","?","$","E","R","M","R","BOSS","M","?","?","$","M","E","R","M","T","R","M","?","?","$","R","BOSS","M","M","M","$","M","E","R","M","T","M","M","?","M","M","R","BOSS"],"build_version":"2019-01-23","purchased_purges":3,"victory":true,"max_hp_per_floor":[82,82,82,82,82,82,82,82,82,82,82,82,82,82,82,82,82,82,82,82,82,82,82,82,82,82,82,82,82,82,82,82,82,82,82,82,82,82,82,82,82,82,82,82,82,82,82,82,82,82],"card_choices":[{"not_picked":["Consume","Cold Snap"],"picked":"Conserve Battery","floor":1},{"not_picked":["Rebound","Hologram"],"picked":"Beam Cell","floor":2},{"not_picked":["Force Field","Heatsinks"],"picked":"Steam","floor":3},{"not_picked":["Blizzard","Leap"],"picked":"Coolheaded","floor":4},{"not_picked":["Go for the Eyes","Tempest"],"picked":"Coolheaded","floor":5},{"not_picked":["Sweeping Beam","Gash"],"picked":"Redo","floor":7},{"not_picked":["Tempest","Coolheaded","Hologram"],"picked":"SKIP","floor":12},{"not_picked":["Rebound","Steam"],"picked":"Streamline","floor":14},{"not_picked":["Biased Cognition","Meteor Strike"],"picked":"Machine Learning","floor":16},{"not_picked":["Hologram+1","Go for the Eyes"],"picked":"Cold Snap+1","floor":18},{"not_picked":["Hello World","Fusion"],"picked":"Turbo","floor":22},{"not_picked":["Tempest","Capacitor"],"picked":"Reboot","floor":23},{"not_picked":["Conserve Battery","Go for the Eyes+1"],"picked":"Consume","floor":25},{"not_picked":["Leap","Go for the Eyes"],"picked":"Capacitor+1","floor":28},{"not_picked":["Static Discharge","Beam Cell"],"picked":"Undo+1","floor":29},{"not_picked":["Compile Driver+1","Sweeping Beam+1","Aggregate+1"],"picked":"SKIP","floor":30},{"not_picked":["Amplify","Rainbow"],"picked":"Multi-Cast","floor":33},{"not_picked":["Compile Driver","Rebound+1"],"picked":"Defragment+1","floor":35},{"not_picked":["Defragment+1","Compile Driver+1"],"picked":"Blizzard","floor":36},{"not_picked":["Hello World","Stack+1","Gash+1"],"picked":"SKIP","floor":37},{"not_picked":["Leap+1","Ball Lightning+1"],"picked":"Cold Snap","floor":39},{"not_picked":["Auto Shields","Self Repair"],"picked":"Glacier+1","floor":40},{"not_picked":["Rebound","Barrage","Stack+1"],"picked":"Blizzard+1","floor":42},{"not_picked":["Conserve Battery","Stack+1","Steam+1"],"picked":"Hologram+1","floor":44},{"not_picked":["White Noise","Electrodynamics","Go for the Eyes"],"picked":"BootSequence+1","floor":45},{"not_picked":["Double Energy+1","Gash","Stack+1"],"picked":"Coolheaded","floor":47},{"not_picked":["Genetic Algorithm+1","Go for the Eyes","Steam Power+1"],"picked":"Chill+1","floor":48}],"player_experience":55476,"relics_obtained":[{"floor":7,"key":"Mummified Hand"},{"floor":9,"key":"FossilizedHelix"},{"floor":12,"key":"Peace Pipe"},{"floor":23,"key":"Thread and Needle"},{"floor":23,"key":"Pen Nib"},{"floor":26,"key":"Lantern"},{"floor":40,"key":"Question Card"},{"floor":40,"key":"Darkstone Periapt"},{"floor":43,"key":"War Paint"}],"event_choices":[{"damage_healed":27,"gold_gain":0,"player_choice":"Banana","damage_taken":0,"max_hp_gain":0,"max_hp_loss":0,"event_name":"Big Fish","floor":10,"gold_loss":0},{"damage_healed":0,"gold_gain":0,"player_choice":"Ignored","damage_taken":0,"max_hp_gain":0,"max_hp_loss":0,"event_name":"Ghosts","floor":19,"gold_loss":0},{"cards_removed":["Defend_B"],"damage_healed":0,"gold_gain":0,"player_choice":"Single Remove","damage_taken":0,"max_hp_gain":0,"max_hp_loss":0,"event_name":"Designer","floor":20,"gold_loss":60},{"cards_removed":["Multi-Cast"],"damage_healed":0,"gold_gain":0,"player_choice":"Removed Skill","damage_taken":0,"max_hp_gain":0,"max_hp_loss":0,"event_name":"Falling","floor":46,"gold_loss":0}],"is_beta":false,"boss_relics":[{"not_picked":["Lizard Tail","Velvet Choker"],"picked":"Black Star"},{"not_picked":["Sozu","Fusion Hammer"],"picked":"Eternal Feather"}],"items_purged_floors":[21,31,38],"is_endless":false,"potions_floor_spawned":[1,12,14,16,22,23,25,36,39,42,48],"ascension_level":0}