{"gold_per_floor":[115,126,126,106,118,118,149,61,61,72,88,88,104,118,118,196,196,207,207,218,38,38],"floor_reached":22,"playtime":895,"items_purged":[],"score":348,"play_id":"283689fe-e8c8-4e1f-af1e-c2ec2625883c","local_time":"20190513020441","is_ascension_mode":true,"campfire_choices":[{"data":"Adrenaline","floor":6.0,"key":"SMITH"},{"data":"Deadly Poison","floor":12.0,"key":"SMITH"},{"data":"Well Laid Plans","floor":15.0,"key":"SMITH"}],"neow_cost":"NONE","seed_source_timestamp":1333263896549144,"circlet_count":0,"master_deck":["AscendersBane","Defend_G","Defend_G","Defend_G","Defend_G","Defend_G","Strike_G","Strike_G","Strike_G","Strike_G","Strike_G","Survivor","Neutralize","Adrenaline+1","Slice","Dagger Spray+1","Cloak And Dagger","Well Laid Plans+1","Deadly Poison+1","Footwork","Night Terror","Leg Sweep","Deadly Poison","Malaise","Dodge and Roll"],"special_seed":0,"relics":["Ring of the Snake","Bag of Preparation","Letter Opener","Snecko Eye"],"potions_floor_usage":[22],"damage_taken":[{"damage":0.0,"enemies":"Jaw Worm","floor":1.0,"turns":6.0},{"damage":1.0,"enemies":"Small Slimes","floor":2.0,"turns":4.0},{"damage":0.0,"enemies":"Cultist","floor":5.0,"turns":3.0},{"damage":20.0,"enemies":"Gremlin Nob","floor":7.0,"turns":5.0},{"damage":0.0,"enemies":"Looter","floor":10.0,"turns":3.0},{"damage":0.0,"enemies":"3 Louse","floor":11.0,"turns":2.0},{"damage":0.0,"enemies":"2 Fungi Beasts","floor":13.0,"turns":3.0},{"damage":0.0,"enemies":"Blue Slaver","floor":14.0,"turns":3.0},{"damage":18.0,"enemies":"The Guardian","floor":16.0,"turns":12.0},{"damage":17.0,"enemies":"Chosen","floor":18.0,"turns":6.0},{"damage":16.0,"enemies":"Spheric Guardian","floor":20.0,"turns":11.0},{"damage":59,"enemies":"Chosen and Byrds","floor":22,"turns":11}],"seed_played":"-3650284536209120629","potions_obtained":[{"floor":1.0,"key":"Weak Potion"},{"floor":4.0,"key":"Block Potion"},{"floor":5.0,"key":"Energy Potion"},{"floor":13.0,"key":"PowerPotion"},{"floor":16.0,"key":"SteroidPotion"},{"floor":20.0,"key":"Regen Potion"}],"is_trial":false,"path_per_floor":["M","M","?","?","M","R","E","$","T","M","M","R","M","M","R","B",null,"M","?","M","$","M"],"character_chosen":"THE_SILENT","items_purchased":["Well Laid Plans","Malaise","Dodge and Roll"],"campfire_rested":0,"item_purchase_floors":[8,21,21],"current_hp_per_floor":[59,58,58,58,58,58,38,38,38,38,38,38,38,38,38,20,55,38,51,35,35,0],"gold":38,"neow_bonus":"ONE_RANDOM_RARE_CARD","is_prod":false,"is_daily":false,"chose_seed":false,"campfire_upgraded":3,"win_rate":0,"timestamp":1557731081,"path_taken":["M","M","?","?","?","R","E","$","T","M","M","R","M","M","R","BOSS","M","?","M","$","M"],"build_version":"2019-01-23","purchased_purges":0,"victory":false,"max_hp_per_floor":[66,66,66,66,66,66,66,66,66,66,66,66,66,66,66,66,66,66,66,66,66,66],"card_choices":[{"not_picked":["Heel Hook","Outmaneuver"],"picked":"Slice","floor":1.0},{"not_picked":["Eviscerate","Infinite Blades"],"picked":"Dagger Spray","floor":2.0},{"not_picked":["Underhanded Strike","Dagger Spray"],"picked":"Cloak And Dagger","floor":5.0},{"not_picked":["Flying Knee","Bane","Dagger Spray"],"picked":"SKIP","floor":7.0},{"not_picked":["Eviscerate","Endless Agony","Grand Finale"],"picked":"SKIP","floor":10.0},{"not_picked":["Concentrate","Riddle With Holes"],"picked":"Deadly Poison","floor":11.0},{"not_picked":["Endless Agony","Cloak And Dagger"],"picked":"Footwork","floor":13.0},{"not_picked":["Terror","Bane","Reflex"],"picked":"SKIP","floor":14.0},{"not_picked":["Venomology","Unload"],"picked":"Night Terror","floor":16.0},{"not_picked":["Dagger Spray","Blur"],"picked":"Leg Sweep","floor":18.0},{"not_picked":["Eviscerate","Backflip"],"picked":"Deadly Poison","floor":20.0}],"player_experience":416737,"relics_obtained":[{"floor":7.0,"key":"Bag of Preparation"},{"floor":9.0,"key":"Letter Opener"}],"event_choices":[{"damage_healed":0.0,"max_hp_gain":0.0,"max_hp_loss":0.0,"gold_gain":0.0,"event_name":"Living Wall","player_choice":"Grow","floor":3.0,"gold_loss":0.0,"damage_taken":0.0,"cards_upgraded":["Dagger Spray"]},{"damage_healed":0.0,"max_hp_gain":0.0,"max_hp_loss":0.0,"gold_gain":0.0,"event_name":"The Woman in Blue","player_choice":"Bought 1 Potion","floor":4.0,"gold_loss":0.0,"damage_taken":0.0},{"damage_healed":13.0,"max_hp_gain":0.0,"max_hp_loss":0.0,"gold_gain":0.0,"event_name":"The Library","player_choice":"Heal","floor":19.0,"gold_loss":0.0,"damage_taken":0.0}],"is_beta":false,"boss_relics":[{"not_picked":["Lizard Tail","White Beast Statue"],"picked":"Snecko Eye"}],"items_purged_floors":[],"is_endless":false,"potions_floor_spawned":[1,5,13,16,20],"killed_by":"Chosen and Byrds","ascension_level":17}