{"gold_per_floor":[111,36,86,99,174,207,55,55,111,124,40,73,73,91,91,164,164,177,127,29,43,43],"floor_reached":22,"playtime":484,"items_purged":["Normality","Strike_B"],"score":384,"play_id":"d903a13d-91d3-44b6-843c-8da467c52465","local_time":"20190524025854","is_ascension_mode":true,"campfire_choices":[{"data":"Sunder","floor":8.0,"key":"SMITH"},{"floor":13.0,"key":"REST"},{"data":"Loop","floor":15.0,"key":"SMITH"}],"neow_cost":"CURSE","seed_source_timestamp":247841681612011,"circlet_count":0,"master_deck":["AscendersBane","Strike_B","Strike_B","Strike_B","Defend_B","Defend_B","Defend_B","Defend_B","Zap","Dualcast","Sunder+1","Sweeping Beam","Hologram","Ball Lightning","Loop+1","Self Repair+1","Echo Form","Electrodynamics","Capacitor","Conserve Battery"],"special_seed":0,"relics":["Cracked Core","Emotion Chip","Bag of Marbles","Tiny Chest","Boot","Busted Crown"],"potions_floor_usage":[22],"damage_taken":[{"damage":4.0,"enemies":"Jaw Worm","floor":1.0,"turns":3.0},{"damage":1.0,"enemies":"Cultist","floor":4.0,"turns":3.0},{"damage":20.0,"enemies":"Lagavulin","floor":6.0,"turns":7.0},{"damage":0.0,"enemies":"Small Slimes","floor":10.0,"turns":1.0},{"damage":19.0,"enemies":"3 Sentries","floor":12.0,"turns":5.0},{"damage":10.0,"enemies":"Exordium Wildlife","floor":14.0,"turns":4.0},{"damage":11.0,"enemies":"Slime Boss","floor":16.0,"turns":6.0},{"damage":25.0,"enemies":"Shell Parasite","floor":18.0,"turns":4.0},{"damage":10.0,"enemies":"Chosen","floor":21.0,"turns":4.0},{"damage":44,"enemies":"Shelled Parasite and Fungi","floor":22,"turns":4}],"seed_played":"1453262162732694688","potions_obtained":[{"floor":6.0,"key":"Block Potion"},{"floor":10.0,"key":"Weak Potion"},{"floor":18.0,"key":"SpeedPotion"}],"is_trial":false,"path_per_floor":["M","$","?","M","?","E","$","R","T","M","$","E","R","M","R","B",null,"M","?","$","M","M"],"character_chosen":"DEFECT","items_purchased":["Ball Lightning","Self Repair","Capacitor","Conserve Battery"],"campfire_rested":1,"item_purchase_floors":[7,11,20,20],"current_hp_per_floor":[60,60,53,52,41,21,21,21,21,21,21,9,30,27,27,16,57,32,32,32,32,0],"gold":43,"neow_bonus":"ONE_RARE_RELIC","is_prod":false,"is_daily":false,"chose_seed":false,"campfire_upgraded":2,"win_rate":0,"timestamp":1558684734,"path_taken":["M","$","?","?","?","E","?","R","T","?","$","E","R","M","R","BOSS","M","?","$","M","M"],"build_version":"2019-01-23","purchased_purges":2,"victory":false,"max_hp_per_floor":[71,71,71,71,71,71,71,71,71,71,71,71,71,71,71,71,71,71,71,71,71,71],"card_choices":[{"not_picked":["Compile Driver","Conserve Battery"],"picked":"Sunder","floor":1.0},{"not_picked":["Blizzard","Barrage"],"picked":"Sweeping Beam","floor":4.0},{"not_picked":["Melter","Gash"],"picked":"Hologram","floor":6.0},{"not_picked":["Auto Shields","Fusion"],"picked":"Loop","floor":10.0},{"not_picked":["Streamline","Aggregate"],"picked":"Echo Form","floor":12.0},{"not_picked":["Beam Cell","FTL","Redo"],"picked":"SKIP","floor":14.0},{"not_picked":["Meteor Strike","Hyperbeam"],"picked":"Electrodynamics","floor":16.0},{"not_picked":["Beam Cell"],"picked":"SKIP","floor":18.0},{"not_picked":["Gash"],"picked":"SKIP","floor":21.0}],"player_experience":458654,"relics_obtained":[{"floor":6.0,"key":"Bag of Marbles"},{"floor":9.0,"key":"Tiny Chest"},{"floor":12.0,"key":"Boot"}],"event_choices":[{"damage_healed":0.0,"max_hp_gain":0.0,"max_hp_loss":0.0,"gold_gain":50.0,"event_name":"FaceTrader","player_choice":"Touch","floor":3.0,"gold_loss":0.0,"damage_taken":7.0},{"damage_healed":0.0,"max_hp_gain":0.0,"max_hp_loss":0.0,"gold_gain":75.0,"event_name":"World of Goop","player_choice":"Gather Gold","floor":5.0,"gold_loss":0.0,"damage_taken":11.0},{"damage_healed":0.0,"max_hp_gain":0.0,"max_hp_loss":0.0,"gold_gain":0.0,"event_name":"Designer","player_choice":"Upgrade","floor":19.0,"gold_loss":50.0,"damage_taken":0.0,"cards_upgraded":["Self Repair"]}],"is_beta":false,"boss_relics":[{"not_picked":["Runic Pyramid","Calling Bell"],"picked":"Busted Crown"}],"items_purged_floors":[2,7],"is_endless":false,"potions_floor_spawned":[6,10,18],"killed_by":"Shelled Parasite and Fungi","ascension_level":20}