{"gold_per_floor":[110,185,185,110,122,122,149,203,230,247,247,265,265,285,285,285],"floor_reached":16,"playtime":876,"items_purged":["Defend_G"],"score":125,"play_id":"099a5977-1461-4c53-a971-6ed88662e86a","local_time":"20190515203204","is_ascension_mode":false,"campfire_choices":[{"data":"Well Laid Plans","floor":6,"key":"SMITH"},{"floor":11,"key":"REST"},{"floor":15,"key":"REST"}],"neow_cost":"NONE","seed_source_timestamp":75539800825826,"circlet_count":0,"master_deck":["Defend_G","Defend_G","Defend_G","Defend_G","Strike_G","Strike_G","Strike_G","Strike_G","Strike_G","Survivor","Neutralize","Well Laid Plans+1","Blade Dance+1","Blade Dance","Acrobatics","PiercingWail"],"relics":["Ring of the Snake","NeowsBlessing","Omamori","Bag of Marbles","Bag of Preparation","Pen Nib"],"potions_floor_usage":[],"damage_taken":[{"damage":0,"enemies":"Small Slimes","floor":1,"turns":1},{"damage":0,"enemies":"2 Louse","floor":5,"turns":1},{"damage":0,"enemies":"Gremlin Nob","floor":7,"turns":1},{"damage":0,"enemies":"Jaw Worm","floor":10,"turns":2},{"damage":11,"enemies":"Large Slime","floor":12,"turns":10},{"damage":0,"enemies":"3 Louse","floor":14,"turns":3},{"damage":0,"enemies":"Slime Boss","floor":16,"turns":1}],"seed_played":"4586513260967171466","potions_obtained":[{"floor":5,"key":"SpeedPotion"},{"floor":7,"key":"Block Potion"},{"floor":12,"key":"EntropicBrew"}],"is_trial":false,"path_per_floor":["M","?","?","$","M","R","E","T","T","M","R","M","?","M","R","B"],"character_chosen":"THE_SILENT","items_purchased":[],"campfire_rested":2,"item_purchase_floors":[],"current_hp_per_floor":[70,59,47,47,47,47,47,47,47,47,68,57,57,57,70,70],"gold":285,"neow_bonus":"THREE_ENEMY_KILL","is_prod":false,"is_daily":false,"chose_seed":false,"campfire_upgraded":1,"win_rate":0.0,"timestamp":1557977524,"path_taken":["M","?","?","$","M","R","E","?","T","M","R","M","?","M","R","BOSS"],"build_version":"2019-01-23","purchased_purges":1,"victory":false,"max_hp_per_floor":[70,70,70,70,70,70,70,70,70,70,70,70,70,70,70,70],"card_choices":[{"not_picked":["Dodge and Roll","Dash"],"picked":"Well Laid Plans","floor":1},{"not_picked":["Finisher","Deflect"],"picked":"Blade Dance","floor":5},{"not_picked":["Underhanded Strike","Poisoned Stab"],"picked":"Blade Dance","floor":7},{"not_picked":["Sucker Punch","Calculated Gamble"],"picked":"Acrobatics","floor":10},{"not_picked":["Quick Slash","Dagger Throw"],"picked":"PiercingWail","floor":12},{"not_picked":["Bane","Underhanded Strike","Unload"],"picked":"SKIP","floor":14}],"player_experience":54600,"relics_obtained":[{"floor":7,"key":"Bag of Marbles"},{"floor":8,"key":"Bag of Preparation"},{"floor":9,"key":"Pen Nib"}],"event_choices":[{"damage_healed":0,"gold_gain":75,"player_choice":"Gather Gold","damage_taken":11,"max_hp_gain":0,"max_hp_loss":0,"event_name":"World of Goop","floor":2,"gold_loss":0},{"damage_healed":0,"gold_gain":0,"player_choice":"Success","damage_taken":12,"relics_obtained":["Omamori"],"max_hp_gain":0,"max_hp_loss":0,"event_name":"Scrap Ooze","floor":3,"gold_loss":0},{"damage_healed":0,"gold_gain":0,"player_choice":"Grow","damage_taken":0,"max_hp_gain":0,"max_hp_loss":0,"event_name":"Living Wall","floor":13,"gold_loss":0,"cards_upgraded":["Blade Dance"]}],"is_beta":false,"boss_relics":[],"items_purged_floors":[4],"is_endless":false,"potions_floor_spawned":[5,7,12],"killed_by":"Slime Boss","ascension_level":0}