{"gold_per_floor":[115,115,130,155,155,186,361,361,361,375,409,409,432,457,457,586,586,609,186,186,197,215,247,247,293,316,332,349,361,389,405,405,502,502,518,57,71,171,189,189,221,221,221,251,251,0,18,18,18,18],"floor_reached":51,"playtime":4906,"items_purged":["Defend_G","Well Laid Plans+1"],"score":884,"play_id":"187413c5-2735-4671-8de7-d2e179a86148","local_time":"20190213185912","is_ascension_mode":false,"campfire_choices":[{"data":"Noxious Fumes","floor":8,"key":"SMITH"},{"data":"Neutralize","floor":12,"key":"SMITH"},{"floor":15,"key":"REST"},{"data":"Well Laid Plans","floor":24,"key":"SMITH"},{"floor":32,"key":"REST"},{"data":"Backstab","floor":40,"key":"SMITH"},{"data":"Deflect","floor":42,"key":"SMITH"},{"floor":45,"key":"DIG"},{"floor":49,"key":"DIG"}],"neow_cost":"NONE","seed_source_timestamp":11638130100832,"circlet_count":0,"master_deck":["Defend_G","Defend_G","Defend_G","Defend_G","Strike_G","Strike_G","Survivor","Neutralize+1","Infinite Blades","Noxious Fumes+1","Deflect+1","PiercingWail","Blur","Adrenaline+1","Backstab+1","Terror+1","Terror+1","Bouncing Flask+1","Poisoned Stab","Deflect+1","Backflip+1","Dagger Spray+1","Bouncing Flask+1","Bouncing Flask+1","Corpse Explosion+1","Slice","Prepared+1","Backstab+1","Bane+1","Backflip+1"],"relics":["Ring of the Snake","NeowsBlessing","Bloody Idol","FossilizedHelix","Singing Bowl","Toxic Egg 2","Empty Cage","Strange Spoon","Shuriken","Oddly Smooth Stone","Anchor","Meat on the Bone","Runic Pyramid","Gambling Chip","Ice Cream","Strawberry","Paper Crane","Shovel","Vajra","Red Mask","Bottled Tornado"],"potions_floor_usage":[11,18,18,23,30,33,44,50,50],"damage_taken":[{"damage":0,"enemies":"Jaw Worm","floor":1,"turns":1},{"damage":0,"enemies":"Cultist","floor":3,"turns":1},{"damage":0,"enemies":"2 Louse","floor":4,"turns":1},{"damage":11,"enemies":"Lagavulin","floor":6,"turns":9},{"damage":9,"enemies":"Exordium Thugs","floor":10,"turns":6},{"damage":3,"enemies":"3 Sentries","floor":11,"turns":8},{"damage":0,"enemies":"Large Slime","floor":13,"turns":6},{"damage":0,"enemies":"Blue Slaver","floor":14,"turns":5},{"damage":16,"enemies":"The Guardian","floor":16,"turns":13},{"damage":0,"enemies":"3 Byrds","floor":18,"turns":4},{"damage":3,"enemies":"Shell Parasite","floor":21,"turns":6},{"damage":14,"enemies":"Snake Plant","floor":22,"turns":4},{"damage":34,"enemies":"Book of Stabbing","floor":23,"turns":6},{"damage":2,"enemies":"Centurion and Healer","floor":27,"turns":8},{"damage":4,"enemies":"Sentry and Sphere","floor":28,"turns":4},{"damage":0,"enemies":"Chosen and Byrds","floor":29,"turns":6},{"damage":22,"enemies":"Gremlin Leader","floor":30,"turns":8},{"damage":12,"enemies":"3 Cultists","floor":31,"turns":5},{"damage":0,"enemies":"Automaton","floor":33,"turns":8},{"damage":0,"enemies":"Orb Walker","floor":35,"turns":3},{"damage":0,"enemies":"3 Darklings","floor":37,"turns":5},{"damage":0,"enemies":"Mind Bloom Boss Battle","floor":38,"turns":8},{"damage":3,"enemies":"Sphere and 2 Shapes","floor":39,"turns":5},{"damage":0,"enemies":"Nemesis","floor":41,"turns":5},{"damage":13,"enemies":"Reptomancer","floor":44,"turns":7},{"damage":0,"enemies":"Spire Growth","floor":47,"turns":4},{"damage":0,"enemies":"Time Eater","floor":50,"turns":12}],"seed_played":"-4139313302240788179","potions_obtained":[{"floor":1,"key":"PowerPotion"},{"floor":11,"key":"Explosive Potion"},{"floor":16,"key":"AttackPotion"},{"floor":21,"key":"Regen Potion"},{"floor":23,"key":"Dexterity Potion"},{"floor":27,"key":"Poison Potion"},{"floor":30,"key":"SteroidPotion"},{"floor":33,"key":"SkillPotion"},{"floor":38,"key":"Block Potion"},{"floor":39,"key":"Explosive Potion"},{"floor":44,"key":"Energy Potion"}],"is_trial":false,"path_per_floor":["M","?","M","M","?","E","?","R","T","M","E","R","M","M","R","B",null,"M","$","?","M","M","E","R","T","T","M","M","M","E","M","R","B",null,"M","$","M","?","M","R","E","R","T","E","R","?","M","?","R","B",null],"character_chosen":"THE_SILENT","items_purchased":["Well Laid Plans","Bouncing Flask+1","Strange Spoon","Gambling Chip","Prepared+1"],"campfire_rested":2,"item_purchase_floors":[19,19,19,36,36],"current_hp_per_floor":[70,53,53,53,53,42,42,42,42,33,30,30,30,30,51,37,72,72,72,72,74,67,50,50,55,60,63,64,69,52,45,67,72,76,76,76,76,76,78,78,85,85,85,79,79,79,86,86,86,86],"gold":18,"neow_bonus":"THREE_ENEMY_KILL","is_prod":false,"is_daily":false,"chose_seed":false,"campfire_upgraded":5,"win_rate":0.0,"timestamp":1550105952,"path_taken":["M","?","M","M","?","E","?","R","T","?","E","R","?","M","R","BOSS","M","$","?","M","M","E","R","?","T","M","M","M","E","?","R","BOSS","M","$","M","?","M","R","E","R","T","E","R","?","M","?","R","BOSS"],"build_version":"2019-01-23","purchased_purges":2,"victory":true,"max_hp_per_floor":[70,70,70,70,70,70,70,70,70,70,70,70,70,70,70,72,72,72,72,72,74,76,76,76,76,76,76,76,76,76,76,76,76,76,76,76,76,76,78,78,85,85,85,87,87,87,89,89,89,89],"card_choices":[{"not_picked":["Finisher","Dagger Spray"],"picked":"Infinite Blades","floor":1},{"not_picked":["PiercingWail","Sucker Punch"],"picked":"Noxious Fumes","floor":3},{"not_picked":["Underhanded Strike","Dash"],"picked":"Deflect","floor":4},{"not_picked":["Masterful Stab","A Thousand Cuts"],"picked":"PiercingWail","floor":6},{"not_picked":["Catalyst","Quick Slash"],"picked":"Blur","floor":10},{"not_picked":["Blade Dance","Calculated Gamble"],"picked":"Adrenaline","floor":11},{"not_picked":["Accuracy","Dagger Throw"],"picked":"Backstab","floor":13},{"not_picked":["Slice","PiercingWail+1"],"picked":"Terror+1","floor":14},{"not_picked":["Storm of Steel+1","Bullet Time+1","Wraith Form v2"],"picked":"Singing Bowl","floor":16},{"not_picked":["Bane","Flechettes"],"picked":"Terror+1","floor":18},{"not_picked":["Dagger Throw","Expertise+1","Reflex+1"],"picked":"Singing Bowl","floor":21},{"not_picked":["Skewer","Expertise+1","PiercingWail+1"],"picked":"Singing Bowl","floor":22},{"not_picked":["Riddle With Holes+1","PiercingWail+1"],"picked":"Poisoned Stab","floor":23},{"not_picked":["PiercingWail+1","Prepared+1"],"picked":"Deflect+1","floor":27},{"not_picked":["Flying Knee","Footwork"],"picked":"Backflip+1","floor":28},{"not_picked":["Cloak And Dagger+1","Flying Knee"],"picked":"Dagger Spray+1","floor":29},{"not_picked":["Backflip+1","Wraith Form v2"],"picked":"Bouncing Flask+1","floor":30},{"not_picked":["Cloak And Dagger+1","Dagger Spray"],"picked":"Bouncing Flask+1","floor":31},{"not_picked":["Night Terror+1","Doppelganger+1"],"picked":"Corpse Explosion+1","floor":33},{"not_picked":["Flying Knee","Finisher"],"picked":"Slice","floor":35},{"not_picked":["Backflip+1","Acrobatics+1"],"picked":"Backstab+1","floor":37},{"not_picked":["Blade Dance+1","Slice+1"],"picked":"Bane+1","floor":38},{"not_picked":["Cloak And Dagger+1","Blade Dance+1","Flying Knee"],"picked":"Singing Bowl","floor":39},{"not_picked":["Slice+1","Poisoned Stab+1"],"picked":"Backflip+1","floor":41},{"not_picked":["Finisher","Slice","Choke+1"],"picked":"Singing Bowl","floor":44},{"not_picked":["Bane","Terror+1","Dagger Spray+1"],"picked":"Singing Bowl","floor":47}],"player_experience":57414,"relics_obtained":[{"floor":6,"key":"FossilizedHelix"},{"floor":9,"key":"Singing Bowl"},{"floor":11,"key":"Toxic Egg 2"},{"floor":23,"key":"Shuriken"},{"floor":25,"key":"Oddly Smooth Stone"},{"floor":26,"key":"Anchor"},{"floor":30,"key":"Meat on the Bone"},{"floor":38,"key":"Ice Cream"},{"floor":41,"key":"Strawberry"},{"floor":43,"key":"Paper Crane"},{"floor":44,"key":"Shovel"},{"floor":45,"key":"Vajra"},{"floor":49,"key":"Bottled Tornado"}],"event_choices":[{"damage_healed":0,"gold_gain":0,"player_choice":"Take Damage","damage_taken":17,"relics_obtained":["Golden Idol"],"max_hp_gain":0,"max_hp_loss":0,"event_name":"Golden Idol","floor":2,"gold_loss":0},{"cards_removed":["Strike_G"],"damage_healed":0,"gold_gain":0,"player_choice":"Forget","damage_taken":0,"max_hp_gain":0,"max_hp_loss":0,"event_name":"Living Wall","floor":5,"gold_loss":0},{"damage_healed":0,"gold_gain":175,"player_choice":"AGREE","damage_taken":0,"max_hp_gain":0,"max_hp_loss":0,"event_name":"Liars Game","floor":7,"gold_loss":0,"cards_obtained":["Doubt"]},{"damage_healed":0,"gold_gain":0,"player_choice":"Gave Idol","damage_taken":0,"relics_obtained":["Bloody Idol"],"max_hp_gain":0,"max_hp_loss":0,"event_name":"Forgotten Altar","floor":20,"relics_lost":["Golden Idol"],"gold_loss":0},{"damage_healed":0,"gold_gain":0,"player_choice":"Fight","damage_taken":0,"max_hp_gain":0,"max_hp_loss":0,"event_name":"MindBloom","floor":38,"gold_loss":0},{"damage_healed":0,"gold_gain":0,"player_choice":"Paid","damage_taken":0,"relics_obtained":["Red Mask"],"max_hp_gain":0,"max_hp_loss":0,"event_name":"Tomb of Lord Red Mask","floor":46,"gold_loss":251},{"cards_removed":["Doubt"],"damage_healed":0,"gold_gain":0,"player_choice":"Removed Curses","damage_taken":0,"max_hp_gain":0,"max_hp_loss":0,"event_name":"Fountain of Cleansing","floor":48,"gold_loss":0}],"is_beta":false,"boss_relics":[{"not_picked":["Fusion Hammer","HoveringKite"],"picked":"Empty Cage"},{"not_picked":["Ring of the Serpent","Philosopher\u0027s Stone"],"picked":"Runic Pyramid"}],"items_purged_floors":[19,36],"is_endless":false,"potions_floor_spawned":[1,11,16,21,23,27,30,33,38,39,44],"ascension_level":0}