{"gold_per_floor":[109,126,126,137,137,137,168,168,168,185,218,235,248,264,264,369,369,388,234,253,264,280,280,298,298,298,298,317,317,329,343,343,439,439,450,468,468,56,56,56,75,0,0,18,36,36,36,52,52,52],"floor_reached":51,"playtime":7978,"items_purged":["Strike_B"],"score":751,"play_id":"65568080-bb92-4cc7-a74e-5cb32a46bd37","local_time":"20190527212426","is_ascension_mode":true,"campfire_choices":[{"data":"Fusion","floor":6,"key":"SMITH"},{"data":"Creative AI","floor":8,"key":"SMITH"},{"floor":15,"key":"REST"},{"floor":23,"key":"REST"},{"floor":25,"key":"REST"},{"data":"Zap","floor":27,"key":"SMITH"},{"floor":32,"key":"REST"},{"floor":40,"key":"REST"},{"floor":47,"key":"REST"},{"floor":49,"key":"REST"}],"neow_cost":"NONE","seed_source_timestamp":183747180639900,"circlet_count":0,"master_deck":["Zap+1","Dualcast","Coolheaded","Leap","White Noise","Fusion+1","Creative AI+1","Turbo+1","Core Surge","Barrage","Ball Lightning","Coolheaded+1","Echo Form","Echo Form+1","Echo Form+1","Recycle+1","Steam+1","Doom and Gloom","Sunder+1","Reinforced Body+1","Coolheaded+1","Recycle+1","Stack+1","FTL+1","Echo Form","Force Field+1","Hello World","Static Discharge","Amplify+1","Hologram+1","Glacier+1","Metamorphosis+1","Reinforced Body+1","Redo+1","Hologram+1","Glacier+1","Jack Of All Trades+1","White Noise+1"],"special_seed":0,"relics":["Cracked Core","Toxic Egg 2","Shuriken","Cables","Astrolabe","Strawberry","Peace Pipe","Pandora\u0027s Box","Blood Vial","Red Mask","Pear"],"potions_floor_usage":[20,37,44,50,50],"damage_taken":[{"damage":0,"enemies":"Small Slimes","floor":1,"turns":2},{"damage":1,"enemies":"Jaw Worm","floor":2,"turns":4},{"damage":0,"enemies":"Cultist","floor":4,"turns":4},{"damage":6,"enemies":"Lagavulin","floor":7,"turns":12},{"damage":21,"enemies":"Lots of Slimes","floor":10,"turns":4},{"damage":14,"enemies":"3 Sentries","floor":11,"turns":8},{"damage":5,"enemies":"Looter","floor":12,"turns":3},{"damage":2,"enemies":"Blue Slaver","floor":13,"turns":3},{"damage":0,"enemies":"3 Louse","floor":14,"turns":2},{"damage":24,"enemies":"Hexaghost","floor":16,"turns":10},{"damage":8,"enemies":"Chosen","floor":18,"turns":6},{"damage":31,"enemies":"3 Byrds","floor":20,"turns":6},{"damage":19,"enemies":"Cultist and Chosen","floor":21,"turns":8},{"damage":0,"enemies":"Snake Plant","floor":22,"turns":5},{"damage":29,"enemies":"Sentry and Sphere","floor":24,"turns":4},{"damage":16,"enemies":"Shelled Parasite and Fungi","floor":28,"turns":7},{"damage":13,"enemies":"Centurion and Healer","floor":30,"turns":5},{"damage":0,"enemies":"Snake Plant","floor":31,"turns":5},{"damage":3,"enemies":"Champ","floor":33,"turns":8},{"damage":25,"enemies":"Orb Walker","floor":35,"turns":3},{"damage":18,"enemies":"3 Darklings","floor":36,"turns":5},{"damage":0,"enemies":"Writhing Mass","floor":37,"turns":2},{"damage":26,"enemies":"Transient","floor":41,"turns":5},{"damage":27,"enemies":"Sphere and 2 Shapes","floor":44,"turns":7},{"damage":10,"enemies":"3 Darklings","floor":45,"turns":7},{"damage":24,"enemies":"Maw","floor":48,"turns":10},{"damage":34,"enemies":"Time Eater","floor":50,"turns":9}],"seed_played":"7118803135781022726","potions_obtained":[{"floor":1,"key":"FearPotion"},{"floor":10,"key":"FocusPotion"},{"floor":11,"key":"Strength Potion"},{"floor":18,"key":"SkillPotion"},{"floor":21,"key":"SmokeBomb"},{"floor":36,"key":"Ancient Potion"},{"floor":41,"key":"SkillPotion"},{"floor":45,"key":"FearPotion"}],"is_trial":false,"path_per_floor":["M","M","?","M","?","R","E","R","T","M","E","M","M","M","R","B",null,"M","$","M","M","M","R","M","R","T","R","M","T","M","M","R","B",null,"M","M","M","$","?","R","M","?","T","M","M","?","R","M","R","B",null],"character_chosen":"DEFECT","items_purchased":["Doom and Gloom","Metamorphosis+1","Blood Vial","Reinforced Body+1","Redo+1"],"campfire_rested":7,"item_purchase_floors":[19,38,38,38,38],"current_hp_per_floor":[82,81,65,65,65,65,59,59,59,38,24,19,17,17,41,17,82,74,74,43,24,24,48,19,43,50,50,34,34,21,21,47,44,89,64,46,46,46,46,71,47,47,57,32,24,24,52,30,58,26],"gold":52,"neow_bonus":"TEN_PERCENT_HP_BONUS","is_prod":false,"is_daily":false,"chose_seed":false,"campfire_upgraded":3,"win_rate":0,"timestamp":1559006666,"path_taken":["M","M","?","M","?","R","E","R","T","M","E","M","M","M","R","BOSS","M","$","M","M","M","R","M","R","T","R","M","?","M","?","R","BOSS","M","M","M","$","?","R","M","?","T","M","M","?","R","M","R","BOSS"],"build_version":"2019-01-23","purchased_purges":1,"victory":true,"max_hp_per_floor":[82,82,82,82,82,82,82,82,82,82,82,82,82,82,82,82,82,82,82,82,82,82,82,82,82,89,89,89,89,89,89,89,89,89,89,89,89,89,85,85,85,85,95,95,95,95,95,95,95,95],"card_choices":[{"not_picked":["Blizzard","Stack"],"picked":"Coolheaded","floor":1},{"not_picked":["Sweeping Beam","Lockon"],"picked":"Leap","floor":2},{"not_picked":["Stack","Beam Cell"],"picked":"White Noise","floor":4},{"not_picked":["Genetic Algorithm","Storm"],"picked":"Creative AI","floor":7},{"not_picked":["Rip and Tear","Lockon"],"picked":"Turbo+1","floor":10},{"not_picked":["Storm","Hologram+1"],"picked":"Core Surge","floor":11},{"not_picked":["Gash","Streamline"],"picked":"Barrage","floor":12},{"not_picked":["Leap+1","Gash"],"picked":"Ball Lightning","floor":13},{"not_picked":["Doom and Gloom","Static Discharge"],"picked":"Coolheaded+1","floor":14},{"not_picked":["Fission+1","Thunder Strike"],"picked":"Echo Form","floor":16},{"not_picked":["Leap+1","Compile Driver"],"picked":"Steam+1","floor":18},{"not_picked":["Hologram+1","Heatsinks+1"],"picked":"Sunder+1","floor":20},{"not_picked":["Redo+1","Barrage"],"picked":"Reinforced Body+1","floor":21},{"not_picked":["Steam+1","Blizzard"],"picked":"Coolheaded+1","floor":22},{"not_picked":["Reboot+1","Blizzard"],"picked":"Recycle+1","floor":24},{"not_picked":["Reinforced Body+1","Gash"],"picked":"Stack+1","floor":28},{"not_picked":["Coolheaded+1","Ball Lightning"],"picked":"FTL+1","floor":30},{"not_picked":["Compile Driver+1","Melter","Blizzard+1"],"picked":"SKIP","floor":31},{"not_picked":["Biased Cognition","Multi-Cast+1"],"picked":"Echo Form","floor":33},{"not_picked":["Storm+1","Hello World"],"picked":"Hologram+1","floor":35},{"not_picked":["Auto Shields+1","Gash+1"],"picked":"Glacier+1","floor":36},{"not_picked":["FTL","Sweeping Beam","Rebound"],"picked":"SKIP","floor":41},{"not_picked":["Stack+1","Aggregate+1"],"picked":"Hologram+1","floor":44},{"not_picked":["Doom and Gloom+1","Tempest+1"],"picked":"Glacier+1","floor":45},{"not_picked":["Ball Lightning+1","Coolheaded+1"],"picked":"White Noise+1","floor":48}],"player_experience":59137,"relics_obtained":[{"floor":7,"key":"Toxic Egg 2"},{"floor":9,"key":"Shuriken"},{"floor":11,"key":"Cables"},{"floor":26,"key":"Strawberry"},{"floor":29,"key":"Peace Pipe"},{"floor":43,"key":"Pear"}],"event_choices":[{"damage_healed":0,"gold_gain":0,"player_choice":"Entered Light","damage_taken":16,"max_hp_gain":0,"max_hp_loss":0,"event_name":"Shining Light","floor":3,"gold_loss":0,"cards_upgraded":["Defend_B","Defend_B"]},{"damage_healed":0,"gold_gain":0,"player_choice":"1 cards matched","damage_taken":0,"max_hp_gain":0,"max_hp_loss":0,"event_name":"Match and Keep!","floor":5,"gold_loss":0,"cards_obtained":["Fusion"]},{"damage_healed":0,"gold_gain":0,"player_choice":"Max HP","damage_taken":0,"max_hp_gain":0,"max_hp_loss":4,"event_name":"Winding Halls","floor":39,"gold_loss":0},{"damage_healed":0,"gold_gain":0,"player_choice":"Paid","damage_taken":0,"relics_obtained":["Red Mask"],"max_hp_gain":0,"max_hp_loss":0,"event_name":"Tomb of Lord Red Mask","floor":42,"gold_loss":75},{"damage_healed":0,"gold_gain":0,"player_choice":"1 cards matched","damage_taken":0,"max_hp_gain":0,"max_hp_loss":0,"event_name":"Match and Keep!","floor":46,"gold_loss":0,"cards_obtained":["Jack Of All Trades"]}],"is_beta":false,"boss_relics":[{"not_picked":["Empty Cage","Calling Bell"],"picked":"Astrolabe"},{"not_picked":["Black Star","Velvet Choker"],"picked":"Pandora\u0027s Box"}],"items_purged_floors":[19],"is_endless":false,"potions_floor_spawned":[1,10,11,18,21,22,24,33,36,41,45,48],"ascension_level":1}