{"gold_per_floor":[111,32,46,59,79,79,104,104,104,31,50,50,81,96,96,194,194,214,214,233,233,233,233,243,243,243,269,285,15,15,15],"floor_reached":31,"playtime":1636,"items_purged":["Inflame"],"score":265,"play_id":"4787e002-59da-4bb4-b032-fe408a85560d","local_time":"20190520231923","is_ascension_mode":false,"campfire_choices":[{"data":"Inflame","floor":6,"key":"SMITH"},{"data":"Bash","floor":8,"key":"SMITH"},{"floor":12,"key":"REST"},{"floor":15,"key":"REST"},{"floor":23,"key":"REST"},{"floor":25,"key":"REST"},{"floor":30,"key":"REST"}],"neow_cost":"NONE","seed_source_timestamp":310376037376245,"circlet_count":0,"master_deck":["Bash+1","Berserk","Shrug It Off","Inflame+1","Metallicize","Pummel","Spot Weakness","Pommel Strike","Juggernaut","Armaments","Limit Break","Juggernaut","Intimidate","Spot Weakness","Blood for Blood+1","Blood for Blood+1","Impervious","Offering","Impervious","Armaments","Entrench","Armaments","Power Through+1"],"relics":["Burning Blood","StoneCalendar","Mercury Hourglass","Molten Egg 2","Pandora\u0027s Box","Singing Bowl","Pantograph","HandDrill"],"potions_floor_usage":[],"damage_taken":[{"damage":8,"enemies":"Jaw Worm","floor":1,"turns":4},{"damage":0,"enemies":"Small Slimes","floor":3,"turns":3},{"damage":1,"enemies":"Cultist","floor":4,"turns":3},{"damage":3,"enemies":"3 Louse","floor":5,"turns":5},{"damage":37,"enemies":"Gremlin Nob","floor":7,"turns":4},{"damage":17,"enemies":"Exordium Thugs","floor":11,"turns":4},{"damage":31,"enemies":"3 Sentries","floor":13,"turns":6},{"damage":11,"enemies":"Large Slime","floor":14,"turns":3},{"damage":17,"enemies":"Slime Boss","floor":16,"turns":7},{"damage":29,"enemies":"3 Byrds","floor":18,"turns":4},{"damage":33,"enemies":"Colosseum Slavers","floor":19,"turns":3},{"damage":17,"enemies":"Spheric Guardian","floor":20,"turns":4},{"damage":6,"enemies":"Snake Plant","floor":24,"turns":3},{"damage":39,"enemies":"Gremlin Leader","floor":27,"turns":7},{"damage":31,"enemies":"Shelled Parasite and Fungi","floor":28,"turns":5},{"damage":40,"enemies":"3 Cultists","floor":31,"turns":4}],"seed_played":"9091749198782136161","potions_obtained":[{"floor":1,"key":"EssenceOfSteel"},{"floor":5,"key":"SneckoOil"},{"floor":11,"key":"BloodPotion"}],"is_trial":false,"path_per_floor":["M","$","M","M","M","R","E","R","T","$","M","R","E","M","R","B",null,"M","?","M","T","?","R","M","R","T","E","M","$","R","M"],"character_chosen":"IRONCLAD","items_purchased":["Inflame","Spot Weakness","HandDrill"],"campfire_rested":5,"item_purchase_floors":[2,10,29],"current_hp_per_floor":[78,78,80,80,80,80,49,49,49,49,38,62,37,32,56,45,80,57,30,19,19,19,43,43,67,67,34,11,11,35,0],"gold":15,"neow_bonus":"ONE_RANDOM_RARE_CARD","is_prod":false,"is_daily":false,"chose_seed":false,"campfire_upgraded":2,"win_rate":0,"timestamp":1558419563,"path_taken":["M","$","M","M","M","R","E","R","T","$","M","R","E","M","R","BOSS","M","?","M","?","?","R","M","R","T","E","?","$","R","M"],"build_version":"2019-01-23","purchased_purges":1,"victory":false,"max_hp_per_floor":[80,80,80,80,80,80,80,80,80,80,80,80,80,80,80,80,80,80,80,80,80,80,80,80,80,80,80,82,82,82,82],"card_choices":[{"not_picked":["True Grit","Twin Strike"],"picked":"Shrug It Off","floor":1},{"not_picked":["Sword Boomerang","Shrug It Off","Twin Strike"],"picked":"SKIP","floor":3},{"not_picked":["Iron Wave","Wild Strike"],"picked":"Metallicize","floor":4},{"not_picked":["Bludgeon","Carnage"],"picked":"Pummel","floor":5},{"not_picked":["Headbutt","Iron Wave","Flex"],"picked":"SKIP","floor":7},{"not_picked":["Sword Boomerang","Sentinel"],"picked":"Pommel Strike","floor":11},{"not_picked":["Double Tap","Iron Wave"],"picked":"Juggernaut","floor":13},{"not_picked":["Clash+1","Dropkick+1"],"picked":"Armaments","floor":14},{"not_picked":["Brutality","Bludgeon+1"],"picked":"Limit Break","floor":16},{"not_picked":["Wild Strike+1","Heavy Blade+1"],"picked":"Armaments","floor":18},{"not_picked":["Clash+1","Body Slam+1"],"picked":"Entrench","floor":20},{"not_picked":["Double Tap","Clothesline+1"],"picked":"Armaments","floor":24},{"not_picked":["Anger+1","Pommel Strike+1"],"picked":"Power Through+1","floor":27},{"not_picked":["Rage","Wild Strike+1","Offering"],"picked":"Singing Bowl","floor":28}],"player_experience":236354,"relics_obtained":[{"floor":7,"key":"StoneCalendar"},{"floor":9,"key":"Mercury Hourglass"},{"floor":13,"key":"Molten Egg 2"},{"floor":21,"key":"Singing Bowl"},{"floor":27,"key":"Pantograph"}],"event_choices":[{"damage_healed":0,"gold_gain":0,"player_choice":"Fight","damage_taken":0,"max_hp_gain":0,"max_hp_loss":0,"event_name":"Colosseum","floor":19,"gold_loss":0},{"damage_healed":0,"gold_gain":0,"player_choice":"Fled From Nobs","damage_taken":0,"max_hp_gain":0,"max_hp_loss":0,"event_name":"Colosseum","floor":19,"gold_loss":0},{"damage_healed":0,"gold_gain":0,"player_choice":"Bought 0 Potions","damage_taken":0,"max_hp_gain":0,"max_hp_loss":0,"event_name":"The Woman in Blue","floor":22,"gold_loss":0}],"is_beta":false,"boss_relics":[{"not_picked":["Lizard Tail","White Beast Statue"],"picked":"Pandora\u0027s Box"}],"items_purged_floors":[29],"is_endless":false,"potions_floor_spawned":[1,5,11,16,19,20,28],"killed_by":"3 Cultists","ascension_level":0}