{"gold_per_floor":[119,136,58,70,70,70,396,396,446,411,422,453,468,480,480,480],"floor_reached":16,"playtime":456,"items_purged":[],"score":112,"play_id":"946e42b0-0805-4191-bf05-54170916ce09","local_time":"20190220150314","is_ascension_mode":false,"campfire_choices":[{"data":"Zap","floor":6,"key":"SMITH"},{"data":"Self Repair","floor":8,"key":"SMITH"},{"data":"Electrodynamics","floor":15,"key":"SMITH"}],"neow_cost":"NONE","seed_source_timestamp":51584820707351,"circlet_count":0,"master_deck":["Strike_B","Strike_B","Strike_B","Strike_B","Defend_B","Defend_B","Defend_B","Defend_B","Zap+1","Dualcast","Sweeping Beam","Self Repair+1","Static Discharge","Regret","Electrodynamics+1","Conserve Battery","Skim","Heatsinks"],"relics":["Cracked Core","NeowsBlessing","Centennial Puzzle","Old Coin","Smiling Mask","Gremlin Horn"],"potions_floor_usage":[12],"damage_taken":[{"damage":0,"enemies":"Jaw Worm","floor":1,"turns":1},{"damage":0,"enemies":"2 Louse","floor":2,"turns":1},{"damage":0,"enemies":"Cultist","floor":4,"turns":1},{"damage":32,"enemies":"3 Sentries","floor":7,"turns":7},{"damage":17,"enemies":"Blue Slaver","floor":11,"turns":3},{"damage":13,"enemies":"Gremlin Nob","floor":12,"turns":4},{"damage":14,"enemies":"Exordium Thugs","floor":13,"turns":3},{"damage":10,"enemies":"Red Slaver","floor":14,"turns":4},{"damage":54,"enemies":"The Guardian","floor":16,"turns":8}],"seed_played":"8435346249912526181","potions_obtained":[{"floor":4,"key":"Strength Potion"},{"floor":7,"key":"SpeedPotion"},{"floor":11,"key":"Explosive Potion"},{"floor":13,"key":"Swift Potion"}],"is_trial":false,"path_per_floor":["M","M","$","M","?","R","E","R","T","?","M","E","M","M","R","B"],"character_chosen":"DEFECT","items_purchased":["Self Repair"],"campfire_rested":0,"item_purchase_floors":[3],"current_hp_per_floor":[75,75,75,75,75,75,50,50,50,68,61,58,54,54,54,0],"gold":480,"neow_bonus":"THREE_ENEMY_KILL","is_prod":false,"is_daily":false,"chose_seed":false,"campfire_upgraded":3,"win_rate":0,"timestamp":1550696594,"path_taken":["M","M","$","M","?","R","E","R","T","?","M","E","M","M","R","BOSS"],"build_version":"2019-01-23","purchased_purges":0,"victory":false,"max_hp_per_floor":[75,75,75,75,75,75,75,75,75,75,75,75,75,75,75,75],"card_choices":[{"not_picked":["Streamline","Coolheaded"],"picked":"Sweeping Beam","floor":1},{"not_picked":["Recycle","FTL","Stack"],"picked":"SKIP","floor":2},{"not_picked":["Turbo","Auto Shields"],"picked":"Static Discharge","floor":4},{"not_picked":["FTL","BootSequence"],"picked":"Electrodynamics","floor":7},{"not_picked":["Leap","Genetic Algorithm"],"picked":"Conserve Battery","floor":11},{"not_picked":["Reinforced Body","Rebound","Hologram"],"picked":"SKIP","floor":12},{"not_picked":["Cold Snap","Beam Cell"],"picked":"Skim","floor":13},{"not_picked":["Self Repair","Coolheaded"],"picked":"Heatsinks","floor":14}],"player_experience":67409,"relics_obtained":[{"floor":7,"key":"Old Coin"},{"floor":9,"key":"Smiling Mask"},{"floor":12,"key":"Gremlin Horn"}],"event_choices":[{"damage_healed":0,"gold_gain":0,"player_choice":"Box","damage_taken":0,"relics_obtained":["Centennial Puzzle"],"max_hp_gain":0,"max_hp_loss":0,"event_name":"Big Fish","floor":5,"gold_loss":0,"cards_obtained":["Regret"]},{"damage_healed":18,"gold_gain":0,"player_choice":"Healed","damage_taken":0,"max_hp_gain":0,"max_hp_loss":0,"event_name":"The Cleric","floor":10,"gold_loss":35}],"is_beta":false,"boss_relics":[],"items_purged_floors":[],"is_endless":false,"potions_floor_spawned":[4,7,11,13],"killed_by":"The Guardian","ascension_level":0}