{"gold_per_floor":[115,126,139,150,23,23,23,23,23,66,89,125,145,169,169,262,262,278,5,5,55,71,71,115,115,139,170,170,193,227,247,247,345,408,433,97,121,41,64,104,104,122,145,62,102,102,135,155,155,155,155],"floor_reached":51,"playtime":2451,"items_purged":["Strike_B","Strike_B","Strike_B"],"score":1639,"play_id":"0c2cc41a-989f-45e5-b5b8-61c46b65bd3a","local_time":"20190525000050","is_ascension_mode":true,"campfire_choices":[{"data":"Static Discharge","floor":6,"key":"SMITH"},{"data":"Blizzard","floor":15,"key":"SMITH"},{"data":"Biased Cognition","floor":23,"key":"SMITH"},{"data":"Amplify","floor":25,"key":"SMITH"},{"data":"Electrodynamics","floor":28,"key":"SMITH"},{"data":"Recycle","floor":32,"key":"SMITH"},{"floor":46,"key":"REST"},{"data":"Double Energy","floor":49,"key":"SMITH"}],"neow_cost":"NONE","seed_source_timestamp":321751028325205,"circlet_count":0,"master_deck":["AscendersBane","Strike_B+1","Defend_B","Defend_B","Defend_B","Defend_B","Zap+1","Dualcast","Cold Snap","Glacier","Biased Cognition+1","Static Discharge+1","Sweeping Beam","Tempest","Turbo","Thunder Strike+1","Cold Snap+1","Blizzard+1","Electrodynamics+1","Coolheaded","Creative AI","Leap","Amplify+1","Self Repair","Recycle+1","Biased Cognition","Capacitor","Double Energy+1","Capacitor"],"relics":["Cracked Core","Golden Idol","Pantograph","Bottled Lightning","Thread and Needle","Ancient Tea Set","Runic Pyramid","Sundial","Happy Flower","Anchor","Blood Vial","Tiny House","OrangePellets","Letter Opener","Whetstone","Juzu Bracelet","Shovel"],"potions_floor_usage":[24,31,40,48],"damage_taken":[{"damage":4,"enemies":"Jaw Worm","floor":1,"turns":4},{"damage":0,"enemies":"Cultist","floor":2,"turns":3},{"damage":0,"enemies":"Small Slimes","floor":3,"turns":4},{"damage":3,"enemies":"3 Louse","floor":4,"turns":4},{"damage":3,"enemies":"Lagavulin","floor":10,"turns":8},{"damage":4,"enemies":"Large Slime","floor":11,"turns":4},{"damage":11,"enemies":"Gremlin Nob","floor":12,"turns":4},{"damage":0,"enemies":"Red Slaver","floor":13,"turns":4},{"damage":0,"enemies":"Gremlin Gang","floor":14,"turns":5},{"damage":37,"enemies":"Hexaghost","floor":16,"turns":6},{"damage":14,"enemies":"2 Thieves","floor":18,"turns":3},{"damage":0,"enemies":"Spheric Guardian","floor":22,"turns":5},{"damage":1,"enemies":"Gremlin Leader","floor":24,"turns":5},{"damage":0,"enemies":"Slavers","floor":27,"turns":3},{"damage":0,"enemies":"Snake Plant","floor":29,"turns":4},{"damage":43,"enemies":"Book of Stabbing","floor":30,"turns":5},{"damage":2,"enemies":"Shelled Parasite and Fungi","floor":31,"turns":6},{"damage":61,"enemies":"Automaton","floor":33,"turns":7},{"damage":8,"enemies":"3 Shapes","floor":35,"turns":5},{"damage":2,"enemies":"Orb Walker","floor":37,"turns":4},{"damage":0,"enemies":"Writhing Mass","floor":39,"turns":6},{"damage":0,"enemies":"Nemesis","floor":40,"turns":9},{"damage":8,"enemies":"Sphere and 2 Shapes","floor":42,"turns":4},{"damage":47,"enemies":"Giant Head","floor":45,"turns":18},{"damage":35,"enemies":"Nemesis","floor":47,"turns":9},{"damage":7,"enemies":"Jaw Worm Horde","floor":48,"turns":4},{"damage":6,"enemies":"Donu and Deca","floor":50,"turns":10},{"damage":82,"enemies":"Awakened One","floor":51,"turns":5}],"seed_played":"-6193511640664954954","potions_obtained":[{"floor":1,"key":"Regen Potion"},{"floor":2,"key":"SkillPotion"},{"floor":24,"key":"Strength Potion"},{"floor":34,"key":"EssenceOfSteel"},{"floor":35,"key":"PowerPotion"},{"floor":37,"key":"Ancient Potion"},{"floor":40,"key":"Ancient Potion"},{"floor":47,"key":"PowerPotion"}],"is_trial":false,"path_per_floor":["M","M","M","M","$","R","?","T","T","E","M","E","M","M","R","B",null,"M","$","?","?","M","R","E","R","T","E","R","M","E","M","R","B",null,"M","$","M","$","M","E","?","M","T","$","E","R","E","M","R","B","B"],"character_chosen":"DEFECT","items_purchased":["Sweeping Beam","Creative AI","OrangePellets","Capacitor","Capacitor"],"campfire_rested":1,"item_purchase_floors":[5,19,36,38,44],"current_hp_per_floor":[60,60,60,57,57,57,57,57,57,54,50,39,39,39,39,27,55,41,41,54,54,54,54,53,53,53,53,53,53,17,39,39,10,56,50,50,57,57,69,69,69,69,69,69,29,49,30,39,39,67,0],"gold":155,"neow_bonus":"UPGRADE_CARD","is_prod":false,"is_daily":false,"chose_seed":false,"campfire_upgraded":7,"win_rate":0,"timestamp":1558760450,"path_taken":["M","M","M","M","$","R","?","?","T","E","M","E","?","M","R","BOSS","M","$","?","?","M","R","E","R","T","E","R","M","E","M","R","BOSS","M","$","M","$","M","E","?","?","T","?","E","R","E","M","R","BOSS","BOSS"],"build_version":"2019-01-23","purchased_purges":3,"victory":false,"max_hp_per_floor":[71,71,71,71,71,71,64,64,64,64,64,64,64,64,64,64,64,64,64,64,64,64,64,64,64,64,64,64,64,64,64,64,64,69,69,69,69,69,69,69,69,69,69,69,69,69,69,69,69,69,69],"card_choices":[{"not_picked":["Recycle","Conserve Battery"],"picked":"Cold Snap","floor":1},{"not_picked":["BootSequence","Turbo"],"picked":"Glacier","floor":2},{"not_picked":["Beam Cell","Heatsinks"],"picked":"Biased Cognition","floor":3},{"not_picked":["Redo","Gash"],"picked":"Static Discharge","floor":4},{"not_picked":["Barrage","Rebound"],"picked":"Tempest","floor":10},{"not_picked":["Go for the Eyes","Skim"],"picked":"Turbo","floor":11},{"not_picked":["Gash","Barrage"],"picked":"Thunder Strike","floor":12},{"not_picked":["Barrage","Turbo"],"picked":"Cold Snap","floor":13},{"not_picked":["Skim","Double Energy"],"picked":"Blizzard","floor":14},{"not_picked":["Creative AI","Hyperbeam"],"picked":"Electrodynamics","floor":16},{"not_picked":["Hologram","Beam Cell"],"picked":"Coolheaded","floor":18},{"not_picked":["Static Discharge","Gash"],"picked":"Leap","floor":22},{"not_picked":["Skim","Scrape"],"picked":"Amplify","floor":24},{"not_picked":["Thunder Strike","Hello World","Gash"],"picked":"SKIP","floor":27},{"not_picked":["Hello World","Compile Driver"],"picked":"Self Repair","floor":29},{"not_picked":["Compile Driver","Fission","Barrage"],"picked":"SKIP","floor":30},{"not_picked":["Redo","Rebound"],"picked":"Recycle","floor":31},{"not_picked":["Reboot","Hyperbeam"],"picked":"Biased Cognition","floor":33},{"not_picked":["Coolheaded","Gash","Streamline"],"picked":"SKIP","floor":35},{"not_picked":["Cold Snap","Redo","Compile Driver"],"picked":"SKIP","floor":37},{"not_picked":["Chaos","Ball Lightning","Storm"],"picked":"SKIP","floor":39},{"not_picked":["Cold Snap","Fusion"],"picked":"Double Energy","floor":40},{"not_picked":["Turbo","Sweeping Beam","Glacier"],"picked":"SKIP","floor":42},{"not_picked":["Hologram","Steam+1","Fission"],"picked":"SKIP","floor":45},{"not_picked":["Chaos","Double Energy","Melter+1"],"picked":"SKIP","floor":47},{"not_picked":["Gash","Hologram","BootSequence"],"picked":"SKIP","floor":48}],"player_experience":461021,"relics_obtained":[{"floor":8,"key":"Pantograph"},{"floor":9,"key":"Bottled Lightning"},{"floor":10,"key":"Thread and Needle"},{"floor":12,"key":"Ancient Tea Set"},{"floor":24,"key":"Sundial"},{"floor":26,"key":"Happy Flower"},{"floor":27,"key":"Anchor"},{"floor":30,"key":"Blood Vial"},{"floor":40,"key":"Letter Opener"},{"floor":43,"key":"Whetstone"},{"floor":45,"key":"Juzu Bracelet"},{"floor":47,"key":"Shovel"}],"event_choices":[{"damage_healed":0,"gold_gain":0,"player_choice":"Lose Max HP","damage_taken":0,"relics_obtained":["Golden Idol"],"max_hp_gain":0,"max_hp_loss":7,"event_name":"Golden Idol","floor":7,"gold_loss":0},{"damage_healed":13,"gold_gain":0,"player_choice":"Heal","damage_taken":0,"max_hp_gain":0,"max_hp_loss":0,"event_name":"The Library","floor":20,"gold_loss":0},{"damage_healed":0,"gold_gain":50,"player_choice":"Stole From Cult","damage_taken":0,"max_hp_gain":0,"max_hp_loss":0,"event_name":"Nest","floor":21,"gold_loss":0},{"damage_healed":0,"gold_gain":0,"player_choice":"0 cards matched","damage_taken":0,"max_hp_gain":0,"max_hp_loss":0,"event_name":"Match and Keep!","floor":41,"gold_loss":0,"cards_obtained":[]}],"is_beta":false,"boss_relics":[{"not_picked":["Ectoplasm","White Beast Statue"],"picked":"Runic Pyramid"},{"not_picked":["Pandora\u0027s Box","Runic Dome"],"picked":"Tiny House"}],"items_purged_floors":[5,19,36],"is_endless":false,"potions_floor_spawned":[1,2,14,18,22,24,30,35,37,40,47],"killed_by":"Awakened One","ascension_level":20}