{"gold_per_floor":[112,125,136,136,101,136,136,150,150,150,166,166,200,216,216,290,290,301,312,325,325,325,325,353,55,79,92,103,118,118],"floor_reached":30,"playtime":1005,"items_purged":[],"score":637,"play_id":"c5e0c7b4-1ff4-43cf-9dd2-19270c0ae204","local_time":"20190523230735","is_ascension_mode":true,"campfire_choices":[{"floor":7.0,"key":"REST"},{"floor":12.0,"key":"REST"},{"data":"Catalyst","floor":15.0,"key":"SMITH"},{"data":"Corpse Explosion","floor":23.0,"key":"SMITH"}],"neow_cost":"NONE","seed_source_timestamp":233545090023358,"circlet_count":0,"master_deck":["AscendersBane","Defend_G","Defend_G","Defend_G","Defend_G","Defend_G","Survivor","Neutralize","Dagger Spray","Deadly Poison","Acrobatics","Crippling Poison","Predator","Slice","Cloak And Dagger","Catalyst+1","Corpse Explosion+1","Prepared+1","Footwork","Backstab","Ghostly","Ghostly","Ghostly","Bite","Bite","Bite","Bite","Bite","Bullet Time","Noxious Fumes","Normality","Deflect","Catalyst","Backflip"],"special_seed":0,"relics":["Ring of the Snake","PreservedInsect","Shuriken","Orichalcum","Dead Branch","Oddly Smooth Stone","Cursed Key","Letter Opener","Lee\u0027s Waffle","Lantern"],"potions_floor_usage":[30],"damage_taken":[{"damage":2.0,"enemies":"Cultist","floor":1.0,"turns":4.0},{"damage":5.0,"enemies":"Small Slimes","floor":2.0,"turns":3.0},{"damage":1.0,"enemies":"Jaw Worm","floor":3.0,"turns":4.0},{"damage":47.0,"enemies":"Lagavulin","floor":6.0,"turns":8.0},{"damage":5.0,"enemies":"Exordium Wildlife","floor":8.0,"turns":4.0},{"damage":0.0,"enemies":"3 Louse","floor":11.0,"turns":3.0},{"damage":6.0,"enemies":"3 Sentries","floor":13.0,"turns":4.0},{"damage":3.0,"enemies":"Gremlin Gang","floor":14.0,"turns":3.0},{"damage":29.0,"enemies":"Hexaghost","floor":16.0,"turns":10.0},{"damage":16.0,"enemies":"2 Thieves","floor":18.0,"turns":3.0},{"damage":6.0,"enemies":"Chosen","floor":19.0,"turns":4.0},{"damage":12.0,"enemies":"Snake Plant","floor":20.0,"turns":3.0},{"damage":0.0,"enemies":"Gremlin Leader","floor":24.0,"turns":4.0},{"damage":0.0,"enemies":"Snecko","floor":27.0,"turns":3.0},{"damage":0.0,"enemies":"Shelled Parasite and Fungi","floor":28.0,"turns":5.0},{"damage":27.0,"enemies":"Chosen and Byrds","floor":29.0,"turns":6.0},{"damage":18,"enemies":"Snake Plant","floor":30,"turns":2}],"seed_played":"-7510103629011795232","potions_obtained":[{"floor":6.0,"key":"SneckoOil"},{"floor":8.0,"key":"Strength Potion"},{"floor":24.0,"key":"Energy Potion"}],"is_trial":false,"path_per_floor":["M","M","M","T","?","E","R","M","T","?","M","R","E","M","R","B",null,"M","M","M","?","?","R","E","$","T","M","M","M","M"],"character_chosen":"THE_SILENT","items_purchased":["Lee\u0027s Waffle","Noxious Fumes"],"campfire_rested":2,"item_purchase_floors":[25,25],"current_hp_per_floor":[57,52,51,51,66,19,38,33,33,33,33,52,46,43,43,14,53,37,31,19,19,19,19,23,30,30,30,30,9,0],"gold":118,"neow_bonus":"RANDOM_COMMON_RELIC","is_prod":false,"is_daily":false,"chose_seed":false,"campfire_upgraded":2,"win_rate":0,"timestamp":1558670855,"path_taken":["M","M","?","?","?","E","R","M","T","?","?","R","E","M","R","BOSS","M","M","M","?","?","R","E","?","T","?","M","M","M"],"build_version":"2019-01-23","purchased_purges":0,"victory":false,"max_hp_per_floor":[66,66,66,66,66,66,66,66,66,66,66,66,66,66,66,66,66,66,66,66,33,23,23,23,30,30,30,30,30,30],"card_choices":[{"not_picked":["Deflect","PiercingWail"],"picked":"Dagger Spray","floor":1.0},{"not_picked":["Underhanded Strike","Finisher"],"picked":"Deadly Poison","floor":2.0},{"not_picked":["Finisher","Dagger Throw"],"picked":"Acrobatics","floor":3.0},{"not_picked":["Flying Knee","PiercingWail"],"picked":"Crippling Poison","floor":6.0},{"not_picked":["Deadly Poison","Dodge and Roll"],"picked":"Predator","floor":8.0},{"not_picked":["Flying Knee","Deadly Poison"],"picked":"Slice","floor":11.0},{"not_picked":["Endless Agony","Phantasmal Killer"],"picked":"Cloak And Dagger","floor":13.0},{"not_picked":["Terror","Quick Slash"],"picked":"Catalyst","floor":14.0},{"not_picked":["Tools of the Trade","Envenom"],"picked":"Corpse Explosion","floor":16.0},{"not_picked":["Bane","Slice"],"picked":"Prepared+1","floor":18.0},{"not_picked":["Slice","Dash"],"picked":"Footwork","floor":19.0},{"not_picked":["Leg Sweep+1","Sucker Punch"],"picked":"Backstab","floor":20.0},{"not_picked":["Poisoned Stab","Expertise"],"picked":"Bullet Time","floor":24.0},{"not_picked":["Accuracy","Outmaneuver"],"picked":"Deflect","floor":27.0},{"not_picked":["Slice","PiercingWail"],"picked":"Catalyst","floor":28.0},{"not_picked":["Leg Sweep","Calculated Gamble"],"picked":"Backflip","floor":29.0}],"player_experience":453202,"relics_obtained":[{"floor":4.0,"key":"Shuriken"},{"floor":6.0,"key":"Orichalcum"},{"floor":9.0,"key":"Dead Branch"},{"floor":13.0,"key":"Oddly Smooth Stone"},{"floor":24.0,"key":"Letter Opener"},{"floor":26.0,"key":"Lantern"}],"event_choices":[{"damage_healed":16.0,"max_hp_gain":0.0,"max_hp_loss":0.0,"gold_gain":0.0,"event_name":"The Cleric","player_choice":"Healed","floor":5.0,"gold_loss":35.0,"damage_taken":0.0},{"damage_healed":0.0,"max_hp_gain":0.0,"max_hp_loss":0.0,"gold_gain":0.0,"event_name":"Dead Adventurer","player_choice":"Searched \u00270\u0027 times","floor":10.0,"gold_loss":0.0,"damage_taken":0.0},{"damage_healed":0.0,"max_hp_gain":0.0,"max_hp_loss":33.0,"gold_gain":0.0,"event_name":"Ghosts","player_choice":"Became a Ghost","floor":21.0,"gold_loss":0.0,"damage_taken":0.0,"cards_obtained":["Ghostly","Ghostly","Ghostly"]},{"damage_healed":0.0,"max_hp_gain":0.0,"max_hp_loss":10.0,"gold_gain":0.0,"event_name":"Vampires","player_choice":"Became a vampire","floor":22.0,"gold_loss":0.0,"damage_taken":0.0,"cards_obtained":["Bite","Bite","Bite","Bite","Bite"]}],"is_beta":false,"boss_relics":[{"not_picked":["Pandora\u0027s Box","Snecko Eye"],"picked":"Cursed Key"}],"items_purged_floors":[],"is_endless":false,"potions_floor_spawned":[6,8,24,28,29],"killed_by":"Snake Plant","ascension_level":19}