{"gold_per_floor":[119,133,133,9,9,9,48,48,48,87,102,102,24,68,68,197,197,197,197,197,197,197,197,197,197,197,197,197,97,97,97,97,97,97,97,97,97,97,97,97,97,97,97,97,97,97,97,97,97,97,97,97,97,97,97],"floor_reached":55,"playtime":3771,"items_purged":["Injury","Strike_G"],"score":785,"play_id":"b21efe8f-60ce-4277-ac32-5aa4f210cb0c","local_time":"20190519005436","is_ascension_mode":false,"campfire_choices":[{"data":"Dash","floor":6,"key":"SMITH"},{"data":"Bane","floor":8,"key":"SMITH"},{"data":"Malaise","floor":12,"key":"SMITH"},{"floor":15,"key":"REST"},{"data":"Noxious Fumes","floor":24,"key":"SMITH"},{"floor":27,"key":"REST"},{"data":"Catalyst","floor":30,"key":"SMITH"},{"floor":32,"key":"REST"},{"floor":41,"key":"REST"},{"floor":44,"key":"REST"},{"floor":49,"key":"RECALL"},{"floor":52,"key":"REST"}],"neow_cost":"NONE","seed_source_timestamp":223493588000074,"circlet_count":0,"master_deck":["Defend_G+1","Defend_G","Defend_G","Defend_G+1","Defend_G","Strike_G","Strike_G","Strike_G","Strike_G","Survivor","Neutralize","Bouncing Flask","Flechettes","Dash+1","Bane+1","Flying Knee","Malaise+1","Backflip","Noxious Fumes+1","Bane","Ghostly","Ghostly","Ghostly","Ghostly","Ghostly","Catalyst+1","After Image","Burst","Catalyst+1"],"relics":["Ring of the Snake","Golden Idol","Pear","Dream Catcher","Paper Crane","Ectoplasm","Singing Bowl","Bottled Tornado","Oddly Smooth Stone","Fusion Hammer","War Paint","Lantern","MawBank","Unceasing Top"],"potions_floor_usage":[],"damage_taken":[{"damage":0,"enemies":"Jaw Worm","floor":1,"turns":4},{"damage":0,"enemies":"2 Louse","floor":2,"turns":2},{"damage":22,"enemies":"3 Sentries","floor":7,"turns":9},{"damage":16,"enemies":"Gremlin Nob","floor":10,"turns":3},{"damage":0,"enemies":"Cultist","floor":11,"turns":2},{"damage":13,"enemies":"3 Sentries","floor":14,"turns":6},{"damage":31,"enemies":"Hexaghost","floor":16,"turns":9},{"damage":5,"enemies":"Shell Parasite","floor":18,"turns":5},{"damage":15,"enemies":"3 Byrds","floor":19,"turns":3},{"damage":16,"enemies":"3 Cultists","floor":22,"turns":8},{"damage":6,"enemies":"Gremlin Leader","floor":23,"turns":8},{"damage":6,"enemies":"Snecko","floor":25,"turns":7},{"damage":4,"enemies":"Slavers","floor":28,"turns":6},{"damage":0,"enemies":"Cultist and Chosen","floor":31,"turns":6},{"damage":18,"enemies":"Champ","floor":33,"turns":10},{"damage":0,"enemies":"Orb Walker","floor":35,"turns":5},{"damage":3,"enemies":"3 Shapes","floor":36,"turns":4},{"damage":1,"enemies":"Transient","floor":37,"turns":5},{"damage":16,"enemies":"Spire Growth","floor":39,"turns":5},{"damage":18,"enemies":"Reptomancer","floor":40,"turns":8},{"damage":38,"enemies":"Nemesis","floor":42,"turns":9},{"damage":0,"enemies":"3 Darklings","floor":46,"turns":5},{"damage":0,"enemies":"Transient","floor":47,"turns":5},{"damage":0,"enemies":"4 Shapes","floor":48,"turns":6},{"damage":33,"enemies":"Awakened One","floor":50,"turns":24},{"damage":9,"enemies":"Shield and Spear","floor":54,"turns":10},{"damage":59,"enemies":"The Heart","floor":55,"turns":9}],"seed_played":"5509088383270454023","potions_obtained":[{"floor":1,"key":"EssenceOfSteel"},{"floor":2,"key":"Poison Potion"},{"floor":10,"key":"GamblersBrew"},{"floor":19,"key":"GhostInAJar"},{"floor":31,"key":"SmokeBomb"}],"is_trial":false,"path_per_floor":["M","M","?","$","?","R","E","R","T","E","M","R","$","E","R","B",null,"M","M","?","?","M","E","R","M","T","R","E","$","R","M","R","B",null,"M","M","M","$","M","E","R","E","T","R","?","M","M","M","R","B",null,"R","$","E","B"],"character_chosen":"THE_SILENT","items_purchased":["Bane","Noxious Fumes"],"campfire_rested":6,"item_purchase_floors":[4,13],"current_hp_per_floor":[70,70,70,70,70,70,58,58,58,42,42,42,42,29,53,22,80,75,60,40,40,24,20,20,16,16,31,27,27,27,29,45,27,50,52,51,52,52,38,22,42,6,6,27,58,60,62,64,64,31,64,64,64,57,0],"gold":97,"neow_bonus":"THREE_CARDS","is_prod":false,"is_daily":false,"chose_seed":false,"campfire_upgraded":5,"win_rate":0,"timestamp":1558252476,"path_taken":["M","M","?","$","?","R","E","R","T","E","M","R","?","E","R","BOSS","M","M","?","?","?","E","R","M","T","R","E","$","R","M","R","BOSS","M","M","M","$","M","E","R","E","T","R","?","M","M","M","R","BOSS","R","$","E","BOSS"],"build_version":"2019-01-23","purchased_purges":2,"victory":false,"max_hp_per_floor":[70,70,70,70,70,70,80,80,80,80,80,80,80,80,80,80,80,80,80,40,40,40,42,42,44,44,46,46,46,46,48,50,50,50,52,54,56,56,58,60,62,64,64,66,58,60,62,64,64,64,64,64,64,66,66],"card_choices":[{"not_picked":["Cloak And Dagger","Deflect"],"picked":"Bouncing Flask","floor":0},{"not_picked":["Deadly Poison","Poisoned Stab"],"picked":"Flechettes","floor":1},{"not_picked":["Escape Plan","Choke"],"picked":"Dash","floor":2},{"not_picked":["Bane","Poisoned Stab"],"picked":"Flying Knee","floor":7},{"not_picked":["Cloak And Dagger","Leg Sweep"],"picked":"Malaise","floor":10},{"not_picked":["PiercingWail","Blur"],"picked":"Backflip","floor":11},{"not_picked":["PiercingWail","Slice","Outmaneuver"],"picked":"SKIP","floor":14},{"not_picked":["Dodge and Roll","Flying Knee"],"picked":"Bane","floor":15},{"not_picked":["PiercingWail","Acrobatics+1","Flying Knee"],"picked":"SKIP","floor":18},{"not_picked":["Acrobatics+1","Slice","Blade Dance+1"],"picked":"SKIP","floor":19},{"not_picked":["PiercingWail","Eviscerate"],"picked":"Catalyst","floor":22},{"not_picked":["Acrobatics+1","Malaise","Prepared"],"picked":"Singing Bowl","floor":23},{"not_picked":["Reflex","Dodge and Roll","Outmaneuver"],"picked":"Singing Bowl","floor":25},{"not_picked":["Dodge and Roll","Footwork","Blade Dance"],"picked":"Singing Bowl","floor":27},{"not_picked":["Flying Knee","Deflect"],"picked":"After Image","floor":28},{"not_picked":["Escape Plan+1","PiercingWail+1","Dagger Spray"],"picked":"Singing Bowl","floor":31},{"not_picked":["Sucker Punch","PiercingWail+1","Endless Agony+1"],"picked":"Singing Bowl","floor":32},{"not_picked":["Malaise","Glass Knife"],"picked":"Burst","floor":33},{"not_picked":["PiercingWail","Caltrops+1","Skewer+1"],"picked":"Singing Bowl","floor":35},{"not_picked":["Cloak And Dagger+1","Acrobatics+1","Caltrops+1"],"picked":"Singing Bowl","floor":36},{"not_picked":["Sucker Punch+1","Endless Agony","Bouncing Flask"],"picked":"Singing Bowl","floor":37},{"not_picked":["Noxious Fumes","Endless Agony","Masterful Stab+1"],"picked":"Singing Bowl","floor":39},{"not_picked":["Caltrops+1","Slice","Expertise+1"],"picked":"Singing Bowl","floor":40},{"not_picked":["Cloak And Dagger","Phantasmal Killer","Underhanded Strike+1"],"picked":"Singing Bowl","floor":41},{"not_picked":["Reflex+1","Corpse Explosion","Finisher"],"picked":"Singing Bowl","floor":42},{"not_picked":["Cloak And Dagger","Sucker Punch+1","Eviscerate"],"picked":"Singing Bowl","floor":44},{"not_picked":["Well Laid Plans","Dash","Sucker Punch+1"],"picked":"Singing Bowl","floor":46},{"not_picked":["Deflect","Crippling Poison","Dagger Throw"],"picked":"Singing Bowl","floor":47},{"not_picked":["Distraction+1","Cloak And Dagger+1","Expertise"],"picked":"Singing Bowl","floor":48},{"not_picked":["Cloak And Dagger+1","Reflex+1"],"picked":"Catalyst+1","floor":52},{"not_picked":["Reflex+1","Outmaneuver","Acrobatics+1"],"picked":"Singing Bowl","floor":54}],"player_experience":173093,"relics_obtained":[{"floor":7,"key":"Pear"},{"floor":10,"key":"Dream Catcher"},{"floor":14,"key":"Paper Crane"},{"floor":23,"key":"Singing Bowl"},{"floor":26,"key":"Bottled Tornado"},{"floor":28,"key":"Oddly Smooth Stone"},{"floor":40,"key":"War Paint"},{"floor":42,"key":"Lantern"},{"floor":43,"key":"MawBank"},{"floor":54,"key":"Unceasing Top"}],"event_choices":[{"damage_healed":0,"gold_gain":0,"player_choice":"Take Wound","damage_taken":0,"relics_obtained":["Golden Idol"],"max_hp_gain":0,"max_hp_loss":0,"event_name":"Golden Idol","floor":3,"gold_loss":0,"cards_obtained":["Injury"]},{"damage_healed":0,"gold_gain":0,"player_choice":"Ignored","damage_taken":0,"max_hp_gain":0,"max_hp_loss":0,"event_name":"Liars Game","floor":5,"gold_loss":0},{"damage_healed":0,"gold_gain":0,"player_choice":"Became a Ghost","damage_taken":0,"max_hp_gain":0,"max_hp_loss":40,"event_name":"Ghosts","floor":20,"gold_loss":0,"cards_obtained":["Ghostly","Ghostly","Ghostly","Ghostly","Ghostly"]},{"damage_healed":0,"gold_gain":0,"player_choice":"Got Potions","damage_taken":0,"max_hp_gain":0,"max_hp_loss":0,"event_name":"Lab","floor":21,"gold_loss":0},{"damage_healed":58,"gold_gain":0,"player_choice":"Heal","damage_taken":0,"max_hp_gain":0,"max_hp_loss":8,"event_name":"The Moai Head","floor":45,"gold_loss":0}],"is_beta":false,"boss_relics":[{"not_picked":["Sozu","Velvet Choker"],"picked":"Ectoplasm"},{"not_picked":["Pandora\u0027s Box","White Beast Statue"],"picked":"Fusion Hammer"}],"items_purged_floors":[4,29],"is_endless":false,"potions_floor_spawned":[1,2,10,11,19,25,31,37,39,42,46,48],"killed_by":"The Heart","ascension_level":0}