{"gold_per_floor":[114,114,126,30,30,30,57,70,70,99,114,114,127,92,92,168,168,183,26,126,146,39,39,66,76,101,101,101],"floor_reached":28,"playtime":960,"items_purged":["Strike_B","Strike_B"],"score":474,"play_id":"72ff03c8-25d5-44d3-ab7b-f37313f0c548","local_time":"20190503183032","is_ascension_mode":true,"campfire_choices":[{"data":"Genetic Algorithm","floor":6.0,"key":"SMITH"},{"floor":12.0,"key":"REST"},{"data":"Hologram","floor":15.0,"key":"SMITH"},{"floor":23.0,"key":"REST"}],"neow_cost":"NONE","seed_source_timestamp":528099447812491,"circlet_count":0,"master_deck":["AscendersBane","Strike_B","Defend_B","Defend_B","Defend_B","Defend_B","Zap+1","Dualcast","Compile Driver","Genetic Algorithm+1","Gash","Hologram","Hologram+1","Steam","Conserve Battery","Glacier","All For One","Darkness+1","Cold Snap","Sunder","Defragment","Undo","Consume","Loop","Writhe"],"special_seed":0,"relics":["Cracked Core","NeowsBlessing","Letter Opener","The Courier","Bottled Flame","Inserter","Pocketwatch","Mummified Hand","Mercury Hourglass","Potion Belt","Frozen Egg 2"],"potions_floor_usage":[24,25],"damage_taken":[{"damage":0.0,"enemies":"Jaw Worm","floor":1.0,"turns":1.0},{"damage":0.0,"enemies":"Cultist","floor":3.0,"turns":1.0},{"damage":0.0,"enemies":"3 Sentries","floor":7.0,"turns":2.0},{"damage":4.0,"enemies":"2 Louse","floor":8.0,"turns":2.0},{"damage":18.0,"enemies":"Lagavulin","floor":10.0,"turns":7.0},{"damage":13.0,"enemies":"Blue Slaver","floor":11.0,"turns":3.0},{"damage":5.0,"enemies":"Large Slime","floor":13.0,"turns":6.0},{"damage":19.0,"enemies":"The Guardian","floor":16.0,"turns":16.0},{"damage":6.0,"enemies":"Shell Parasite","floor":18.0,"turns":6.0},{"damage":17.0,"enemies":"Colosseum Slavers","floor":20.0,"turns":6.0},{"damage":29.0,"enemies":"Colosseum Nobs","floor":20.0,"turns":6.0},{"damage":3.0,"enemies":"Chosen","floor":21.0,"turns":5.0},{"damage":26,"enemies":"Gremlin Leader","floor":24,"turns":10},{"damage":0,"enemies":"Snecko","floor":25,"turns":4},{"damage":9,"enemies":"Centurion and Healer","floor":28,"turns":1}],"seed_played":"-9195358693116791291","potions_obtained":[{"floor":7.0,"key":"Swift Potion"},{"floor":8.0,"key":"Poison Potion"},{"floor":16.0,"key":"Poison Potion"},{"floor":21.0,"key":"Dexterity Potion"},{"floor":24,"key":"AttackPotion"},{"floor":25,"key":"FocusPotion"}],"is_trial":false,"path_per_floor":["M","?","M","$","?","R","E","M","T","E","M","R","M","?","R","B",null,"M","$","?","M","$","R","E","M","T","?","M"],"character_chosen":"DEFECT","items_purchased":["Gash","Hologram","Cold Snap","Sunder","Undo"],"campfire_rested":2,"item_purchase_floors":[4,4,19,19,22],"current_hp_per_floor":[64,64,64,64,64,64,64,60,60,42,29,50,45,62,62,43,64,58,58,12,9,9,30,4,4,4,4,0],"gold":101,"neow_bonus":"THREE_ENEMY_KILL","is_prod":false,"is_daily":false,"chose_seed":false,"campfire_upgraded":2,"win_rate":0,"timestamp":1556926232,"path_taken":["M","?","M","$","?","R","E","?","T","E","M","R","M","?","R","BOSS","M","$","?","M","$","R","E","M","T","?","M"],"build_version":"2019-01-23","purchased_purges":2,"victory":false,"max_hp_per_floor":[71,71,71,71,71,71,71,71,71,71,71,71,71,71,71,71,71,71,71,71,71,71,71,71,71,71,71,71],"card_choices":[{"not_picked":["Beam Cell","Scrape"],"picked":"Compile Driver","floor":1.0},{"not_picked":["Gash","Rebound"],"picked":"Genetic Algorithm","floor":3.0},{"not_picked":["Steam Power","Go for the Eyes"],"picked":"Hologram","floor":7.0},{"not_picked":["Melter","Turbo"],"picked":"Steam","floor":8.0},{"not_picked":["Redo","Compile Driver"],"picked":"Conserve Battery","floor":10.0},{"not_picked":["Aggregate","Conserve Battery","Chaos"],"picked":"SKIP","floor":11.0},{"not_picked":["Go for the Eyes","Barrage"],"picked":"Glacier","floor":13.0},{"not_picked":["Fission","Electrodynamics"],"picked":"All For One","floor":16.0},{"not_picked":["Melter","Sweeping Beam"],"picked":"Darkness+1","floor":18.0},{"not_picked":["Static Discharge","Rebound"],"picked":"Defragment","floor":21.0},{"not_picked":["Hologram","Cold Snap"],"picked":"Consume","floor":24},{"not_picked":["Machine Learning","Stack"],"picked":"Loop","floor":25}],"player_experience":373693,"relics_obtained":[{"floor":7.0,"key":"Letter Opener"},{"floor":9.0,"key":"The Courier"},{"floor":10.0,"key":"Bottled Flame"},{"floor":20.0,"key":"Pocketwatch"},{"floor":20.0,"key":"Mummified Hand"},{"floor":24,"key":"Mercury Hourglass"},{"floor":26,"key":"Potion Belt"}],"event_choices":[{"damage_healed":0.0,"max_hp_gain":0.0,"max_hp_loss":0.0,"gold_gain":0.0,"event_name":"Living Wall","player_choice":"Grow","floor":2.0,"gold_loss":0.0,"damage_taken":0.0,"cards_upgraded":["Zap"]},{"cards_removed":["Strike_B"],"damage_healed":0.0,"max_hp_gain":0.0,"max_hp_loss":0.0,"gold_gain":0.0,"event_name":"Purifier","player_choice":"Purged","floor":5.0,"gold_loss":0.0,"damage_taken":0.0},{"damage_healed":17.0,"max_hp_gain":0.0,"max_hp_loss":0.0,"gold_gain":0.0,"event_name":"The Cleric","player_choice":"Healed","floor":14.0,"gold_loss":35.0,"damage_taken":0.0},{"damage_healed":0.0,"max_hp_gain":0.0,"max_hp_loss":0.0,"gold_gain":0.0,"event_name":"Colosseum","player_choice":"Fight","floor":20.0,"gold_loss":0.0,"damage_taken":0.0},{"damage_healed":0.0,"max_hp_gain":0.0,"max_hp_loss":0.0,"gold_gain":0.0,"event_name":"Colosseum","player_choice":"Fought Nobs","floor":20.0,"gold_loss":0.0,"damage_taken":0.0},{"damage_healed":0,"gold_gain":0,"player_choice":"Opened","damage_taken":0,"relics_obtained":["Frozen Egg 2"],"max_hp_gain":0,"max_hp_loss":0,"event_name":"The Mausoleum","floor":27,"gold_loss":0,"cards_obtained":["Writhe"]}],"is_beta":false,"boss_relics":[{"not_picked":["Runic Pyramid","Black Star"],"picked":"Inserter"}],"items_purged_floors":[19,22],"is_endless":false,"potions_floor_spawned":[7,8,16,21,24,25],"killed_by":"Centurion and Healer","ascension_level":15}