{"gold_per_floor":[116,128,303,303,317,345,345,345,370,370,370,396,408,87,87,190,190,209,69,87,100,75,75,100,100,100,131,151,171,184,194,194,291,291,307,323,198,214,214,243,243,243,243,260,276,295,295],"floor_reached":47,"playtime":4155,"items_purged":["Doubt","Strike_R","Defend_R"],"score":668,"play_id":"ef9f861d-07d0-49fe-981e-03b28e8a5a9b","local_time":"20190524130008","is_ascension_mode":true,"campfire_choices":[{"data":"Demon Form","floor":7.0,"key":"SMITH"},{"floor":11.0,"key":"REST"},{"data":"Heavy Blade","floor":15.0,"key":"SMITH"},{"floor":23,"key":"RECALL"},{"floor":25,"key":"REST"},{"floor":32,"key":"REST"}],"neow_cost":"TEN_PERCENT_HP_LOSS","seed_source_timestamp":0,"circlet_count":0,"master_deck":["Strike_R","Strike_R","Defend_R+1","Defend_R","Bash","Heavy Blade","Perfected Strike","Shockwave","Immolate+1","Demon Form+1","Inflame","Battle Trance","Flex","Heavy Blade+1","Bludgeon","Flame Barrier","Shockwave","Sword Boomerang","Clothesline","Burning Pact","Flex+1","Feel No Pain","Ghostly Armor","Rage","Armaments","Flame Barrier","Dramatic Entrance","Sword Boomerang+1","Parasite","Shockwave+1","Rampage","Parasite"],"special_seed":0,"relics":["Burning Blood","PreservedInsect","Anchor","GremlinMask","Pantograph","Happy Flower","Fusion Hammer","Juzu Bracelet","Sundial","Pear","Lizard Tail","Pen Nib"],"potions_floor_usage":[33,45,46,46,47],"damage_taken":[{"damage":10.0,"enemies":"Cultist","floor":1.0,"turns":5.0},{"damage":1.0,"enemies":"2 Louse","floor":2.0,"turns":2.0},{"damage":1.0,"enemies":"Small Slimes","floor":5.0,"turns":2.0},{"damage":52.0,"enemies":"3 Sentries","floor":6.0,"turns":9.0},{"damage":3.0,"enemies":"Lagavulin","floor":12.0,"turns":5.0},{"damage":5.0,"enemies":"3 Louse","floor":13.0,"turns":2.0},{"damage":36.0,"enemies":"Hexaghost","floor":16.0,"turns":8.0},{"damage":0.0,"enemies":"Chosen","floor":18.0,"turns":4.0},{"damage":7,"enemies":"Spheric Guardian","floor":20,"turns":4},{"damage":21,"enemies":"Snake Plant","floor":21,"turns":4},{"damage":32,"enemies":"Slavers","floor":24,"turns":4},{"damage":27,"enemies":"Book of Stabbing","floor":27,"turns":4},{"damage":10,"enemies":"Snecko","floor":28,"turns":3},{"damage":22,"enemies":"Sentry and Sphere","floor":29,"turns":4},{"damage":3,"enemies":"Shelled Parasite and Fungi","floor":30,"turns":3},{"damage":1,"enemies":"Centurion and Healer","floor":31,"turns":5},{"damage":28,"enemies":"Champ","floor":33,"turns":7},{"damage":25,"enemies":"3 Darklings","floor":35,"turns":7},{"damage":9,"enemies":"Orb Walker","floor":36,"turns":3},{"damage":45,"enemies":"3 Darklings","floor":38,"turns":5},{"damage":52,"enemies":"Nemesis","floor":40,"turns":7},{"damage":35,"enemies":"Writhing Mass","floor":44,"turns":4},{"damage":20,"enemies":"Maw","floor":45,"turns":6},{"damage":11,"enemies":"4 Shapes","floor":46,"turns":4},{"damage":26,"enemies":"Writhing Mass","floor":47,"turns":4}],"seed_played":"-6334168669919491648","potions_obtained":[{"floor":1.0,"key":"Strength Potion"},{"floor":2.0,"key":"Block Potion"},{"floor":13.0,"key":"Weak Potion"},{"floor":28,"key":"Strength Potion"},{"floor":29,"key":"GamblersBrew"},{"floor":30,"key":"PowerPotion"},{"floor":33,"key":"Fire Potion"},{"floor":45,"key":"SpeedPotion"}],"is_trial":false,"path_per_floor":["M","M","?","?","M","E","R","?","T","?","R","E","M","$","R","B",null,"M","$","M","M","$","R","E","R","T","E","M","M","M","M","R","B",null,"M","M","$","M","?","E","?","?","T","M","M","M","M"],"character_chosen":"IRONCLAD","items_purchased":["Flex","Heavy Blade","Happy Flower","Flame Barrier","Clothesline"],"campfire_rested":3,"item_purchase_floors":[14,14,14,19,22],"current_hp_per_floor":[68,72,72,72,72,26,26,12,12,12,33,36,37,37,37,32,62,68,68,67,52,52,52,26,47,47,36,32,16,19,24,48,51,74,55,52,52,13,13,12,12,72,72,43,29,24,0],"gold":295,"neow_bonus":"TRANSFORM_TWO_CARDS","is_prod":false,"is_daily":false,"chose_seed":false,"campfire_upgraded":2,"win_rate":0,"timestamp":1558717208,"path_taken":["M","?","?","?","M","E","R","?","T","?","R","E","M","$","R","BOSS","M","$","M","?","$","R","E","R","T","E","M","M","M","M","R","BOSS","M","M","$","M","?","E","?","?","T","M","M","M","M"],"build_version":"2019-01-23","purchased_purges":3,"victory":false,"max_hp_per_floor":[72,72,72,72,72,72,72,72,72,72,72,72,72,72,72,72,72,72,72,72,72,72,72,72,72,72,82,82,82,82,82,82,82,82,82,82,82,82,82,82,82,72,72,72,72,72,72],"card_choices":[{"not_picked":["Twin Strike","Cleave"],"picked":"Shockwave","floor":1.0},{"not_picked":["Fire Breathing","Intimidate","Thunderclap"],"picked":"SKIP","floor":2.0},{"not_picked":["Anger","Bloodletting","Clash"],"picked":"SKIP","floor":5.0},{"not_picked":["Twin Strike","Uppercut"],"picked":"Demon Form","floor":6.0},{"not_picked":["Twin Strike","Sword Boomerang"],"picked":"Inflame","floor":12.0},{"not_picked":["True Grit","Armaments"],"picked":"Battle Trance","floor":13.0},{"not_picked":["Demon Form","Feed"],"picked":"Bludgeon","floor":16.0},{"not_picked":["Combust+1","Havoc","Blood for Blood"],"picked":"SKIP","floor":18},{"not_picked":["Fire Breathing","Carnage"],"picked":"Shockwave","floor":20},{"not_picked":["Iron Wave","Corruption+1"],"picked":"Sword Boomerang","floor":21},{"not_picked":["Wild Strike+1","Whirlwind"],"picked":"Burning Pact","floor":24},{"not_picked":["Entrench","Carnage"],"picked":"Flex+1","floor":27},{"not_picked":["Second Wind","Evolve+1"],"picked":"Feel No Pain","floor":28},{"not_picked":["Armaments+1","Reckless Charge"],"picked":"Ghostly Armor","floor":29},{"not_picked":["Sword Boomerang+1","Perfected Strike+1"],"picked":"Rage","floor":30},{"not_picked":["Power Through","Heavy Blade"],"picked":"Armaments","floor":31},{"not_picked":["Body Slam","Heavy Blade","Corruption"],"picked":"SKIP","floor":35},{"not_picked":["Anger+1","Twin Strike","Entrench"],"picked":"SKIP","floor":36},{"not_picked":["Hemokinesis","Anger+1"],"picked":"Flame Barrier","floor":38},{"not_picked":["Magnetism","Swift Strike"],"picked":"Dramatic Entrance","floor":39},{"not_picked":["Reaper","Thunderclap+1"],"picked":"Sword Boomerang+1","floor":40},{"not_picked":["True Grit","Dual Wield","Anger+1"],"picked":"SKIP","floor":44},{"not_picked":["Rupture","Power Through"],"picked":"Shockwave+1","floor":45},{"not_picked":["Heavy Blade","Havoc"],"picked":"Rampage","floor":46}],"player_experience":118035,"relics_obtained":[{"floor":6.0,"key":"PreservedInsect"},{"floor":9.0,"key":"Anchor"},{"floor":12.0,"key":"Pantograph"},{"floor":24,"key":"Juzu Bracelet"},{"floor":26,"key":"Sundial"},{"floor":27,"key":"Pear"},{"floor":40,"key":"Pen Nib"}],"event_choices":[{"damage_healed":0.0,"max_hp_gain":0.0,"max_hp_loss":0.0,"gold_gain":175.0,"event_name":"Liars Game","player_choice":"AGREE","floor":3.0,"gold_loss":0.0,"damage_taken":0.0,"cards_obtained":["Doubt"]},{"damage_healed":0.0,"max_hp_gain":0.0,"max_hp_loss":0.0,"gold_gain":0.0,"cards_transformed":["Defend_R"],"event_name":"Living Wall","player_choice":"Change","floor":4.0,"gold_loss":0.0,"damage_taken":0.0,"cards_obtained":["Immolate"]},{"damage_healed":0.0,"max_hp_gain":0.0,"max_hp_loss":0.0,"gold_gain":0.0,"event_name":"Shining Light","player_choice":"Entered Light","floor":8.0,"gold_loss":0.0,"damage_taken":14.0,"cards_upgraded":["Immolate","Defend_R"]},{"damage_healed":0.0,"max_hp_gain":0.0,"max_hp_loss":0.0,"gold_gain":0.0,"event_name":"FaceTrader","player_choice":"Trade","floor":10.0,"gold_loss":0.0,"damage_taken":0.0,"relics_obtained":["GremlinMask"]},{"damage_healed":0,"gold_gain":0,"player_choice":"Memory 1","damage_taken":0,"max_hp_gain":0,"max_hp_loss":0,"event_name":"SensoryStone","floor":39,"gold_loss":0},{"damage_healed":0,"gold_gain":0,"player_choice":"Ignored","damage_taken":0,"max_hp_gain":0,"max_hp_loss":0,"event_name":"Mysterious Sphere","floor":41,"gold_loss":0},{"damage_healed":72,"gold_gain":0,"player_choice":"Heal","damage_taken":0,"max_hp_gain":0,"max_hp_loss":10,"event_name":"The Moai Head","floor":42,"gold_loss":0}],"is_beta":false,"boss_relics":[{"not_picked":["White Beast Statue","Empty Cage"],"picked":"Fusion Hammer"},{"not_picked":["Runic Pyramid","Eternal Feather"],"picked":"Lizard Tail"}],"items_purged_floors":[14,19,37],"is_endless":false,"potions_floor_spawned":[1,2,13,28,29,30,33,35,45],"killed_by":"Writhing Mass","ascension_level":5}