{"gold_per_floor":[112,62,137,150,150,184,184,213,239,253,34,46,46,65,65,138,168,178,57,57,34,34,34,34],"floor_reached":24,"playtime":599,"items_purged":["Strike_R"],"score":386,"play_id":"80cb2073-b381-4762-ba64-f9c845ef82e9","local_time":"20190503144224","is_ascension_mode":true,"campfire_choices":[{"data":"Whirlwind","floor":7,"key":"SMITH"},{"data":"Limit Break","floor":15,"key":"SMITH"},{"data":"Armaments","floor":23,"key":"SMITH"}],"neow_cost":"NONE","seed_source_timestamp":515032660958049,"circlet_count":0,"master_deck":["AscendersBane","Strike_R","Strike_R","Strike_R","Defend_R","Defend_R","Defend_R","Defend_R","Bash","Whirlwind+1","Uppercut","Sword Boomerang","Combust","Disarm","Disarm","Limit Break+1","Impervious","Injury","Shrug It Off","Armaments+1","Decay","True Grit+1"],"relics":["Burning Blood","NeowsBlessing","Omamori","Regal Pillow","Lantern","Vajra","Calling Bell","Tiny Chest","Question Card","Prayer Wheel"],"potions_floor_usage":[24,24],"damage_taken":[{"damage":1,"enemies":"Small Slimes","floor":1,"turns":2},{"damage":0,"enemies":"2 Louse","floor":4,"turns":1},{"damage":0,"enemies":"Lagavulin","floor":6,"turns":1},{"damage":36,"enemies":"Gremlin Nob","floor":8,"turns":5},{"damage":7,"enemies":"Jaw Worm","floor":10,"turns":3},{"damage":5,"enemies":"Looter","floor":12,"turns":3},{"damage":9,"enemies":"2 Fungi Beasts","floor":14,"turns":3},{"damage":37,"enemies":"Hexaghost","floor":16,"turns":13},{"damage":2,"enemies":"3 Byrds","floor":18,"turns":4},{"damage":67,"enemies":"Book of Stabbing","floor":24,"turns":8}],"seed_played":"-2099614697422758560","potions_obtained":[{"floor":1,"key":"GamblersBrew"},{"floor":4,"key":"Swift Potion"}],"is_trial":false,"path_per_floor":["M","?","?","M","?","E","R","E","T","M","$","M","$","M","R","B",null,"M","$","?","$","?","R","E"],"character_chosen":"IRONCLAD","items_purchased":["Disarm","Vajra","Armaments","True Grit"],"campfire_rested":0,"item_purchase_floors":[11,11,19,21],"current_hp_per_floor":[73,73,62,68,68,74,74,44,44,43,43,44,44,41,41,10,59,63,63,63,63,63,63,0],"gold":34,"neow_bonus":"THREE_ENEMY_KILL","is_prod":false,"is_daily":false,"chose_seed":false,"campfire_upgraded":3,"win_rate":0,"timestamp":1556912544,"path_taken":["M","?","?","?","?","E","R","E","T","M","$","M","$","M","R","BOSS","M","$","?","?","?","R","E"],"build_version":"2019-01-23","purchased_purges":1,"victory":false,"max_hp_per_floor":[75,75,75,75,75,75,75,75,75,75,75,75,75,75,75,75,75,75,75,75,75,75,75,75],"card_choices":[{"not_picked":["Entrench","Flex"],"picked":"Whirlwind","floor":1},{"not_picked":["Sever Soul","Iron Wave","Warcry"],"picked":"SKIP","floor":4},{"not_picked":["Dropkick","Sword Boomerang"],"picked":"Uppercut","floor":6},{"not_picked":["Warcry","Uppercut"],"picked":"Sword Boomerang","floor":8},{"not_picked":["Rage","Pommel Strike"],"picked":"Combust","floor":10},{"not_picked":["Combust","Heavy Blade"],"picked":"Disarm","floor":12},{"not_picked":["Perfected Strike","Body Slam"],"picked":"Limit Break","floor":14},{"not_picked":["Berserk","Limit Break"],"picked":"Impervious","floor":16},{"not_picked":["Intimidate","Flex","Warcry"],"picked":"Shrug It Off","floor":18},{"not_picked":["Perfected Strike","Evolve","Havoc","Headbutt+1"],"picked":"SKIP","floor":18}],"player_experience":365986,"relics_obtained":[{"floor":6,"key":"Omamori"},{"floor":8,"key":"Regal Pillow"},{"floor":9,"key":"Lantern"},{"floor":17,"key":"Tiny Chest"},{"floor":17,"key":"Question Card"},{"floor":17,"key":"Prayer Wheel"}],"event_choices":[{"cards_removed":["Strike_R"],"damage_healed":0,"gold_gain":0,"player_choice":"Card Removal","damage_taken":0,"max_hp_gain":0,"max_hp_loss":0,"event_name":"The Cleric","floor":2,"gold_loss":50},{"damage_healed":0,"gold_gain":75,"player_choice":"Gather Gold","damage_taken":11,"max_hp_gain":0,"max_hp_loss":0,"event_name":"World of Goop","floor":3,"gold_loss":0},{"damage_healed":0,"gold_gain":0,"player_choice":"Ignored","damage_taken":0,"max_hp_gain":0,"max_hp_loss":0,"event_name":"Liars Game","floor":5,"gold_loss":0},{"damage_healed":0,"gold_gain":0,"player_choice":"Cursed","damage_taken":0,"max_hp_gain":0,"max_hp_loss":0,"event_name":"Wheel of Change","floor":20,"gold_loss":0,"cards_obtained":["Decay"]},{"damage_healed":0,"gold_gain":0,"player_choice":"Forge","damage_taken":0,"max_hp_gain":0,"max_hp_loss":0,"event_name":"Accursed Blacksmith","floor":22,"gold_loss":0,"cards_upgraded":["True Grit"]}],"is_beta":false,"boss_relics":[{"not_picked":["Fusion Hammer","White Beast Statue"],"picked":"Calling Bell"}],"items_purged_floors":[19],"is_endless":false,"potions_floor_spawned":[1,4,16],"killed_by":"Book of Stabbing","ascension_level":14}