{"gold_per_floor":[109,109,109,122,135,135,145,145,145,145,180,198,198,227,227,329,329,348,9,9,9,9,9,9],"floor_reached":24,"playtime":606,"items_purged":["Strike_B"],"score":366,"play_id":"85152f9e-4432-43b5-b353-ecc547fdd5e5","local_time":"20190328213214","is_ascension_mode":true,"campfire_choices":[{"data":"Zap","floor":6,"key":"SMITH"},{"data":"Zap","floor":8,"key":"SMITH"},{"data":"Redo","floor":15,"key":"SMITH"},{"data":"Defragment","floor":23,"key":"SMITH"}],"neow_cost":"NONE","seed_source_timestamp":1026806228788012,"circlet_count":0,"master_deck":["AscendersBane","Strike_B","Strike_B","Defend_B","Defend_B","Defend_B","Defend_B","Zap+1","Dualcast","Leap","Machine Learning","Zap+1","Conserve Battery","Heatsinks","Redo+1","Genetic Algorithm","Capacitor","Coolheaded","Core Surge","Storm","Defragment+1","Coolheaded","Hologram","Enlightenment","Capacitor"],"relics":["Cracked Core","NeowsBlessing","Bag of Marbles","Bottled Lightning","Ancient Tea Set","Eternal Feather"],"potions_floor_usage":[11,14,21,24],"damage_taken":[{"damage":0,"enemies":"Jaw Worm","floor":1,"turns":1},{"damage":0,"enemies":"Cultist","floor":4,"turns":1},{"damage":0,"enemies":"Small Slimes","floor":5,"turns":1},{"damage":6,"enemies":"2 Fungi Beasts","floor":7,"turns":5},{"damage":0,"enemies":"3 Sentries","floor":11,"turns":3},{"damage":0,"enemies":"Exordium Thugs","floor":12,"turns":4},{"damage":33,"enemies":"Gremlin Nob","floor":14,"turns":4},{"damage":14,"enemies":"The Guardian","floor":16,"turns":13},{"damage":21,"enemies":"3 Byrds","floor":18,"turns":7},{"damage":7,"enemies":"Chosen","floor":21,"turns":4},{"damage":50,"enemies":"Gremlin Leader","floor":24,"turns":7}],"seed_played":"-2648782194999465700","potions_obtained":[{"floor":5,"key":"FocusPotion"},{"floor":7,"key":"PowerPotion"},{"floor":11,"key":"SmokeBomb"},{"floor":14,"key":"EssenceOfSteel"},{"floor":18,"key":"Explosive Potion"}],"is_trial":false,"path_per_floor":["M","?","?","M","M","R","M","R","T","?","E","M","?","E","R","B",null,"M","$","?","M","$","R","E"],"character_chosen":"DEFECT","items_purchased":["Defragment","Coolheaded","Hologram","Enlightenment"],"campfire_rested":0,"item_purchase_floors":[19,19,19,19],"current_hp_per_floor":[68,61,61,61,61,61,55,55,55,75,75,75,75,42,42,28,63,42,42,42,35,35,50,0],"gold":9,"neow_bonus":"THREE_ENEMY_KILL","is_prod":false,"is_daily":false,"chose_seed":false,"campfire_upgraded":4,"win_rate":0,"timestamp":1553826734,"path_taken":["M","?","?","M","?","R","M","R","T","?","E","M","?","E","R","BOSS","M","$","?","M","?","R","E"],"build_version":"2019-01-23","purchased_purges":1,"victory":false,"max_hp_per_floor":[75,75,75,75,75,75,75,75,75,75,75,75,75,75,75,75,75,75,75,75,75,75,75,75],"card_choices":[{"not_picked":["Conserve Battery","Self Repair"],"picked":"Leap","floor":1},{"not_picked":["Turbo","Stack"],"picked":"Conserve Battery","floor":4},{"not_picked":["Force Field","Double Energy"],"picked":"Heatsinks","floor":5},{"not_picked":["Conserve Battery","Scrape"],"picked":"Redo","floor":7},{"not_picked":["Lockon","Steam"],"picked":"Genetic Algorithm","floor":11},{"not_picked":["Double Energy","Barrage"],"picked":"Capacitor","floor":12},{"not_picked":["Conserve Battery","Aggregate"],"picked":"Coolheaded","floor":14},{"not_picked":["Seek","Multi-Cast"],"picked":"Core Surge","floor":16},{"not_picked":["Scrape","Steam"],"picked":"Storm","floor":18}],"player_experience":270592,"relics_obtained":[{"floor":9,"key":"Bag of Marbles"},{"floor":11,"key":"Bottled Lightning"},{"floor":14,"key":"Ancient Tea Set"}],"event_choices":[{"cards_removed":["Strike_B"],"damage_healed":0,"gold_gain":0,"player_choice":"Card Removal","damage_taken":7,"max_hp_gain":0,"max_hp_loss":0,"event_name":"Golden Wing","floor":2,"gold_loss":0},{"damage_healed":0,"gold_gain":0,"player_choice":"2 cards matched","damage_taken":0,"max_hp_gain":0,"max_hp_loss":0,"event_name":"Match and Keep!","floor":3,"gold_loss":0,"cards_obtained":["Machine Learning","Zap"]},{"damage_healed":25,"gold_gain":0,"player_choice":"Banana","damage_taken":0,"max_hp_gain":0,"max_hp_loss":0,"event_name":"Big Fish","floor":10,"gold_loss":0},{"damage_healed":0,"gold_gain":0,"player_choice":"Bought 0 Potions","damage_taken":0,"max_hp_gain":0,"max_hp_loss":0,"event_name":"The Woman in Blue","floor":13,"gold_loss":0},{"damage_healed":0,"gold_gain":0,"player_choice":"Copied","damage_taken":0,"max_hp_gain":0,"max_hp_loss":0,"event_name":"Duplicator","floor":20,"gold_loss":0,"cards_obtained":["Capacitor"]}],"is_beta":false,"boss_relics":[{"not_picked":["FrozenCore","Coffee Dripper"],"picked":"Eternal Feather"}],"items_purged_floors":[19],"is_endless":false,"potions_floor_spawned":[5,7,11,14,18],"killed_by":"Gremlin Leader","ascension_level":12}