{"gold_per_floor":[209,229,245,245,265,265,290,290,313,313,323,335,349,349],"floor_reached":14,"playtime":371,"items_purged":[],"score":160,"play_id":"32ab4be8-3f68-4f24-a645-0c433e91d389","local_time":"20190503170437","is_ascension_mode":true,"campfire_choices":[{"data":"Sword Boomerang","floor":6,"key":"SMITH"},{"floor":8,"key":"REST"},{"data":"Bash","floor":10,"key":"SMITH"}],"neow_cost":"NONE","seed_source_timestamp":523794313866597,"circlet_count":0,"master_deck":["AscendersBane","Strike_R","Strike_R","Strike_R","Strike_R","Strike_R","Defend_R","Defend_R","Defend_R","Defend_R","Bash+1","Feel No Pain","Headbutt+1","Sword Boomerang+1","Reaper","Armaments"],"relics":["Burning Blood","Juzu Bracelet","Bronze Scales"],"potions_floor_usage":[7,14],"damage_taken":[{"damage":18,"enemies":"Small Slimes","floor":1,"turns":6},{"damage":3,"enemies":"2 Louse","floor":2,"turns":3},{"damage":18,"enemies":"Jaw Worm","floor":3,"turns":4},{"damage":0,"enemies":"Large Slime","floor":5,"turns":5},{"damage":32,"enemies":"Gremlin Nob","floor":7,"turns":4},{"damage":6,"enemies":"Red Slaver","floor":11,"turns":3},{"damage":34,"enemies":"Exordium Thugs","floor":12,"turns":5},{"damage":7,"enemies":"Looter","floor":13,"turns":3},{"damage":30,"enemies":"Lagavulin","floor":14,"turns":5}],"seed_played":"3598772481620621484","potions_obtained":[{"floor":3,"key":"EssenceOfSteel"},{"floor":5,"key":"FearPotion"},{"floor":11,"key":"Ancient Potion"}],"is_trial":false,"path_per_floor":["M","M","M","?","M","R","E","R","T","R","M","M","M","E"],"character_chosen":"IRONCLAD","items_purchased":[],"campfire_rested":1,"item_purchase_floors":[],"current_hp_per_floor":[56,59,47,47,53,53,27,49,49,49,49,21,20,0],"gold":349,"neow_bonus":"HUNDRED_GOLD","is_prod":false,"is_daily":false,"chose_seed":false,"campfire_upgraded":2,"win_rate":0,"timestamp":1556921077,"path_taken":["M","M","M","?","M","R","E","R","T","R","M","M","M","E"],"build_version":"2019-01-23","purchased_purges":0,"victory":false,"max_hp_per_floor":[75,75,75,75,75,75,75,75,75,75,75,75,75,75],"card_choices":[{"not_picked":["Thunderclap","Body Slam"],"picked":"Feel No Pain","floor":1},{"not_picked":["Rupture","Warcry"],"picked":"Headbutt","floor":2},{"not_picked":["Perfected Strike","Warcry","Wild Strike"],"picked":"SKIP","floor":3},{"not_picked":["Clothesline","Seeing Red"],"picked":"Sword Boomerang","floor":5},{"not_picked":["Anger","Heavy Blade","Wild Strike"],"picked":"SKIP","floor":7},{"not_picked":["Sever Soul","Fire Breathing","Heavy Blade"],"picked":"SKIP","floor":11},{"not_picked":["Cleave","Intimidate"],"picked":"Reaper","floor":12},{"not_picked":["Flex","Body Slam"],"picked":"Armaments","floor":13}],"player_experience":369571,"relics_obtained":[{"floor":7,"key":"Juzu Bracelet"},{"floor":9,"key":"Bronze Scales"}],"event_choices":[{"damage_healed":0,"gold_gain":0,"player_choice":"Grow","damage_taken":0,"max_hp_gain":0,"max_hp_loss":0,"event_name":"Living Wall","floor":4,"gold_loss":0,"cards_upgraded":["Headbutt"]}],"is_beta":false,"boss_relics":[],"items_purged_floors":[],"is_endless":false,"potions_floor_spawned":[3,5,11],"killed_by":"Lagavulin","ascension_level":14}