{"gold_per_floor":[119,119,119,194,208,241,241,270,270,26,46,46,100,127,127,222,222,241,260,360,375,13,13,47,67,67,67,78,78,14,41,41,136,136,147,67,80,132,132,132,149,149,149,183,0,13,13,31,31,31],"floor_reached":51,"playtime":2065,"items_purged":["Strike_R"],"score":1038,"play_id":"78f36297-ff0e-451e-9ac1-8e3cd4262023","local_time":"20190405185139","is_ascension_mode":true,"campfire_choices":[{"data":"Pommel Strike","floor":7,"key":"SMITH"},{"data":"Anger","floor":12,"key":"SMITH"},{"data":"Offering","floor":15,"key":"SMITH"},{"floor":23,"key":"REST"},{"floor":27,"key":"REST"},{"data":"Exhume","floor":29,"key":"SMITH"},{"floor":32,"key":"REST"},{"floor":40,"key":"REST"},{"floor":42,"key":"REST"},{"floor":47,"key":"REST"},{"data":"Exhume","floor":49,"key":"SMITH"}],"neow_cost":"NONE","seed_source_timestamp":1706921646106672,"circlet_count":0,"master_deck":["Strike_R","Strike_R","Strike_R","Defend_R","Defend_R","Defend_R+1","Defend_R","Bash","Iron Wave+1","Pommel Strike+1","Spot Weakness+1","Anger+1","Offering+1","Exhume+1","Rampage","Fire Breathing","Warcry","Shockwave","Armaments","Rage+1","Entrench","Evolve","Intimidate","Exhume+1","Infernal Blade+1","Body Slam","Rage","Shrug It Off","Pommel Strike+1","Headbutt+1"],"relics":["Burning Blood","NeowsBlessing","The Courier","Bag of Marbles","WingedGreaves","Charon\u0027s Ashes","Tiny Chest","War Paint","Mark of Pain","Dead Branch","Bottled Flame","Regal Pillow","FossilizedHelix","Orichalcum","Blood Vial","Bronze Scales","Black Star","Mango","Unceasing Top","Pocketwatch","Molten Egg 2","Red Mask"],"potions_floor_usage":[8,21,28,38,50,50,50],"damage_taken":[{"damage":0,"enemies":"Jaw Worm","floor":1,"turns":1},{"damage":0,"enemies":"2 Louse","floor":5,"turns":1},{"damage":0,"enemies":"Lagavulin","floor":6,"turns":1},{"damage":18,"enemies":"Gremlin Nob","floor":8,"turns":3},{"damage":0,"enemies":"Small Slimes","floor":11,"turns":2},{"damage":23,"enemies":"Lagavulin","floor":14,"turns":5},{"damage":25,"enemies":"Hexaghost","floor":16,"turns":8},{"damage":12,"enemies":"Spheric Guardian","floor":18,"turns":3},{"damage":20,"enemies":"2 Thieves","floor":19,"turns":3},{"damage":12,"enemies":"Colosseum Slavers","floor":20,"turns":2},{"damage":32,"enemies":"Colosseum Nobs","floor":20,"turns":4},{"damage":11,"enemies":"Centurion and Healer","floor":21,"turns":4},{"damage":41,"enemies":"Slavers","floor":24,"turns":4},{"damage":12,"enemies":"Chosen and Byrds","floor":25,"turns":4},{"damage":12,"enemies":"Sentry and Sphere","floor":28,"turns":3},{"damage":18,"enemies":"Gremlin Leader","floor":31,"turns":6},{"damage":30,"enemies":"Champ","floor":33,"turns":8},{"damage":14,"enemies":"3 Darklings","floor":35,"turns":3},{"damage":7,"enemies":"3 Shapes","floor":37,"turns":6},{"damage":49,"enemies":"2 Orb Walkers","floor":38,"turns":5},{"damage":68,"enemies":"Transient","floor":41,"turns":5},{"damage":19,"enemies":"Reptomancer","floor":44,"turns":5},{"damage":17,"enemies":"Spire Growth","floor":46,"turns":4},{"damage":2,"enemies":"4 Shapes","floor":48,"turns":10},{"damage":59,"enemies":"Awakened One","floor":50,"turns":10}],"seed_played":"5900462519225710703","potions_obtained":[{"floor":6,"key":"Fire Potion"},{"floor":11,"key":"Strength Potion"},{"floor":16,"key":"SpeedPotion"},{"floor":20,"key":"Poison Potion"},{"floor":24,"key":"AttackPotion"},{"floor":28,"key":"SpeedPotion"},{"floor":44,"key":"SpeedPotion"}],"is_trial":false,"path_per_floor":["M","?","?","?","M","E","R","E","T","$","M","R","T","E","R","B",null,"M","M","?","M","$","R","E","M","T","R","M","R","$","E","R","B",null,"M","$","M","?","?","R","M","R","T","E","?","M","R","M","R","B",null],"character_chosen":"IRONCLAD","items_purchased":["Charon\u0027s Ashes","Regal Pillow","FossilizedHelix","Evolve","Body Slam"],"campfire_rested":6,"item_purchase_floors":[10,22,22,30,36],"current_hp_per_floor":[78,71,71,60,66,72,72,60,60,60,66,66,66,49,49,30,68,62,48,16,11,11,50,15,9,9,48,44,44,44,34,73,51,73,67,67,68,41,41,82,22,63,63,52,52,43,84,89,89,36],"gold":31,"neow_bonus":"THREE_ENEMY_KILL","is_prod":false,"is_daily":false,"chose_seed":false,"campfire_upgraded":5,"win_rate":0,"timestamp":1554508299,"path_taken":["M","?","?","?","M","E","R","E","T","$","M","R","?","E","R","BOSS","M","M","?","M","$","R","E","M","T","R","M","R","$","E","R","BOSS","M","$","M","?","?","R","M","R","T","E","?","M","R","M","R","BOSS"],"build_version":"2019-01-23","purchased_purges":1,"victory":true,"max_hp_per_floor":[80,80,80,80,80,80,80,80,80,80,80,80,80,80,80,80,80,80,80,80,80,80,80,80,80,80,80,80,80,80,80,80,80,80,80,80,80,94,89,89,89,89,89,89,89,89,89,89,89,89],"card_choices":[{"not_picked":["Ghostly Armor","Wild Strike"],"picked":"Iron Wave","floor":1},{"not_picked":["Battle Trance","Wild Strike"],"picked":"Pommel Strike","floor":5},{"not_picked":["Pummel","Seeing Red"],"picked":"Spot Weakness","floor":6},{"not_picked":["Flex","Inflame"],"picked":"Anger","floor":8},{"not_picked":["Sever Soul","Second Wind","Body Slam"],"picked":"SKIP","floor":11},{"not_picked":["Rupture","Bloodletting"],"picked":"Offering","floor":14},{"not_picked":["Berserk","Impervious"],"picked":"Exhume","floor":16},{"not_picked":["Cleave","Iron Wave+1"],"picked":"Rampage","floor":18},{"not_picked":["Thunderclap","Reckless Charge"],"picked":"Fire Breathing","floor":19},{"not_picked":["Clash","Flex"],"picked":"Warcry","floor":20},{"not_picked":["Cleave","Clothesline+1"],"picked":"Shockwave","floor":21},{"not_picked":["Pommel Strike","Flex"],"picked":"Armaments","floor":24},{"not_picked":["Shockwave","Pommel Strike"],"picked":"Rage+1","floor":25},{"not_picked":["Wild Strike","Flex"],"picked":"Entrench","floor":28},{"not_picked":["Berserk","Warcry"],"picked":"Intimidate","floor":31},{"not_picked":["Immolate","Impervious"],"picked":"Exhume","floor":33},{"not_picked":["Thunderclap","Entrench"],"picked":"Infernal Blade+1","floor":35},{"not_picked":["Carnage+1","Dual Wield","Uppercut+1"],"picked":"SKIP","floor":37},{"not_picked":["Uppercut+1","Inflame"],"picked":"Rage","floor":41},{"not_picked":["Disarm","Body Slam"],"picked":"Shrug It Off","floor":44},{"not_picked":["Perfected Strike+1","Flex"],"picked":"Pommel Strike+1","floor":46},{"not_picked":["Armaments","Clothesline+1"],"picked":"Headbutt+1","floor":48}],"player_experience":286040,"relics_obtained":[{"floor":6,"key":"The Courier"},{"floor":8,"key":"Bag of Marbles"},{"floor":9,"key":"WingedGreaves"},{"floor":13,"key":"Tiny Chest"},{"floor":14,"key":"War Paint"},{"floor":20,"key":"Dead Branch"},{"floor":20,"key":"Bottled Flame"},{"floor":24,"key":"Orichalcum"},{"floor":26,"key":"Blood Vial"},{"floor":31,"key":"Bronze Scales"},{"floor":38,"key":"Mango"},{"floor":43,"key":"Unceasing Top"},{"floor":44,"key":"Pocketwatch"},{"floor":44,"key":"Molten Egg 2"}],"event_choices":[{"cards_removed":["Strike_R"],"damage_healed":0,"gold_gain":0,"player_choice":"Card Removal","damage_taken":7,"max_hp_gain":0,"max_hp_loss":0,"event_name":"Golden Wing","floor":2,"gold_loss":0},{"damage_healed":0,"gold_gain":0,"player_choice":"Grow","damage_taken":0,"max_hp_gain":0,"max_hp_loss":0,"event_name":"Living Wall","floor":3,"gold_loss":0,"cards_upgraded":["Iron Wave"]},{"damage_healed":0,"gold_gain":75,"player_choice":"Gather Gold","damage_taken":11,"max_hp_gain":0,"max_hp_loss":0,"event_name":"World of Goop","floor":4,"gold_loss":0},{"damage_healed":0,"gold_gain":0,"player_choice":"Fight","damage_taken":0,"max_hp_gain":0,"max_hp_loss":0,"event_name":"Colosseum","floor":20,"gold_loss":0},{"damage_healed":0,"gold_gain":0,"player_choice":"Fought Nobs","damage_taken":0,"max_hp_gain":0,"max_hp_loss":0,"event_name":"Colosseum","floor":20,"gold_loss":0},{"damage_healed":0,"gold_gain":0,"player_choice":"Fight","damage_taken":0,"max_hp_gain":0,"max_hp_loss":0,"event_name":"Mysterious Sphere","floor":38,"gold_loss":0},{"damage_healed":0,"gold_gain":0,"player_choice":"Max HP","damage_taken":0,"max_hp_gain":0,"max_hp_loss":5,"event_name":"Winding Halls","floor":39,"gold_loss":0},{"damage_healed":0,"gold_gain":0,"player_choice":"Paid","damage_taken":0,"relics_obtained":["Red Mask"],"max_hp_gain":0,"max_hp_loss":0,"event_name":"Tomb of Lord Red Mask","floor":45,"gold_loss":183}],"is_beta":false,"boss_relics":[{"not_picked":["Snecko Eye","Empty Cage"],"picked":"Mark of Pain"},{"not_picked":["Lizard Tail","Calling Bell"],"picked":"Black Star"}],"items_purged_floors":[36],"is_endless":false,"potions_floor_spawned":[6,11,16,20,20,24,25,28,35,37,44],"ascension_level":8}