{"gold_per_floor":[114,124,134,134,146,181,181,281,307,307,337,353,380,82,82,82],"floor_reached":16,"playtime":531,"items_purged":["Defend_R"],"score":120,"play_id":"2c52e5da-2f4c-4ac0-ab94-a3b3a012010d","local_time":"20190210174709","is_ascension_mode":false,"campfire_choices":[{"data":"Clash","floor":7,"key":"SMITH"},{"data":"Rampage","floor":10,"key":"SMITH"},{"data":"Fire Breathing","floor":15,"key":"SMITH"}],"neow_cost":"NONE","seed_source_timestamp":2129322203074444,"circlet_count":0,"master_deck":["Strike_R","Strike_R","Strike_R","Strike_R","Strike_R","Defend_R","Defend_R","Bash","Clash","Clash+1","Cleave","Perfected Strike","Rampage+1","Combust","Heavy Blade","Infernal Blade","Fire Breathing+1"],"relics":["Burning Blood","NeowsBlessing","Strawberry","Orichalcum","Red Skull","Dream Catcher","Lantern"],"potions_floor_usage":[16],"damage_taken":[{"damage":0,"enemies":"Small Slimes","floor":1,"turns":1},{"damage":0,"enemies":"2 Louse","floor":2,"turns":1},{"damage":0,"enemies":"Cultist","floor":3,"turns":1},{"damage":8,"enemies":"2 Fungi Beasts","floor":5,"turns":3},{"damage":17,"enemies":"3 Sentries","floor":6,"turns":6},{"damage":25,"enemies":"Lagavulin","floor":11,"turns":4},{"damage":5,"enemies":"Looter","floor":12,"turns":2},{"damage":13,"enemies":"3 Sentries","floor":13,"turns":4},{"damage":54,"enemies":"The Guardian","floor":16,"turns":6}],"seed_played":"-1883120130899117698","potions_obtained":[{"floor":2,"key":"Ancient Potion"},{"floor":5,"key":"EssenceOfSteel"},{"floor":12,"key":"Ancient Potion"}],"is_trial":false,"path_per_floor":["M","M","M","?","M","E","R","?","T","R","E","M","E","$","R","B"],"character_chosen":"IRONCLAD","items_purchased":["Fire Breathing","Lantern"],"campfire_rested":0,"item_purchase_floors":[14,14],"current_hp_per_floor":[80,80,80,80,78,74,74,74,74,74,55,56,49,49,49,0],"gold":82,"neow_bonus":"THREE_ENEMY_KILL","is_prod":false,"is_daily":false,"chose_seed":false,"campfire_upgraded":3,"win_rate":0.0,"timestamp":1549842429,"path_taken":["M","M","M","?","M","E","R","?","T","R","E","?","E","$","R","BOSS"],"build_version":"2019-01-23","purchased_purges":1,"victory":false,"max_hp_per_floor":[80,80,80,80,80,87,87,87,87,87,87,87,87,87,87,87],"card_choices":[{"not_picked":["Headbutt","Thunderclap"],"picked":"Clash","floor":1},{"not_picked":["Sword Boomerang","Armaments"],"picked":"Clash","floor":2},{"not_picked":["Flex","Juggernaut"],"picked":"Cleave","floor":3},{"not_picked":["Clash","Blood for Blood"],"picked":"Perfected Strike","floor":5},{"not_picked":["Shrug It Off","Flame Barrier"],"picked":"Rampage","floor":6},{"not_picked":["Clothesline","Berserk"],"picked":"Combust","floor":11},{"not_picked":["Sword Boomerang","Clash"],"picked":"Heavy Blade","floor":12},{"not_picked":["Warcry","Body Slam"],"picked":"Infernal Blade","floor":13}],"player_experience":30400,"relics_obtained":[{"floor":6,"key":"Strawberry"},{"floor":9,"key":"Orichalcum"},{"floor":11,"key":"Red Skull"},{"floor":13,"key":"Dream Catcher"}],"event_choices":[{"cards_removed":["Defend_R"],"damage_healed":0,"gold_gain":0,"player_choice":"Forget","damage_taken":0,"max_hp_gain":0,"max_hp_loss":0,"event_name":"Living Wall","floor":4,"gold_loss":0},{"damage_healed":0,"gold_gain":100,"player_choice":"Pray","damage_taken":0,"max_hp_gain":0,"max_hp_loss":0,"event_name":"Golden Shrine","floor":8,"gold_loss":0}],"is_beta":false,"boss_relics":[],"items_purged_floors":[14],"is_endless":false,"potions_floor_spawned":[2,5,12],"killed_by":"The Guardian","ascension_level":0}