{"gold_per_floor":[114,114,125,125,51,84,98,98,152,152,180,180,207,219,219,219],"floor_reached":16,"playtime":1210,"items_purged":["Regret"],"score":200,"play_id":"93921a00-3a41-477b-96d5-e1a7747047bd","local_time":"20190330132248","is_ascension_mode":true,"campfire_choices":[{"data":"True Grit","floor":8,"key":"SMITH"},{"data":"Pommel Strike","floor":10,"key":"SMITH"},{"data":"Armaments","floor":15,"key":"SMITH"}],"neow_cost":"NONE","seed_source_timestamp":1169641866312723,"circlet_count":0,"master_deck":["Strike_R","Strike_R","Strike_R","Strike_R","Strike_R","Defend_R","Defend_R","Defend_R","Defend_R","Bash","Fire Breathing+1","Pommel Strike+1","True Grit+1","Iron Wave","Warcry","Corruption","Armaments+1","Metallicize+1"],"relics":["Burning Blood","NeowsBlessing","Smiling Mask","Ornamental Fan","Dream Catcher","Centennial Puzzle","Frozen Egg 2","Meat on the Bone"],"potions_floor_usage":[13,13,14],"damage_taken":[{"damage":0,"enemies":"Small Slimes","floor":1,"turns":1},{"damage":0,"enemies":"Jaw Worm","floor":3,"turns":1},{"damage":0,"enemies":"Lagavulin","floor":6,"turns":1},{"damage":4,"enemies":"2 Louse","floor":7,"turns":2},{"damage":22,"enemies":"3 Sentries","floor":11,"turns":10},{"damage":21,"enemies":"Lagavulin","floor":13,"turns":5},{"damage":19,"enemies":"Lots of Slimes","floor":14,"turns":10},{"damage":46,"enemies":"Slime Boss","floor":16,"turns":10}],"seed_played":"-8433439393561257183","potions_obtained":[{"floor":1,"key":"Poison Potion"},{"floor":6,"key":"SteroidPotion"},{"floor":11,"key":"FearPotion"},{"floor":13,"key":"BloodPotion"}],"is_trial":false,"path_per_floor":["M","?","M","?","$","E","M","R","T","R","E","T","E","M","R","B"],"character_chosen":"IRONCLAD","items_purchased":["True Grit"],"campfire_rested":0,"item_purchase_floors":[5],"current_hp_per_floor":[78,78,80,80,80,80,80,80,80,80,64,64,49,56,56,10],"gold":219,"neow_bonus":"THREE_ENEMY_KILL","is_prod":false,"is_daily":false,"chose_seed":false,"campfire_upgraded":3,"win_rate":0,"timestamp":1553970168,"path_taken":["M","?","M","?","$","E","M","R","T","R","E","?","E","M","R","BOSS"],"build_version":"2019-01-23","purchased_purges":1,"victory":false,"max_hp_per_floor":[80,80,80,80,80,80,80,80,80,80,80,80,80,80,80,80],"card_choices":[{"not_picked":["Blood for Blood","Havoc"],"picked":"Fire Breathing","floor":1},{"not_picked":["Headbutt","Evolve"],"picked":"Pommel Strike","floor":3},{"not_picked":["Havoc","Evolve"],"picked":"Iron Wave","floor":6},{"not_picked":["Wild Strike","Armaments"],"picked":"Warcry","floor":7},{"not_picked":["Iron Wave","Bloodletting"],"picked":"Corruption","floor":11},{"not_picked":["Disarm","Sever Soul"],"picked":"Armaments","floor":13},{"not_picked":["Combust+1","Armaments"],"picked":"Metallicize+1","floor":14}],"player_experience":276155,"relics_obtained":[{"floor":6,"key":"Ornamental Fan"},{"floor":9,"key":"Dream Catcher"},{"floor":11,"key":"Centennial Puzzle"},{"floor":12,"key":"Frozen Egg 2"},{"floor":13,"key":"Meat on the Bone"}],"event_choices":[{"damage_healed":0,"gold_gain":0,"player_choice":"Grow","damage_taken":0,"max_hp_gain":0,"max_hp_loss":0,"event_name":"Living Wall","floor":2,"gold_loss":0,"cards_upgraded":["Fire Breathing"]},{"damage_healed":0,"gold_gain":0,"player_choice":"Box","damage_taken":0,"relics_obtained":["Smiling Mask"],"max_hp_gain":0,"max_hp_loss":0,"event_name":"Big Fish","floor":4,"gold_loss":0,"cards_obtained":["Regret"]}],"is_beta":false,"boss_relics":[],"items_purged_floors":[5],"is_endless":false,"potions_floor_spawned":[1,6,11,13],"killed_by":"Slime Boss","ascension_level":8}