{"gold_per_floor":[109,120,137,38,51,82,82,101,125,154,44,44,62,72,72,174,174,184,199,210,223,223],"floor_reached":22,"playtime":1079,"items_purged":[],"score":202,"play_id":"fa8efc28-4f72-4309-95c2-0af16b8a3523","local_time":"20190524012709","is_ascension_mode":false,"campfire_choices":[{"data":"Ball Lightning","floor":7,"key":"SMITH"},{"floor":12,"key":"REST"},{"floor":15,"key":"REST"}],"neow_cost":"NONE","seed_source_timestamp":18968465704488,"circlet_count":0,"master_deck":["Strike_B","Strike_B","Strike_B","Strike_B","Defend_B","Defend_B","Defend_B","Defend_B","Zap","Dualcast","Glacier","Ball Lightning+1","Darkness","Sweeping Beam","Streamline","Rebound","Consume","FTL","Loop","Steam","Fission","Cold Snap","Echo Form","Hologram","Cold Snap","Self Repair"],"relics":["Philosopher\u0027s Stone","Pen Nib","Bag of Preparation","MawBank","Sozu"],"potions_floor_usage":[],"damage_taken":[{"damage":2,"enemies":"Cultist","floor":1,"turns":3},{"damage":1,"enemies":"Small Slimes","floor":2,"turns":5},{"damage":0,"enemies":"2 Louse","floor":3,"turns":2},{"damage":4,"enemies":"Exordium Wildlife","floor":5,"turns":3},{"damage":34,"enemies":"Lagavulin","floor":6,"turns":7},{"damage":0,"enemies":"Gremlin Gang","floor":8,"turns":3},{"damage":16,"enemies":"3 Sentries","floor":10,"turns":6},{"damage":2,"enemies":"Red Slaver","floor":13,"turns":4},{"damage":10,"enemies":"3 Louse","floor":14,"turns":2},{"damage":17,"enemies":"Hexaghost","floor":16,"turns":9},{"damage":15,"enemies":"Shell Parasite","floor":18,"turns":4},{"damage":12,"enemies":"3 Byrds","floor":19,"turns":4},{"damage":23,"enemies":"3 Cultists","floor":20,"turns":5},{"damage":15,"enemies":"Snecko","floor":21,"turns":5},{"damage":25,"enemies":"Chosen and Byrds","floor":22,"turns":4}],"seed_played":"8908838478352718779","potions_obtained":[{"floor":2,"key":"SpeedPotion"},{"floor":5,"key":"Fire Potion"},{"floor":13,"key":"Poison Potion"}],"is_trial":false,"path_per_floor":["M","M","M","$","M","E","R","M","T","E","$","R","M","M","R","B",null,"M","M","M","M","M"],"character_chosen":"DEFECT","items_purchased":["Sweeping Beam","Streamline","Loop","Steam"],"campfire_rested":2,"item_purchase_floors":[4,4,11,11],"current_hp_per_floor":[73,72,72,72,68,34,34,34,34,18,18,40,38,28,50,33,75,60,48,25,10,0],"gold":223,"neow_bonus":"BOSS_RELIC","is_prod":false,"is_daily":false,"chose_seed":false,"campfire_upgraded":1,"win_rate":0,"timestamp":1558686429,"path_taken":["M","M","M","$","M","E","R","M","T","E","$","R","M","M","R","BOSS","M","M","M","?","M"],"build_version":"2019-01-23","purchased_purges":0,"victory":false,"max_hp_per_floor":[75,75,75,75,75,75,75,75,75,75,75,75,75,75,75,75,75,75,75,75,75,75],"card_choices":[{"not_picked":["Turbo","Steam"],"picked":"Glacier","floor":1},{"not_picked":["Turbo","Stack"],"picked":"Ball Lightning","floor":2},{"not_picked":["Storm","Reprogram"],"picked":"Darkness","floor":3},{"not_picked":["Storm","Tempest"],"picked":"Rebound","floor":5},{"not_picked":["Heatsinks","Buffer"],"picked":"Consume","floor":6},{"not_picked":["Streamline","Chaos","Ball Lightning"],"picked":"SKIP","floor":8},{"not_picked":["Force Field","Consume"],"picked":"FTL","floor":10},{"not_picked":["Turbo","Compile Driver"],"picked":"Fission","floor":13},{"not_picked":["Reprogram","Coolheaded"],"picked":"Cold Snap","floor":14},{"not_picked":["Thunder Strike","Multi-Cast"],"picked":"Echo Form","floor":16},{"not_picked":["Beam Cell","Sweeping Beam","Fusion"],"picked":"SKIP","floor":18},{"not_picked":["Rebound","Leap"],"picked":"Hologram","floor":19},{"not_picked":["Go for the Eyes","Barrage"],"picked":"Cold Snap","floor":20},{"not_picked":["Double Energy","Compile Driver+1"],"picked":"Self Repair","floor":21}],"player_experience":251420,"relics_obtained":[{"floor":6,"key":"Pen Nib"},{"floor":9,"key":"Bag of Preparation"},{"floor":10,"key":"MawBank"}],"event_choices":[],"is_beta":false,"boss_relics":[{"not_picked":["Calling Bell","White Beast Statue"],"picked":"Sozu"}],"items_purged_floors":[],"is_endless":false,"potions_floor_spawned":[2,5,13,21],"killed_by":"Chosen and Byrds","ascension_level":0}