{"gold_per_floor":[116,129,141,156,156,189,189,220,276,276,276,300,265,278,278,380,380,393,492,507,129,79,79,32,64,141,152,152,168,168,185,185,283,283,293,303,303,303,303],"floor_reached":39,"playtime":1100,"items_purged":["Strike_R"],"score":608,"play_id":"c6133de0-7391-46fa-9712-fc111c5c6a11","local_time":"20190319032316","is_ascension_mode":true,"campfire_choices":[{"data":"Searing Blow","floor":7,"key":"SMITH"},{"data":"Corruption","floor":10,"key":"SMITH"},{"data":"Armaments","floor":15,"key":"SMITH"},{"data":"Searing Blow+1","floor":23,"key":"SMITH"},{"data":"Searing Blow+2","floor":28,"key":"SMITH"},{"data":"Searing Blow+3","floor":30,"key":"SMITH"},{"floor":32,"key":"REST"}],"neow_cost":"NONE","seed_source_timestamp":0,"circlet_count":0,"master_deck":["Strike_R+1","Defend_R","Defend_R+1","Defend_R","Defend_R+1","Bash","Demon Form","Armaments+1","Searing Blow+4","Immolate","Headbutt+1","Corruption+1","Impervious","Twin Strike+1","Uppercut+1","Rupture+1","Shrug It Off","Warcry","Body Slam","Juggernaut","Shockwave+1"],"special_seed":0,"relics":["Burning Blood","Singing Bowl","Anchor","Bronze Scales","Tiny Chest","Red Skull","Astrolabe","Whetstone","War Paint","Pen Nib","Mercury Hourglass","Eternal Feather"],"potions_floor_usage":[8,20,31,36,36,36,39],"damage_taken":[{"damage":10,"enemies":"Cultist","floor":1,"turns":5},{"damage":2,"enemies":"2 Louse","floor":2,"turns":4},{"damage":9,"enemies":"Jaw Worm","floor":3,"turns":6},{"damage":0,"enemies":"3 Louse","floor":4,"turns":1},{"damage":35,"enemies":"Lagavulin","floor":6,"turns":6},{"damage":32,"enemies":"Gremlin Nob","floor":8,"turns":4},{"damage":0,"enemies":"Looter","floor":14,"turns":2},{"damage":28,"enemies":"Slime Boss","floor":16,"turns":7},{"damage":17,"enemies":"Shell Parasite","floor":18,"turns":6},{"damage":12,"enemies":"3 Byrds","floor":20,"turns":6},{"damage":22,"enemies":"Book of Stabbing","floor":25,"turns":5},{"damage":7,"enemies":"3 Cultists","floor":27,"turns":4},{"damage":9,"enemies":"Snake Plant","floor":29,"turns":3},{"damage":13,"enemies":"Snecko","floor":31,"turns":3},{"damage":41,"enemies":"Champ","floor":33,"turns":9},{"damage":27,"enemies":"Orb Walker","floor":35,"turns":4},{"damage":5,"enemies":"3 Darklings","floor":36,"turns":5},{"damage":60,"enemies":"Transient","floor":39,"turns":4}],"seed_played":"-2584751219023017190","potions_obtained":[{"floor":2,"key":"Swift Potion"},{"floor":6,"key":"Poison Potion"},{"floor":14,"key":"SneckoOil"},{"floor":16,"key":"Block Potion"},{"floor":29,"key":"SpeedPotion"},{"floor":31,"key":"Block Potion"},{"floor":36,"key":"Poison Potion"}],"is_trial":false,"path_per_floor":["M","M","M","M","?","E","R","E","T","R","?","T","?","M","R","B",null,"M","?","M","$","?","R","$","E","T","M","R","M","R","M","R","B",null,"M","M","?","?","M"],"character_chosen":"IRONCLAD","items_purchased":["Whetstone","War Paint","Shrug It Off"],"campfire_rested":1,"item_purchase_floors":[21,21,24],"current_hp_per_floor":[68,72,69,75,68,41,41,15,15,15,15,15,35,43,43,21,68,59,59,55,55,55,55,55,41,41,42,42,39,39,32,59,24,75,54,57,57,57,0],"gold":303,"neow_bonus":"ONE_RANDOM_RARE_CARD","is_prod":false,"is_daily":false,"chose_seed":false,"campfire_upgraded":6,"win_rate":0,"timestamp":1552983796,"path_taken":["M","M","?","M","?","E","R","E","T","R","?","?","?","M","R","BOSS","M","?","M","$","?","R","$","E","T","?","R","M","R","M","R","BOSS","M","M","?","?","?"],"build_version":"2019-01-23","purchased_purges":1,"victory":false,"max_hp_per_floor":[80,80,80,80,80,82,82,82,82,82,82,82,82,84,84,84,84,86,86,88,88,88,88,88,90,90,92,92,92,92,92,92,92,92,92,94,94,94,94],"card_choices":[{"not_picked":["Anger","Warcry"],"picked":"Armaments","floor":1},{"not_picked":["Anger","Headbutt"],"picked":"Searing Blow","floor":2},{"not_picked":["Shrug It Off","Headbutt"],"picked":"Immolate","floor":3},{"not_picked":["Wild Strike","Armaments"],"picked":"Headbutt","floor":4},{"not_picked":["Havoc","Rampage","Heavy Blade"],"picked":"Singing Bowl","floor":6},{"not_picked":["Flex","Disarm"],"picked":"Corruption","floor":8},{"not_picked":["Whirlwind","Searing Blow","Havoc"],"picked":"Singing Bowl","floor":14},{"not_picked":["Bludgeon","Double Tap"],"picked":"Impervious","floor":16},{"not_picked":["Inflame","Ghostly Armor","Whirlwind+1"],"picked":"Singing Bowl","floor":18},{"not_picked":["Twin Strike","Hemokinesis","Armaments"],"picked":"Singing Bowl","floor":20},{"not_picked":["Sever Soul+1","Second Wind","Perfected Strike"],"picked":"Singing Bowl","floor":25},{"not_picked":["Uppercut+1","Dual Wield","Rupture"],"picked":"Singing Bowl","floor":27},{"not_picked":["Sword Boomerang","Anger"],"picked":"Warcry","floor":29},{"not_picked":["Perfected Strike","Uppercut+1"],"picked":"Body Slam","floor":31},{"not_picked":["Barricade","Berserk"],"picked":"Juggernaut","floor":33},{"not_picked":["Havoc","Headbutt+1"],"picked":"Shockwave+1","floor":35},{"not_picked":["Twin Strike+1","Entrench","Rupture+1"],"picked":"Singing Bowl","floor":36}],"player_experience":225596,"relics_obtained":[{"floor":6,"key":"Anchor"},{"floor":8,"key":"Bronze Scales"},{"floor":9,"key":"Tiny Chest"},{"floor":12,"key":"Red Skull"},{"floor":25,"key":"Pen Nib"},{"floor":26,"key":"Mercury Hourglass"}],"event_choices":[{"damage_healed":0,"gold_gain":0,"player_choice":"Success","damage_taken":7,"relics_obtained":["Singing Bowl"],"max_hp_gain":0,"max_hp_loss":0,"event_name":"Scrap Ooze","floor":5,"gold_loss":0},{"damage_healed":0,"gold_gain":0,"player_choice":"Ignored","damage_taken":0,"max_hp_gain":0,"max_hp_loss":0,"event_name":"Liars Game","floor":11,"gold_loss":0},{"damage_healed":20,"gold_gain":0,"player_choice":"Healed","damage_taken":0,"max_hp_gain":0,"max_hp_loss":0,"event_name":"The Cleric","floor":13,"gold_loss":35},{"damage_healed":0,"gold_gain":99,"player_choice":"Stole From Cult","damage_taken":0,"max_hp_gain":0,"max_hp_loss":0,"event_name":"Nest","floor":19,"gold_loss":0},{"damage_healed":0,"gold_gain":0,"player_choice":"Bet on Owner","damage_taken":0,"max_hp_gain":0,"max_hp_loss":0,"event_name":"The Joust","floor":22,"gold_loss":50},{"damage_healed":0,"gold_gain":0,"player_choice":"Ignored","damage_taken":0,"max_hp_gain":0,"max_hp_loss":0,"event_name":"Mysterious Sphere","floor":37,"gold_loss":0},{"damage_healed":0,"gold_gain":0,"player_choice":"0 cards matched","damage_taken":0,"max_hp_gain":0,"max_hp_loss":0,"event_name":"Match and Keep!","floor":38,"gold_loss":0,"cards_obtained":[]}],"is_beta":false,"boss_relics":[{"not_picked":["Orrery","Runic Cube"],"picked":"Astrolabe"},{"not_picked":["Runic Dome","Lizard Tail"],"picked":"Eternal Feather"}],"items_purged_floors":[21],"is_endless":false,"potions_floor_spawned":[2,6,14,16,18,29,31,36],"killed_by":"Transient","ascension_level":8}