{"gold_per_floor":[18,35,45,63,63,63,91,110,136,153,180,180,105,117,117,213,213,233,83,8,22,41,41,66,66,66,79,79],"floor_reached":28,"playtime":2501,"items_purged":["Strike_B","Strike_B"],"score":242,"play_id":"5f38d46d-2463-473d-890c-de6590bd6b0b","local_time":"20190515183515","is_ascension_mode":false,"campfire_choices":[{"data":"Scrape","floor":6,"key":"SMITH"},{"floor":12,"key":"REST"},{"floor":15,"key":"REST"},{"data":"Dualcast","floor":23,"key":"SMITH"},{"floor":25,"key":"REST"}],"neow_cost":"NO_GOLD","seed_source_timestamp":67509479336372,"circlet_count":0,"master_deck":["Defend_B","Defend_B","Defend_B","Zap","Dualcast+1","Scrape+1","Gash","Steam","Gash","Steam","Echo Form","Turbo","Reprogram","Buffer","Gash","Beam Cell","Cold Snap+1","Steam"],"relics":["FrozenCore","Centennial Puzzle","Bag of Preparation","Odd Mushroom","Dream Catcher","Shuriken"],"potions_floor_usage":[],"damage_taken":[{"damage":1,"enemies":"Cultist","floor":1,"turns":3},{"damage":6,"enemies":"Jaw Worm","floor":2,"turns":3},{"damage":5,"enemies":"Small Slimes","floor":3,"turns":2},{"damage":3,"enemies":"Blue Slaver","floor":4,"turns":3},{"damage":10,"enemies":"3 Sentries","floor":7,"turns":8},{"damage":5,"enemies":"Lots of Slimes","floor":8,"turns":4},{"damage":0,"enemies":"Exordium Wildlife","floor":10,"turns":2},{"damage":14,"enemies":"The Mushroom Lair","floor":11,"turns":4},{"damage":0,"enemies":"Large Slime","floor":14,"turns":3},{"damage":38,"enemies":"Hexaghost","floor":16,"turns":6},{"damage":19,"enemies":"3 Byrds","floor":18,"turns":6},{"damage":10,"enemies":"Spheric Guardian","floor":21,"turns":5},{"damage":2,"enemies":"Centurion and Healer","floor":22,"turns":6},{"damage":16,"enemies":"Slavers","floor":24,"turns":6},{"damage":31,"enemies":"Cultist and Chosen","floor":27,"turns":9},{"damage":19,"enemies":"Snake Plant","floor":28,"turns":3}],"seed_played":"-4770903418104084472","potions_obtained":[{"floor":1,"key":"SpeedPotion"},{"floor":2,"key":"FearPotion"},{"floor":3,"key":"Dexterity Potion"},{"floor":10,"key":"Ancient Potion"},{"floor":11,"key":"Fire Potion"},{"floor":14,"key":"Fruit Juice"},{"floor":18,"key":"Dexterity Potion"}],"is_trial":false,"path_per_floor":["M","M","M","M","$","R","E","M","T","M","?","R","$","M","R","B",null,"M","$","?","M","M","R","E","R","T","M","M"],"character_chosen":"DEFECT","items_purchased":["Gash"],"campfire_rested":3,"item_purchase_floors":[19],"current_hp_per_floor":[74,68,63,60,60,60,50,45,45,45,31,53,53,53,75,37,75,56,56,56,46,44,44,28,50,50,19,0],"gold":79,"neow_bonus":"REMOVE_TWO","is_prod":false,"is_daily":false,"chose_seed":false,"campfire_upgraded":2,"win_rate":0.0,"timestamp":1557970515,"path_taken":["M","M","M","?","$","R","E","M","T","M","?","R","$","M","R","BOSS","M","$","?","M","M","R","E","R","T","M","M"],"build_version":"2019-01-23","purchased_purges":2,"victory":false,"max_hp_per_floor":[75,75,75,75,75,75,75,75,75,75,75,75,75,75,75,75,75,75,75,75,75,75,75,75,75,75,75,75],"card_choices":[{"not_picked":["FTL","Streamline"],"picked":"Scrape","floor":1},{"not_picked":["FTL","Go for the Eyes"],"picked":"Gash","floor":2},{"not_picked":["Leap","Barrage"],"picked":"Steam","floor":3},{"not_picked":["Rebound","Reinforced Body"],"picked":"Gash","floor":4},{"not_picked":["Turbo","Reinforced Body"],"picked":"Steam","floor":7},{"not_picked":["Redo","Conserve Battery","Ball Lightning"],"picked":"SKIP","floor":8},{"not_picked":["Rebound","Coolheaded"],"picked":"Echo Form","floor":10},{"not_picked":["Static Discharge","Hologram"],"picked":"Turbo","floor":11},{"not_picked":["Hello World","Doom and Gloom"],"picked":"Reprogram","floor":14},{"not_picked":["Creative AI","Rainbow"],"picked":"Buffer","floor":16},{"not_picked":["Compile Driver","Conserve Battery+1","Sweeping Beam"],"picked":"SKIP","floor":18},{"not_picked":["Steam","Loop+1"],"picked":"Beam Cell","floor":21},{"not_picked":["Compile Driver","Steam Power"],"picked":"Cold Snap+1","floor":22},{"not_picked":["Thunder Strike","Tempest+1"],"picked":"Steam","floor":24},{"not_picked":["Leap+1","Turbo+1","Streamline"],"picked":"SKIP","floor":27}],"player_experience":48013,"relics_obtained":[{"floor":7,"key":"Centennial Puzzle"},{"floor":9,"key":"Bag of Preparation"},{"floor":11,"key":"Odd Mushroom"},{"floor":24,"key":"Dream Catcher"},{"floor":26,"key":"Shuriken"}],"event_choices":[{"damage_healed":0,"gold_gain":0,"player_choice":"Fought Mushrooms","damage_taken":0,"max_hp_gain":0,"max_hp_loss":0,"event_name":"Mushrooms","floor":11,"gold_loss":0},{"cards_removed":["Strike_B"],"damage_healed":0,"gold_gain":0,"player_choice":"Gave Gold","damage_taken":0,"max_hp_gain":0,"max_hp_loss":0,"event_name":"Beggar","floor":20,"gold_loss":75}],"is_beta":false,"boss_relics":[{"not_picked":["White Beast Statue","Nuclear Battery"],"picked":"FrozenCore"}],"items_purged_floors":[13,19],"is_endless":false,"potions_floor_spawned":[1,2,3,10,11,14,18],"killed_by":"Snake Plant","ascension_level":0}