{"gold_per_floor":[111,131,145,70,88,88,102,120,194,38,38,71,88,119,119,220,220,240,240,260,48,67,67,77,110,134,153,153,28,28,48,48,147,147,162,27,27,44,17,17,34,34,103,152,152,162,162,181,181,181],"floor_reached":50,"playtime":3001,"items_purged":["Strike_G","Decay","Strike_G"],"score":476,"play_id":"3c87c6d7-e478-41a6-9a83-87744ab29abf","local_time":"20190520181419","is_ascension_mode":false,"campfire_choices":[{"data":"Phantasmal Killer","floor":6.0,"key":"SMITH"},{"data":"Dash","floor":11.0,"key":"SMITH"},{"floor":15,"key":"REST"},{"floor":23,"key":"REST"},{"data":"Noxious Fumes","floor":28,"key":"SMITH"},{"floor":30,"key":"REST"},{"data":"Accuracy","floor":32,"key":"SMITH"},{"floor":40,"key":"REST"},{"floor":42,"key":"REST"},{"floor":45,"key":"REST"},{"data":"Tools of the Trade","floor":49,"key":"SMITH"}],"neow_cost":"NONE","seed_source_timestamp":0,"circlet_count":0,"master_deck":["Defend_G","Defend_G","Defend_G","Defend_G","Defend_G","Strike_G+1","Survivor","Neutralize","Panacea","Infinite Blades","Predator+1","Phantasmal Killer+1","Blade Dance","Backflip","Accuracy+1","Dash+1","Noxious Fumes+1","Dagger Spray","Tools of the Trade+1","Footwork","Reflex","Footwork","Underhanded Strike","Cloak And Dagger+1","Outmaneuver+1","Catalyst","Flash of Steel","Caltrops+1","Cloak And Dagger","Underhanded Strike","Backflip+1"],"special_seed":0,"relics":["Ring of the Snake","Mercury Hourglass","Bird Faced Urn","Mango","Busted Crown","Whetstone","Empty Cage","Bottled Tornado","Thread and Needle"],"potions_floor_usage":[50,50],"damage_taken":[{"damage":4.0,"enemies":"Cultist","floor":1.0,"turns":5.0},{"damage":6.0,"enemies":"2 Louse","floor":2.0,"turns":4.0},{"damage":0.0,"enemies":"Jaw Worm","floor":3.0,"turns":4.0},{"damage":1.0,"enemies":"Exordium Wildlife","floor":5.0,"turns":3.0},{"damage":7.0,"enemies":"Blue Slaver","floor":7.0,"turns":3.0},{"damage":1.0,"enemies":"Red Slaver","floor":8.0,"turns":4.0},{"damage":11.0,"enemies":"Gremlin Nob","floor":12.0,"turns":4.0},{"damage":0.0,"enemies":"Large Slime","floor":13.0,"turns":4.0},{"damage":36,"enemies":"3 Sentries","floor":14,"turns":5},{"damage":27,"enemies":"Slime Boss","floor":16,"turns":6},{"damage":32,"enemies":"Chosen","floor":18,"turns":5},{"damage":10,"enemies":"Spheric Guardian","floor":20,"turns":5},{"damage":14,"enemies":"Centurion and Healer","floor":22,"turns":6},{"damage":10,"enemies":"Chosen and Byrds","floor":24,"turns":6},{"damage":25,"enemies":"Gremlin Leader","floor":25,"turns":7},{"damage":19,"enemies":"Sentry and Sphere","floor":27,"turns":5},{"damage":0,"enemies":"3 Cultists","floor":31,"turns":4},{"damage":54,"enemies":"Collector","floor":33,"turns":9},{"damage":48,"enemies":"3 Shapes","floor":35,"turns":3},{"damage":17,"enemies":"3 Darklings","floor":38,"turns":5},{"damage":29,"enemies":"Maw","floor":41,"turns":8},{"damage":55,"enemies":"2 Orb Walkers","floor":44,"turns":6},{"damage":24,"enemies":"Jaw Worm Horde","floor":46,"turns":4},{"damage":14,"enemies":"4 Shapes","floor":48,"turns":4},{"damage":83,"enemies":"Awakened One","floor":50,"turns":11}],"seed_played":"5714450233214206993","potions_obtained":[{"floor":1.0,"key":"AttackPotion"},{"floor":2.0,"key":"Block Potion"},{"floor":5.0,"key":"FearPotion"},{"floor":12.0,"key":"PowerPotion"},{"floor":25,"key":"Poison Potion"}],"is_trial":false,"path_per_floor":["M","M","M","$","M","R","M","M","T","$","R","E","M","E","R","B",null,"M","?","M","$","M","R","M","E","T","M","R","$","R","M","R","B",null,"M","$","?","M","$","R","M","R","T","?","R","M","?","M","R","B"],"character_chosen":"THE_SILENT","items_purchased":["Accuracy","Dash","Reflex","Footwork","Catalyst","Flash of Steel","Cloak And Dagger"],"campfire_rested":6,"item_purchase_floors":[10,10,21,21,36,36,39],"current_hp_per_floor":[66,60,60,60,59,59,52,51,51,51,51,40,44,28,53,32,84,52,52,50,50,48,73,73,58,58,47,47,47,72,78,78,34,84,40,40,40,35,35,60,43,68,68,27,52,40,73,65,65,0],"gold":181,"neow_bonus":"RANDOM_COLORLESS","is_prod":false,"is_daily":false,"chose_seed":false,"campfire_upgraded":5,"win_rate":0,"timestamp":1558401259,"path_taken":["M","M","?","$","M","R","M","M","T","?","R","E","M","E","R","BOSS","M","?","?","$","M","R","?","E","T","M","R","$","R","M","R","BOSS","M","$","?","M","$","R","M","R","T","?","R","M","?","M","R","BOSS"],"build_version":"2019-01-23","purchased_purges":3,"victory":false,"max_hp_per_floor":[70,70,70,70,70,70,70,70,70,70,70,70,70,84,84,84,84,84,84,84,84,84,84,84,84,84,84,84,84,84,84,84,84,84,84,84,84,84,84,84,84,84,84,84,84,84,73,73,73,73],"card_choices":[{"not_picked":["Expertise","Deadly Poison"],"picked":"Infinite Blades","floor":1.0},{"not_picked":["Quick Slash","Prepared"],"picked":"Predator","floor":2.0},{"not_picked":["PiercingWail","Poisoned Stab"],"picked":"Phantasmal Killer","floor":3.0},{"not_picked":["Sucker Punch","Finisher"],"picked":"Blade Dance","floor":5.0},{"not_picked":["Dodge and Roll","Blur"],"picked":"Backflip","floor":7.0},{"not_picked":["Infinite Blades","Prepared","Slice"],"picked":"SKIP","floor":8.0},{"not_picked":["Quick Slash","Outmaneuver","Calculated Gamble"],"picked":"SKIP","floor":12.0},{"not_picked":["PiercingWail","Concentrate"],"picked":"Noxious Fumes","floor":13},{"not_picked":["Prepared","Sucker Punch"],"picked":"Dagger Spray","floor":14},{"not_picked":["Phantasmal Killer","Venomology"],"picked":"Tools of the Trade","floor":16},{"not_picked":["Quick Slash"],"picked":"SKIP","floor":18},{"not_picked":[],"picked":"Footwork","floor":20},{"not_picked":["Poisoned Stab+1"],"picked":"SKIP","floor":22},{"not_picked":[],"picked":"Underhanded Strike","floor":24},{"not_picked":[],"picked":"Cloak And Dagger+1","floor":25},{"not_picked":["Deadly Poison"],"picked":"SKIP","floor":27},{"not_picked":[],"picked":"Outmaneuver+1","floor":31},{"not_picked":["Flying Knee"],"picked":"SKIP","floor":35},{"not_picked":[],"picked":"Caltrops+1","floor":38},{"not_picked":[],"picked":"Underhanded Strike","floor":41},{"not_picked":[],"picked":"Backflip+1","floor":46},{"not_picked":["Setup+1"],"picked":"SKIP","floor":48}],"player_experience":217868,"relics_obtained":[{"floor":9.0,"key":"Mercury Hourglass"},{"floor":12.0,"key":"Bird Faced Urn"},{"floor":14,"key":"Mango"},{"floor":25,"key":"Whetstone"},{"floor":43,"key":"Bottled Tornado"},{"floor":44,"key":"Thread and Needle"}],"event_choices":[{"damage_healed":0,"gold_gain":0,"player_choice":"Cursed","damage_taken":0,"max_hp_gain":0,"max_hp_loss":0,"event_name":"Wheel of Change","floor":19,"gold_loss":0,"cards_obtained":["Decay"]},{"damage_healed":0,"gold_gain":0,"player_choice":"Memory 1","damage_taken":0,"max_hp_gain":0,"max_hp_loss":0,"event_name":"SensoryStone","floor":37,"gold_loss":0},{"damage_healed":0,"gold_gain":0,"player_choice":"Fight","damage_taken":0,"max_hp_gain":0,"max_hp_loss":0,"event_name":"Mysterious Sphere","floor":44,"gold_loss":0},{"damage_healed":73,"gold_gain":0,"player_choice":"Heal","damage_taken":0,"max_hp_gain":0,"max_hp_loss":11,"event_name":"The Moai Head","floor":47,"gold_loss":0}],"is_beta":false,"boss_relics":[{"not_picked":["Fusion Hammer","Lizard Tail"],"picked":"Busted Crown"},{"not_picked":["Pandora\u0027s Box","Runic Pyramid"],"picked":"Empty Cage"}],"items_purged_floors":[4,21,29],"is_endless":false,"potions_floor_spawned":[1,2,5,8,12,18,25,27,38,41,48],"killed_by":"Awakened One","ascension_level":0}