{"gold_per_floor":[116,20,33,44,144,144,178,178,178,197,20,49,60,91,91,189,189,202,202,127,127,97],"floor_reached":22,"playtime":705,"items_purged":["Strike_B"],"score":329,"play_id":"61fb2ad1-ffac-4bbf-b99e-65b551abd174","local_time":"20190306135017","is_ascension_mode":true,"campfire_choices":[{"data":"Sunder","floor":6,"key":"SMITH"},{"data":"White Noise","floor":8,"key":"SMITH"},{"floor":15,"key":"REST"}],"neow_cost":"NONE","seed_source_timestamp":1256554466115659,"circlet_count":0,"master_deck":["Strike_B","Strike_B","Defend_B","Defend_B","Defend_B","Defend_B","Zap","Dualcast","Sunder+1","Streamline","Ball Lightning","White Noise+1","Amplify","Consume","Coolheaded","Blizzard","Heatsinks","Turbo","Doom and Gloom","Multi-Cast","Sweeping Beam"],"relics":["Cracked Core","Ice Cream","Girya","Gremlin Horn","Symbiotic Virus","Philosopher\u0027s Stone","Ancient Tea Set"],"potions_floor_usage":[7,10,14,16,16,18,19],"damage_taken":[{"damage":1,"enemies":"2 Louse","floor":1,"turns":2},{"damage":1,"enemies":"Cultist","floor":3,"turns":3},{"damage":0,"enemies":"Jaw Worm","floor":4,"turns":3},{"damage":5,"enemies":"3 Sentries","floor":7,"turns":3},{"damage":0,"enemies":"3 Louse","floor":10,"turns":3},{"damage":15,"enemies":"Lagavulin","floor":12,"turns":5},{"damage":22,"enemies":"Exordium Wildlife","floor":13,"turns":5},{"damage":0,"enemies":"3 Sentries","floor":14,"turns":5},{"damage":47,"enemies":"The Guardian","floor":16,"turns":10},{"damage":21,"enemies":"Shell Parasite","floor":18,"turns":4},{"damage":36,"enemies":"Colosseum Slavers","floor":19,"turns":4},{"damage":1,"enemies":"Colosseum Nobs","floor":19,"turns":2},{"damage":14,"enemies":"2 Thieves","floor":22,"turns":1}],"seed_played":"5085769527278710470","potions_obtained":[{"floor":0,"key":"Explosive Potion"},{"floor":0,"key":"SkillPotion"},{"floor":0,"key":"SneckoOil"},{"floor":1,"key":"Regen Potion"},{"floor":12,"key":"SmokeBomb"},{"floor":13,"key":"EssenceOfSteel"},{"floor":14,"key":"Regen Potion"},{"floor":16,"key":"Weak Potion"}],"is_trial":false,"path_per_floor":["M","$","M","M","?","R","E","R","T","M","$","E","M","E","R","B",null,"M","?","?","?","M"],"character_chosen":"DEFECT","items_purchased":["Streamline","Ball Lightning","Coolheaded","Blizzard"],"campfire_rested":1,"item_purchase_floors":[2,2,11,11],"current_hp_per_floor":[67,67,66,66,66,66,61,61,61,61,61,46,24,24,46,48,68,47,10,10,10,0],"gold":97,"neow_bonus":"THREE_SMALL_POTIONS","is_prod":false,"is_daily":false,"chose_seed":false,"campfire_upgraded":2,"win_rate":0,"timestamp":1551901817,"path_taken":["M","$","M","M","?","R","E","R","T","?","$","E","M","E","R","BOSS","M","?","?","?","M"],"build_version":"2019-01-23","purchased_purges":1,"victory":false,"max_hp_per_floor":[75,75,75,75,75,75,75,75,75,75,75,75,75,75,75,75,75,75,75,75,75,75],"card_choices":[{"not_picked":["Rebound","Coolheaded"],"picked":"Sunder","floor":1},{"not_picked":["Rebound","BootSequence"],"picked":"White Noise","floor":3},{"not_picked":["Gash","Consume"],"picked":"Amplify","floor":4},{"not_picked":["Steam Power","Go for the Eyes"],"picked":"Consume","floor":7},{"not_picked":["Barrage","Stack","Ball Lightning"],"picked":"SKIP","floor":10},{"not_picked":["Gash","Consume"],"picked":"Heatsinks","floor":12},{"not_picked":["Hologram","Barrage"],"picked":"Turbo","floor":13},{"not_picked":["Force Field","Reboot"],"picked":"Doom and Gloom","floor":14},{"not_picked":["Electrodynamics","All For One"],"picked":"Multi-Cast","floor":16},{"not_picked":["Ball Lightning","Coolheaded"],"picked":"Sweeping Beam","floor":18}],"player_experience":178819,"relics_obtained":[{"floor":7,"key":"Ice Cream"},{"floor":9,"key":"Girya"},{"floor":12,"key":"Gremlin Horn"},{"floor":14,"key":"Symbiotic Virus"}],"event_choices":[{"damage_healed":0,"gold_gain":100,"player_choice":"Pray","damage_taken":0,"max_hp_gain":0,"max_hp_loss":0,"event_name":"Golden Shrine","floor":5,"gold_loss":0},{"damage_healed":0,"gold_gain":0,"player_choice":"Fight","damage_taken":0,"max_hp_gain":0,"max_hp_loss":0,"event_name":"Colosseum","floor":19,"gold_loss":0},{"damage_healed":0,"gold_gain":0,"player_choice":"Fought Nobs","damage_taken":0,"max_hp_gain":0,"max_hp_loss":0,"event_name":"Colosseum","floor":19,"gold_loss":0},{"cards_removed":["Strike_B"],"damage_healed":0,"gold_gain":0,"player_choice":"Gave Gold","damage_taken":0,"max_hp_gain":0,"max_hp_loss":0,"event_name":"Beggar","floor":20,"gold_loss":75},{"damage_healed":0,"gold_gain":0,"player_choice":"Opened","damage_taken":0,"relics_obtained":["Ancient Tea Set"],"max_hp_gain":0,"max_hp_loss":0,"event_name":"The Mausoleum","floor":21,"gold_loss":0}],"is_beta":false,"boss_relics":[{"not_picked":["Tiny House","Eternal Feather"],"picked":"Philosopher\u0027s Stone"}],"items_purged_floors":[11],"is_endless":false,"potions_floor_spawned":[1,3,12,13,14,16,19],"killed_by":"2 Thieves","ascension_level":9}