{"gold_per_floor":[119,194,211,231,30,56,56,87,87,118,128,153,170,185,185,280,280,296,311,236,251,53,78,78,111,111,123,123,123,123,141,141,240,240,254,224,244,244,259,288,306,306,333,333,38,38,38,65,65,65],"floor_reached":50,"playtime":2314,"items_purged":["Strike_R","Defend_R"],"score":746,"play_id":"4553b51e-c337-4464-9106-1a8480e569c5","local_time":"20190312202118","is_ascension_mode":true,"campfire_choices":[{"data":"Metallicize","floor":7,"key":"SMITH"},{"data":"Corruption","floor":15,"key":"SMITH"},{"data":"Dark Embrace","floor":24,"key":"SMITH"},{"data":"Dual Wield","floor":30,"key":"SMITH"},{"data":"Armaments","floor":32,"key":"SMITH"},{"floor":42,"key":"REST"},{"data":"True Grit","floor":44,"key":"SMITH"},{"floor":46,"key":"REST"},{"data":"Metallicize","floor":49,"key":"SMITH"}],"neow_cost":"NONE","seed_source_timestamp":1793217518220252,"circlet_count":0,"master_deck":["Strike_R+1","Defend_R","Defend_R","Defend_R","Bash","Intimidate","Metallicize+1","True Grit+1","Sword Boomerang","Immolate+1","Twin Strike","Wild Strike","Warcry","Corruption+1","Battle Trance+1","Pommel Strike","Ghostly Armor+1","Inflame","Demon Form","Shrug It Off","Fire Breathing","Metallicize+1","Dark Embrace+1","Armaments+1","Feel No Pain","Dual Wield+1","Juggernaut","Clash+1","Fire Breathing+1","Entrench+1","Sentinel","Dual Wield+1"],"relics":["Burning Blood","Whetstone","Gremlin Horn","Orichalcum","Strawberry","Blood Vial","Snecko Eye","Bronze Scales","Ancient Tea Set","Shuriken","Sozu","Blue Candle","PreservedInsect","DollysMirror","War Paint"],"potions_floor_usage":[6,12,16,23,25,33,33,47],"damage_taken":[{"damage":6,"enemies":"Jaw Worm","floor":1,"turns":4},{"damage":1,"enemies":"Small Slimes","floor":3,"turns":4},{"damage":2,"enemies":"2 Louse","floor":4,"turns":3},{"damage":23,"enemies":"Lagavulin","floor":6,"turns":6},{"damage":21,"enemies":"Gremlin Nob","floor":8,"turns":4},{"damage":26,"enemies":"Lagavulin","floor":10,"turns":8},{"damage":0,"enemies":"2 Fungi Beasts","floor":11,"turns":1},{"damage":14,"enemies":"Gremlin Nob","floor":12,"turns":4},{"damage":4,"enemies":"Lots of Slimes","floor":13,"turns":2},{"damage":8,"enemies":"Large Slime","floor":14,"turns":4},{"damage":9,"enemies":"Slime Boss","floor":16,"turns":7},{"damage":0,"enemies":"Chosen","floor":18,"turns":4},{"damage":7,"enemies":"Shell Parasite","floor":19,"turns":4},{"damage":4,"enemies":"Snecko","floor":21,"turns":4},{"damage":0,"enemies":"Book of Stabbing","floor":23,"turns":4},{"damage":23,"enemies":"Slavers","floor":25,"turns":4},{"damage":2,"enemies":"Sentry and Sphere","floor":27,"turns":5},{"damage":13,"enemies":"Centurion and Healer","floor":31,"turns":4},{"damage":42,"enemies":"Collector","floor":33,"turns":8},{"damage":12,"enemies":"3 Shapes","floor":35,"turns":3},{"damage":19,"enemies":"Orb Walker","floor":37,"turns":5},{"damage":11,"enemies":"Maw","floor":39,"turns":6},{"damage":31,"enemies":"Reptomancer","floor":40,"turns":6},{"damage":18,"enemies":"Writhing Mass","floor":41,"turns":5},{"damage":15,"enemies":"4 Shapes","floor":47,"turns":3},{"damage":0,"enemies":"Nemesis","floor":48,"turns":4},{"damage":96,"enemies":"Time Eater","floor":50,"turns":11}],"seed_played":"-4331975009558150094","potions_obtained":[{"floor":3,"key":"Dexterity Potion"},{"floor":4,"key":"PowerPotion"},{"floor":10,"key":"GamblersBrew"},{"floor":12,"key":"SmokeBomb"},{"floor":13,"key":"Fire Potion"},{"floor":21,"key":"SneckoOil"},{"floor":23,"key":"SkillPotion"},{"floor":31,"key":"Weak Potion"}],"is_trial":false,"path_per_floor":["M","?","M","M","$","E","R","E","T","E","M","E","M","M","R","B",null,"M","M","?","M","$","E","R","E","T","M","?","?","R","M","R","B",null,"M","?","M","?","M","E","M","R","T","R","$","R","M","E","R","B"],"character_chosen":"IRONCLAD","items_purchased":["Immolate","Twin Strike","Dark Embrace","Armaments","DollysMirror"],"campfire_rested":2,"item_purchase_floors":[5,5,22,22,45],"current_hp_per_floor":[80,69,74,78,78,61,61,46,46,33,39,31,35,35,35,34,87,87,86,86,87,87,87,87,70,70,76,76,76,76,71,71,37,87,81,81,70,70,67,44,34,58,58,58,58,82,74,82,82,0],"gold":65,"neow_bonus":"TRANSFORM_CARD","is_prod":false,"is_daily":false,"chose_seed":false,"campfire_upgraded":7,"win_rate":0,"timestamp":1552440078,"path_taken":["M","?","M","M","$","E","R","E","T","E","M","E","M","M","R","BOSS","M","M","?","M","$","E","R","E","T","M","?","?","R","M","R","BOSS","M","?","?","?","M","E","M","R","T","R","?","R","?","E","R","BOSS"],"build_version":"2019-01-23","purchased_purges":2,"victory":false,"max_hp_per_floor":[80,80,80,80,80,80,80,80,80,87,87,87,87,87,87,87,87,87,87,87,87,87,87,87,87,87,87,87,87,87,87,87,87,87,87,87,87,83,83,83,83,83,83,83,83,83,83,83,83,83],"card_choices":[{"not_picked":["Clothesline","Seeing Red"],"picked":"Metallicize","floor":1},{"not_picked":["Armaments","Thunderclap"],"picked":"True Grit","floor":3},{"not_picked":["Entrench","Dropkick"],"picked":"Sword Boomerang","floor":4},{"not_picked":["Clash","Body Slam"],"picked":"Wild Strike","floor":6},{"not_picked":["Iron Wave","Fiend Fire"],"picked":"Warcry","floor":8},{"not_picked":["Clothesline","Cleave"],"picked":"Corruption","floor":10},{"not_picked":["Flex","Flame Barrier"],"picked":"Battle Trance","floor":11},{"not_picked":["Feed","Carnage"],"picked":"Pommel Strike","floor":12},{"not_picked":["Clothesline","Wild Strike"],"picked":"Ghostly Armor","floor":13},{"not_picked":["Pommel Strike","Entrench"],"picked":"Inflame","floor":14},{"not_picked":["Reaper","Impervious"],"picked":"Demon Form","floor":16},{"not_picked":["Warcry","Wild Strike"],"picked":"Shrug It Off","floor":18},{"not_picked":["Twin Strike+1","True Grit"],"picked":"Fire Breathing","floor":19},{"not_picked":["Clash+1","Pommel Strike"],"picked":"Metallicize","floor":21},{"not_picked":["Pommel Strike","Ghostly Armor+1"],"picked":"Feel No Pain","floor":23},{"not_picked":["Hemokinesis+1","Heavy Blade","Anger+1"],"picked":"SKIP","floor":25},{"not_picked":["Power Through+1","True Grit"],"picked":"Dual Wield","floor":27},{"not_picked":["Flex","Reckless Charge","Armaments"],"picked":"SKIP","floor":31},{"not_picked":["Demon Form","Feed"],"picked":"Juggernaut","floor":33},{"not_picked":["Iron Wave+1","Body Slam"],"picked":"Clash+1","floor":35},{"not_picked":["Rampage+1","Thunderclap"],"picked":"Fire Breathing+1","floor":37},{"not_picked":["Shrug It Off+1","Iron Wave"],"picked":"Entrench+1","floor":39},{"not_picked":["Bludgeon","Shrug It Off"],"picked":"Sentinel","floor":40},{"not_picked":["Searing Blow+1","Thunderclap+1","Twin Strike"],"picked":"SKIP","floor":41},{"not_picked":["Twin Strike+1","Clothesline","Intimidate"],"picked":"SKIP","floor":48}],"player_experience":197087,"relics_obtained":[{"floor":6,"key":"Whetstone"},{"floor":8,"key":"Gremlin Horn"},{"floor":9,"key":"Orichalcum"},{"floor":10,"key":"Strawberry"},{"floor":12,"key":"Blood Vial"},{"floor":23,"key":"Bronze Scales"},{"floor":25,"key":"Ancient Tea Set"},{"floor":26,"key":"Shuriken"},{"floor":40,"key":"Blue Candle"},{"floor":43,"key":"PreservedInsect"},{"floor":48,"key":"War Paint"}],"event_choices":[{"damage_healed":0,"gold_gain":75,"player_choice":"Gather Gold","damage_taken":11,"max_hp_gain":0,"max_hp_loss":0,"event_name":"World of Goop","floor":2,"gold_loss":0},{"cards_removed":["Strike_R"],"damage_healed":0,"gold_gain":0,"player_choice":"Gave Gold","damage_taken":0,"max_hp_gain":0,"max_hp_loss":0,"event_name":"Beggar","floor":20,"gold_loss":75},{"damage_healed":0,"gold_gain":0,"player_choice":"Ignored","damage_taken":0,"max_hp_gain":0,"max_hp_loss":0,"event_name":"Vampires","floor":28,"gold_loss":0},{"cards_removed":["Strike_R"],"damage_healed":0,"gold_gain":0,"player_choice":"Elegance","damage_taken":0,"max_hp_gain":0,"max_hp_loss":0,"event_name":"Back to Basics","floor":29,"gold_loss":0},{"damage_healed":0,"gold_gain":0,"player_choice":"Bought 2 Potions","damage_taken":0,"max_hp_gain":0,"max_hp_loss":0,"event_name":"The Woman in Blue","floor":36,"gold_loss":0},{"damage_healed":0,"gold_gain":0,"player_choice":"Max HP","damage_taken":0,"max_hp_gain":0,"max_hp_loss":4,"event_name":"Winding Halls","floor":38,"gold_loss":0}],"is_beta":false,"boss_relics":[{"not_picked":["Black Blood","Velvet Choker"],"picked":"Snecko Eye"},{"not_picked":["Lizard Tail","White Beast Statue"],"picked":"Sozu"}],"items_purged_floors":[22,45],"is_endless":false,"potions_floor_spawned":[3,4,10,12,13,21,23,31,47,48],"killed_by":"Time Eater","ascension_level":4}