{"gold_per_floor":[115,133,60,70,84,84,119,119,119,119,119,129,129,141,141,241,241,260,280,293,98,110,110,110],"floor_reached":24,"playtime":1133,"items_purged":[],"score":210,"play_id":"7c3e2df9-5500-4604-ace4-3e3b81ec9c04","local_time":"20190527212149","is_ascension_mode":true,"campfire_choices":[{"data":"Armaments","floor":6,"key":"SMITH"},{"data":"Armaments","floor":8,"key":"SMITH"},{"data":"Juggernaut","floor":11,"key":"SMITH"},{"data":"Fiend Fire","floor":13,"key":"SMITH"},{"data":"Uppercut","floor":15,"key":"SMITH"},{"floor":23,"key":"REST"}],"neow_cost":"CURSE","seed_source_timestamp":10530183010390,"circlet_count":0,"master_deck":["Bash","Juggernaut+1","Pommel Strike","Armaments+1","Ghostly Armor","Iron Wave","Armaments+1","Fiend Fire+1","Uppercut+1","Pommel Strike","Berserk","Flame Barrier","Feed","Shrug It Off","Burning Pact","Impervious","Blood for Blood","Impervious","Dropkick","Offering","Rage+1","Rupture+1","Havoc","Demon Form","Disarm","Shrug It Off"],"relics":["Burning Blood","Pear","Unceasing Top","Pandora\u0027s Box"],"potions_floor_usage":[],"damage_taken":[{"damage":0,"enemies":"Cultist","floor":1,"turns":4},{"damage":10,"enemies":"Jaw Worm","floor":2,"turns":4},{"damage":2,"enemies":"2 Louse","floor":4,"turns":3},{"damage":7,"enemies":"Large Slime","floor":5,"turns":7},{"damage":24,"enemies":"3 Sentries","floor":7,"turns":8},{"damage":4,"enemies":"Blue Slaver","floor":12,"turns":3},{"damage":9,"enemies":"Red Slaver","floor":14,"turns":3},{"damage":42,"enemies":"Slime Boss","floor":16,"turns":13},{"damage":14,"enemies":"Shell Parasite","floor":18,"turns":3},{"damage":6,"enemies":"Chosen","floor":19,"turns":3},{"damage":29,"enemies":"Centurion and Healer","floor":20,"turns":5},{"damage":54,"enemies":"3 Cultists","floor":22,"turns":7},{"damage":44,"enemies":"Slavers","floor":24,"turns":4}],"seed_played":"-1197170582986488135","potions_obtained":[{"floor":4,"key":"Dexterity Potion"},{"floor":5,"key":"AttackPotion"},{"floor":7,"key":"Poison Potion"}],"is_trial":false,"path_per_floor":["M","M","$","M","M","R","E","R","T","?","R","M","R","M","R","B",null,"M","M","M","$","M","R","E"],"character_chosen":"IRONCLAD","items_purchased":["Ghostly Armor","Demon Form","Disarm"],"campfire_rested":1,"item_purchase_floors":[3,21,21],"current_hp_per_floor":[80,76,76,80,79,79,71,71,71,71,71,73,73,70,70,34,90,82,82,59,59,15,43,0],"gold":110,"neow_bonus":"THREE_RARE_CARDS","is_prod":false,"is_daily":false,"chose_seed":false,"campfire_upgraded":5,"win_rate":0,"timestamp":1559017309,"path_taken":["M","M","$","M","M","R","E","R","T","?","R","M","R","M","R","BOSS","M","M","M","$","M","R","E"],"build_version":"2019-01-23","purchased_purges":0,"victory":false,"max_hp_per_floor":[80,80,80,80,80,80,90,90,90,90,90,90,90,90,90,90,90,90,90,90,90,94,94,94],"card_choices":[{"not_picked":["Feed","Offering"],"picked":"Juggernaut","floor":0},{"not_picked":["Cleave","Perfected Strike"],"picked":"Pommel Strike","floor":1},{"not_picked":["Warcry","Dropkick"],"picked":"Armaments","floor":2},{"not_picked":["Clash","Sword Boomerang"],"picked":"Iron Wave","floor":4},{"not_picked":["Hemokinesis","Warcry"],"picked":"Armaments","floor":5},{"not_picked":["Clothesline","Dual Wield"],"picked":"Fiend Fire","floor":7},{"not_picked":["Shockwave","Wild Strike"],"picked":"Uppercut","floor":12},{"not_picked":["Anger","Blood for Blood"],"picked":"Pommel Strike","floor":14},{"not_picked":["Reaper","Exhume"],"picked":"Berserk","floor":16},{"not_picked":["Sentinel+1","Metallicize"],"picked":"Rage+1","floor":18},{"not_picked":["Flex","Evolve+1"],"picked":"Rupture+1","floor":19},{"not_picked":["Clash+1","Cleave"],"picked":"Havoc","floor":20},{"not_picked":["Blood for Blood+1","Reckless Charge"],"picked":"Shrug It Off","floor":22}],"player_experience":341751,"relics_obtained":[{"floor":7,"key":"Pear"},{"floor":9,"key":"Unceasing Top"}],"event_choices":[{"cards_removed":["Injury"],"damage_healed":0,"gold_gain":0,"player_choice":"Removed Curses","damage_taken":0,"max_hp_gain":0,"max_hp_loss":0,"event_name":"Fountain of Cleansing","floor":10,"gold_loss":0}],"is_beta":false,"boss_relics":[{"not_picked":["Tiny House","Orrery"],"picked":"Pandora\u0027s Box"}],"items_purged_floors":[],"is_endless":false,"potions_floor_spawned":[4,5,7,12,14,19,20],"killed_by":"Slavers","ascension_level":1}