{"gold_per_floor":[115,115,66,82,97,130,130,163,163,61,86,86,116,126,126,224,224,239,239,239,265,276,307,222,253,305,305,335,346,380,243,243,348,348,360,377,391,187,207,207,157,192,192,0,28,28,42,61,61,61],"floor_reached":51,"playtime":2529,"items_purged":["Strike_R","Strike_R","Strike_R","Bash"],"score":1095,"play_id":"b1d2704b-7294-43c9-8634-ecf488318ade","local_time":"20190312220852","is_ascension_mode":true,"campfire_choices":[{"floor":7,"key":"REST"},{"floor":12,"key":"REST"},{"data":"Armaments","floor":15,"key":"SMITH"},{"data":"Dark Embrace","floor":27,"key":"SMITH"},{"data":"Corruption","floor":32,"key":"SMITH"},{"data":"Barricade","floor":40,"key":"SMITH"},{"data":"Madness","floor":49,"key":"SMITH"}],"neow_cost":"NONE","seed_source_timestamp":1799445782784890,"circlet_count":0,"master_deck":["Strike_R+1","Defend_R","Defend_R","Defend_R","Defend_R","Dramatic Entrance+1","Infernal Blade+1","True Grit","Shrug It Off","Metallicize","Warcry","Body Slam","Dark Embrace+1","Whirlwind","Armaments+1","Exhume","Thunderclap","Sentinel","True Grit+1","Double Tap","Warcry+1","Seeing Red","Inflame","Corruption+1","Flex","Barricade+1","Shrug It Off+1","Body Slam","Body Slam+1","Reaper","Metallicize","Madness+1","Feel No Pain"],"relics":["Burning Blood","Whetstone","Mercury Hourglass","Smiling Mask","Question Card","Happy Flower","Mark of Pain","MutagenicStrength","Pen Nib","Shovel","Unceasing Top","Omamori","Boot","Oddly Smooth Stone","Dead Branch","White Beast Statue","Bronze Scales","Ancient Tea Set","Letter Opener","Red Mask","Potion Belt"],"potions_floor_usage":[6,11,23,25,33,33,42,45,45,50,50,50,50],"damage_taken":[{"damage":7,"enemies":"Jaw Worm","floor":1,"turns":4},{"damage":0,"enemies":"Small Slimes","floor":4,"turns":3},{"damage":0,"enemies":"2 Louse","floor":5,"turns":3},{"damage":50,"enemies":"Gremlin Nob","floor":6,"turns":5},{"damage":14,"enemies":"3 Sentries","floor":8,"turns":6},{"damage":27,"enemies":"Gremlin Nob","floor":11,"turns":4},{"damage":10,"enemies":"3 Sentries","floor":13,"turns":6},{"damage":6,"enemies":"Blue Slaver","floor":14,"turns":4},{"damage":35,"enemies":"Slime Boss","floor":16,"turns":13},{"damage":7,"enemies":"Chosen","floor":18,"turns":5},{"damage":1,"enemies":"Shell Parasite","floor":22,"turns":5},{"damage":12,"enemies":"Slavers","floor":23,"turns":3},{"damage":5,"enemies":"Gremlin Leader","floor":25,"turns":7},{"damage":0,"enemies":"Slavers","floor":28,"turns":1},{"damage":6,"enemies":"Centurion and Healer","floor":29,"turns":3},{"damage":29,"enemies":"Book of Stabbing","floor":30,"turns":5},{"damage":44,"enemies":"Collector","floor":33,"turns":6},{"damage":0,"enemies":"Orb Walker","floor":35,"turns":1},{"damage":0,"enemies":"3 Shapes","floor":36,"turns":3},{"damage":0,"enemies":"Sphere and 2 Shapes","floor":37,"turns":2},{"damage":17,"enemies":"4 Shapes","floor":39,"turns":4},{"damage":18,"enemies":"Nemesis","floor":42,"turns":5},{"damage":7,"enemies":"Reptomancer","floor":45,"turns":5},{"damage":0,"enemies":"Writhing Mass","floor":47,"turns":3},{"damage":3,"enemies":"Spire Growth","floor":48,"turns":3},{"damage":71,"enemies":"Donu and Deca","floor":50,"turns":6}],"seed_played":"459145012789327982","potions_obtained":[{"floor":1,"key":"Block Potion"},{"floor":6,"key":"Weak Potion"},{"floor":14,"key":"Strength Potion"},{"floor":16,"key":"SteroidPotion"},{"floor":18,"key":"FearPotion"},{"floor":23,"key":"Weak Potion"},{"floor":33,"key":"PowerPotion"},{"floor":35,"key":"Block Potion"},{"floor":36,"key":"Ancient Potion"},{"floor":42,"key":"Block Potion"},{"floor":45,"key":"Poison Potion"},{"floor":47,"key":"Block Potion"},{"floor":48,"key":"Dexterity Potion"}],"is_trial":false,"path_per_floor":["M","?","$","M","M","E","R","E","T","$","E","R","E","M","R","B",null,"M","?","?","T","M","E","?","E","T","R","E","M","E","$","R","B",null,"M","M","M","$","M","R","$","E","T","?","E","?","M","M","R","B",null],"character_chosen":"IRONCLAD","items_purchased":["True Grit","Body Slam","Corruption","Flex","Bronze Scales"],"campfire_rested":2,"item_purchase_floors":[3,10,31,31,38],"current_hp_per_floor":[79,79,79,80,80,36,60,52,52,52,31,55,51,51,51,22,66,65,65,65,65,70,64,64,65,65,65,71,71,48,48,48,10,63,69,75,80,80,69,69,69,57,57,57,59,59,71,74,74,9],"gold":61,"neow_bonus":"RANDOM_COLORLESS","is_prod":false,"is_daily":false,"chose_seed":false,"campfire_upgraded":5,"win_rate":0,"timestamp":1552446532,"path_taken":["M","?","$","M","M","E","R","E","T","$","E","R","E","M","R","BOSS","M","?","?","?","M","E","?","E","T","R","E","M","E","?","R","BOSS","M","?","M","$","M","R","$","E","T","?","E","?","M","M","R","BOSS"],"build_version":"2019-01-23","purchased_purges":4,"victory":true,"max_hp_per_floor":[80,80,80,80,80,80,80,80,80,80,80,80,80,80,80,80,80,80,80,80,80,80,80,80,80,80,80,80,80,80,80,80,80,80,80,80,80,80,80,80,80,80,80,80,80,80,80,80,80,80],"card_choices":[{"not_picked":["Sever Soul","Flame Barrier"],"picked":"Infernal Blade","floor":1},{"not_picked":["Combust","Thunderclap"],"picked":"Shrug It Off","floor":4},{"not_picked":["Fire Breathing","Wild Strike","Infernal Blade"],"picked":"SKIP","floor":5},{"not_picked":["Pommel Strike","Bloodletting"],"picked":"Metallicize","floor":6},{"not_picked":["Anger","Power Through"],"picked":"Warcry","floor":8},{"not_picked":["Rage","Corruption"],"picked":"Dark Embrace","floor":11},{"not_picked":["Rupture","Reckless Charge","Body Slam"],"picked":"Whirlwind","floor":13},{"not_picked":["Dropkick","Power Through","Combust"],"picked":"Armaments","floor":14},{"not_picked":["Brutality","Reaper","Offering"],"picked":"Exhume","floor":16},{"not_picked":["Sword Boomerang","Rupture","Anger+1"],"picked":"Thunderclap","floor":18},{"not_picked":["Body Slam","Rupture","Battle Trance"],"picked":"Sentinel","floor":22},{"not_picked":["Carnage+1","Ghostly Armor","Heavy Blade"],"picked":"True Grit+1","floor":23},{"not_picked":["Shrug It Off","Headbutt","True Grit"],"picked":"Double Tap","floor":25},{"not_picked":["Bloodletting+1","Carnage","Headbutt"],"picked":"Warcry+1","floor":28},{"not_picked":["Wild Strike","Heavy Blade","Warcry"],"picked":"Seeing Red","floor":29},{"not_picked":["Battle Trance","Clothesline","Feed"],"picked":"Inflame","floor":30},{"not_picked":["Demon Form","Brutality","Limit Break"],"picked":"Barricade","floor":33},{"not_picked":["Twin Strike","Iron Wave+1","Evolve+1"],"picked":"Shrug It Off+1","floor":35},{"not_picked":["True Grit","Flex+1","Intimidate+1"],"picked":"Body Slam","floor":36},{"not_picked":["Pummel","Perfected Strike+1","Hemokinesis"],"picked":"Body Slam+1","floor":37},{"not_picked":["Thunderclap+1","Clash","Flex","Pommel Strike"],"picked":"SKIP","floor":39},{"not_picked":["Clash","Carnage","Pommel Strike"],"picked":"Reaper","floor":42},{"not_picked":["Wild Strike","Sever Soul","Ghostly Armor"],"picked":"Metallicize","floor":45},{"not_picked":["Purity","Swift Strike","Dark Shackles"],"picked":"Madness","floor":46},{"not_picked":["Whirlwind+1","Thunderclap+1","Flex"],"picked":"Feel No Pain","floor":47},{"not_picked":["Wild Strike","Warcry","Iron Wave","Pommel Strike"],"picked":"SKIP","floor":48}],"player_experience":203109,"relics_obtained":[{"floor":6,"key":"Whetstone"},{"floor":8,"key":"Mercury Hourglass"},{"floor":9,"key":"Smiling Mask"},{"floor":11,"key":"Question Card"},{"floor":13,"key":"Happy Flower"},{"floor":21,"key":"Pen Nib"},{"floor":23,"key":"Shovel"},{"floor":25,"key":"Omamori"},{"floor":26,"key":"Boot"},{"floor":28,"key":"Oddly Smooth Stone"},{"floor":30,"key":"Dead Branch"},{"floor":42,"key":"Ancient Tea Set"},{"floor":43,"key":"Letter Opener"},{"floor":45,"key":"Potion Belt"}],"event_choices":[{"damage_healed":0,"gold_gain":0,"player_choice":"Grow","damage_taken":0,"max_hp_gain":0,"max_hp_loss":0,"event_name":"Living Wall","floor":2,"gold_loss":0,"cards_upgraded":["Infernal Blade"]},{"cards_removed":["Strike_R"],"damage_healed":0,"gold_gain":0,"player_choice":"Elegance","damage_taken":0,"max_hp_gain":0,"max_hp_loss":0,"event_name":"Back to Basics","floor":19,"gold_loss":0},{"damage_healed":0,"gold_gain":0,"player_choice":"Inject Mutagens","damage_taken":0,"relics_obtained":["MutagenicStrength"],"max_hp_gain":0,"max_hp_loss":0,"event_name":"Drug Dealer","floor":20,"gold_loss":0},{"damage_healed":0,"gold_gain":0,"player_choice":"Obtained Relic","damage_taken":0,"relics_obtained":["Unceasing Top"],"max_hp_gain":0,"max_hp_loss":0,"event_name":"Addict","floor":24,"gold_loss":85},{"damage_healed":0,"gold_gain":0,"player_choice":"Paid","damage_taken":0,"relics_obtained":["Red Mask"],"max_hp_gain":0,"max_hp_loss":0,"event_name":"Tomb of Lord Red Mask","floor":44,"gold_loss":192},{"damage_healed":0,"gold_gain":0,"player_choice":"Memory 1","damage_taken":0,"max_hp_gain":0,"max_hp_loss":0,"event_name":"SensoryStone","floor":46,"gold_loss":0}],"is_beta":false,"boss_relics":[{"not_picked":["Snecko Eye","Philosopher\u0027s Stone"],"picked":"Mark of Pain"},{"not_picked":["Tiny House","Astrolabe"],"picked":"White Beast Statue"}],"items_purged_floors":[10,31,38,41],"is_endless":false,"potions_floor_spawned":[1,6,14,16,18,23,33,35,36,37,39,42,45,47,48],"ascension_level":5}