{"gold_per_floor":[116,26,39,50,50,50,50,78,78,113,4,4,38,50,50,150,150,135,16,16,16,16,16,43,43],"floor_reached":25,"playtime":760,"items_purged":["Regret","Strike_R"],"score":376,"play_id":"7ad3a533-c7c9-480f-9bc4-d7bf918fae13","local_time":"20190430151156","is_ascension_mode":true,"campfire_choices":[{"data":"Metallicize","floor":6,"key":"SMITH"},{"floor":12,"key":"REST"},{"data":"Shrug It Off","floor":15,"key":"SMITH"},{"floor":23,"key":"REST"}],"neow_cost":"TEN_PERCENT_HP_LOSS","seed_source_timestamp":257434911847721,"circlet_count":0,"master_deck":["AscendersBane","Strike_R","Strike_R","Strike_R","Defend_R","Defend_R","Defend_R","Defend_R","Bash","Juggernaut","Warcry","Metallicize+1","Anger","Perfected Strike","Shrug It Off+1","Pommel Strike","Bludgeon","Feel No Pain+1","Flex+1","Evolve+1","Limit Break+1","Cleave+1","Shrug It Off+1","Impervious+1","Decay","Heavy Blade+1"],"relics":["Burning Blood","Toxic Egg 2","Juzu Bracelet","Frozen Egg 2","Happy Flower","The Courier","Philosopher\u0027s Stone","Bottled Tornado"],"potions_floor_usage":[10,16,24],"damage_taken":[{"damage":9,"enemies":"Jaw Worm","floor":1,"turns":5},{"damage":0,"enemies":"2 Louse","floor":3,"turns":3},{"damage":0,"enemies":"Small Slimes","floor":4,"turns":3},{"damage":36,"enemies":"Lagavulin","floor":8,"turns":7},{"damage":28,"enemies":"3 Sentries","floor":10,"turns":7},{"damage":18,"enemies":"Lagavulin","floor":13,"turns":6},{"damage":14,"enemies":"Gremlin Gang","floor":14,"turns":7},{"damage":14,"enemies":"Hexaghost","floor":16,"turns":9},{"damage":32,"enemies":"2 Thieves","floor":18,"turns":4},{"damage":63,"enemies":"Slavers","floor":24,"turns":7},{"damage":16,"enemies":"Chosen","floor":25,"turns":1}],"seed_played":"-749344766500936755","potions_obtained":[{"floor":4,"key":"Strength Potion"},{"floor":10,"key":"Ancient Potion"},{"floor":13,"key":"AttackPotion"},{"floor":16,"key":"Regen Potion"}],"is_trial":false,"path_per_floor":["M","$","M","M","?","R","?","E","T","E","$","R","E","M","R","B",null,"M","$","?","?","$","R","E","M"],"character_chosen":"IRONCLAD","items_purchased":["Metallicize","Anger","Feel No Pain+1","Shrug It Off+1"],"campfire_rested":2,"item_purchase_floors":[2,2,11,19],"current_hp_per_floor":[69,69,72,72,72,72,72,42,42,20,20,41,29,21,21,13,57,31,31,31,31,31,52,10,0],"gold":43,"neow_bonus":"THREE_RARE_CARDS","is_prod":false,"is_daily":false,"chose_seed":false,"campfire_upgraded":2,"win_rate":0,"timestamp":1556655116,"path_taken":["M","$","M","M","?","R","?","E","T","E","$","R","E","M","R","BOSS","M","$","?","?","$","R","E","M"],"build_version":"2019-01-23","purchased_purges":2,"victory":false,"max_hp_per_floor":[72,72,72,72,72,72,72,72,72,72,72,72,72,72,72,72,72,72,72,72,72,72,72,72,72],"card_choices":[{"not_picked":["Exhume","Impervious"],"picked":"Juggernaut","floor":0},{"not_picked":["Searing Blow","Havoc"],"picked":"Warcry","floor":1},{"not_picked":["True Grit","Battle Trance"],"picked":"Perfected Strike","floor":3},{"not_picked":["Second Wind","Anger"],"picked":"Shrug It Off","floor":4},{"not_picked":["Berserk","Uppercut"],"picked":"Pommel Strike","floor":8},{"not_picked":["Twin Strike","Corruption+1"],"picked":"Bludgeon","floor":10},{"not_picked":["Iron Wave","Dual Wield+1"],"picked":"Flex+1","floor":13},{"not_picked":["Clash","Headbutt"],"picked":"Evolve+1","floor":14},{"not_picked":["Double Tap+1","Barricade+1"],"picked":"Limit Break+1","floor":16},{"not_picked":["Pommel Strike","Wild Strike+1"],"picked":"Cleave+1","floor":18},{"not_picked":["Thunderclap","Cleave"],"picked":"Heavy Blade+1","floor":24}],"player_experience":348737,"relics_obtained":[{"floor":8,"key":"Juzu Bracelet"},{"floor":9,"key":"Frozen Egg 2"},{"floor":10,"key":"Happy Flower"},{"floor":13,"key":"The Courier"},{"floor":24,"key":"Bottled Tornado"}],"event_choices":[{"damage_healed":0,"gold_gain":0,"player_choice":"Ignored","damage_taken":0,"max_hp_gain":0,"max_hp_loss":0,"event_name":"Liars Game","floor":5,"gold_loss":0},{"damage_healed":0,"gold_gain":0,"player_choice":"Box","damage_taken":0,"relics_obtained":["Toxic Egg 2"],"max_hp_gain":0,"max_hp_loss":0,"event_name":"Big Fish","floor":7,"gold_loss":0,"cards_obtained":["Regret"]},{"damage_healed":0,"gold_gain":0,"cards_transformed":["Strike_R"],"player_choice":"Transformed","damage_taken":0,"max_hp_gain":0,"max_hp_loss":0,"event_name":"Transmorgrifier","floor":20,"gold_loss":0,"cards_obtained":["Impervious"]},{"damage_healed":0,"gold_gain":0,"player_choice":"Smashed Altar","damage_taken":0,"max_hp_gain":0,"max_hp_loss":0,"event_name":"Forgotten Altar","floor":21,"gold_loss":0,"cards_obtained":["Decay"]}],"is_beta":false,"boss_relics":[{"not_picked":["Velvet Choker","Astrolabe"],"picked":"Philosopher\u0027s Stone"}],"items_purged_floors":[11,19],"is_endless":false,"potions_floor_spawned":[4,10,13,16],"killed_by":"Chosen","ascension_level":12}