{"path_per_floor":["M","M","M","$","M","R","?","E","T","M","M","$","R","M","R","B",null,"M","?","M","$","M","R","E","M","T"],"character_chosen":"THE_SILENT","items_purchased":["Tiny Chest","Bandage Up"],"gold_per_floor":[114,133,150,32,48,48,48,79,79,89,99,24,24,34,34,129,159,176,176,194,93,110,110,139,149,175],"floor_reached":27,"campfire_rested":2,"playtime":2800,"current_hp_per_floor":[66,66,66,66,66,66,66,57,57,40,40,40,40,32,68,55,75,65,65,55,55,38,75,48,19,19],"items_purged":["Strike_G"],"gold":175,"score":249,"play_id":"ecd9de23-f116-4905-b1da-4f4ec6c702c3","is_prod":false,"is_daily":false,"is_ascension_mode":true,"campfire_upgraded":2,"path_taken":["M","M","M","?","M","R","?","E","T","?","M","$","R","M","R","BOSS","M","?","M","$","M","R","E","M","T","M"],"build_version":"2018-02-15-PROD1","purchased_purges":1,"victory":false,"master_deck":["Defend_G","Defend_G","Defend_G","Defend_G","Defend_G","Strike_G+1","Strike_G","Strike_G","Strike_G","Survivor","Neutralize","Footwork","Footwork+1","Deflect","Accuracy+1","Blade Dance","Well Laid Plans","Noxious Fumes","Envenom","Infinite Blades","Bandage Up","Footwork+1","Prepared+1","Terror"],"max_hp_per_floor":[70,70,70,70,70,70,70,70,70,70,70,70,70,70,70,70,75,75,75,75,75,75,75,75,75,75],"relics":["Black Star","Tiny Chest","Ninja Scroll","Darkstone Periapt","Regal Pillow","Tiny House","Anchor","Blood Vial","Vajra"],"card_choices":[{"not_picked":["Dash","Deflect"],"picked":"Footwork"},{"not_picked":["Backstab","Bane"],"picked":"Footwork"},{"not_picked":["All Out Attack","Acrobatics"],"picked":"Deflect"},{"not_picked":["Sucker Punch","Finisher"],"picked":"Accuracy"},{"not_picked":["A Thousand Cuts","Flying Knee"],"picked":"Blade Dance"},{"not_picked":["Distraction","Setup"],"picked":"Well Laid Plans"},{"not_picked":["Acrobatics","Choke"],"picked":"Noxious Fumes"},{"not_picked":["Storm of Steel","Grand Finale"],"picked":"Envenom"},{"not_picked":["Dagger Throw","Cloak And Dagger"],"picked":"Infinite Blades"},{"not_picked":["Dagger Throw","Burst"],"picked":"Footwork"},{"not_picked":["Caltrops","Dodge and Roll"],"picked":"Prepared"},{"not_picked":["Bouncing Flask","Poisoned Stab"],"picked":"Terror"}],"player_experience":146151,"potions_floor_usage":[8,8,20,22,24],"damage_taken":[{"damage":4,"enemies":"Cultist","floor":1,"turns":4},{"damage":0,"enemies":"Jaw Worm","floor":2,"turns":7},{"damage":0,"enemies":"Small Slimes","floor":3,"turns":4},{"damage":0,"enemies":"2 Fungi Beasts","floor":5,"turns":7},{"damage":9,"enemies":"3 Sentries","floor":8,"turns":14},{"damage":17,"enemies":"Exordium Thugs","floor":10,"turns":6},{"damage":0,"enemies":"3 Louse","floor":11,"turns":3},{"damage":8,"enemies":"2 Fungi Beasts","floor":14,"turns":4},{"damage":13,"enemies":"Hexaghost","floor":16,"turns":12},{"damage":10,"enemies":"Chosen","floor":18,"turns":9},{"damage":10,"enemies":"3 Byrds","floor":20,"turns":6},{"damage":33,"enemies":"Snake Plant","floor":22,"turns":5},{"damage":31,"enemies":"Gremlin Leader","floor":24,"turns":9},{"damage":35,"enemies":"3 Cultists","floor":25,"turns":6},{"damage":28,"enemies":"Snecko","floor":27,"turns":4}],"event_choices":[{"event_name":"Liars Game","player_choice":"disagreed","floor":7,"damage_taken":0},{"event_name":"Drug Dealer","player_choice":"Ignored","floor":19,"damage_taken":0}],"boss_relics":[{"not_picked":["Question Card","Philosopher\u0027s Stone"],"picked":"Tiny House"}],"potions_floor_spawned":[1,3,5,11,14,16,18,22],"seed_played":"1229218243029045099","killed_by":"Snecko","ascension_level":1,"is_trial":false}