{"gold_per_floor":[16,28,203,203,128,128,157,184,266,297,309],"floor_reached":11,"playtime":404,"items_purged":["Doubt"],"score":124,"play_id":"b46f001f-972a-47cd-9676-0453262f0286","local_time":"20180922092540","is_ascension_mode":true,"campfire_choices":[{"floor":6,"key":"REST"}],"neow_cost":"NO_GOLD","seed_source_timestamp":593048162302197,"circlet_count":0,"master_deck":["Strike_B","Strike_B","Strike_B","Defend_B","Defend_B","Defend_B","Defend_B","Zap","Dualcast","AscendersBane","Multi-Cast","Buffer","Consume","Chill"],"relics":["Cracked Core","MawBank","Bottled Flame"],"potions_floor_usage":[7,11,11],"damage_taken":[{"damage":1,"enemies":"Cultist","floor":1,"turns":3},{"damage":7,"enemies":"Jaw Worm","floor":2,"turns":3},{"damage":50,"enemies":"Lagavulin","floor":7,"turns":6},{"damage":0,"enemies":"Small Slimes","floor":8,"turns":2},{"damage":19,"enemies":"Blue Slaver","floor":10,"turns":4},{"damage":8,"enemies":"Exordium Thugs","floor":11,"turns":1}],"seed_played":"-3465567920735759150","potions_obtained":[{"floor":2,"key":"Poison Potion"},{"floor":7,"key":"FearPotion"},{"floor":10,"key":"Energy Potion"}],"is_trial":false,"path_per_floor":["M","M","?","?","$","R","E","M","T","M"],"character_chosen":"DEFECT","items_purchased":[],"campfire_rested":1,"item_purchase_floors":[],"current_hp_per_floor":[63,56,56,49,49,70,20,20,20,1,0],"gold":309,"neow_bonus":"THREE_RARE_CARDS","is_prod":false,"is_daily":false,"chose_seed":false,"campfire_upgraded":0,"win_rate":0,"timestamp":1537601140,"path_taken":["M","?","?","?","$","R","E","M","T","M","M"],"build_version":"2018-09-20","purchased_purges":1,"victory":false,"max_hp_per_floor":[71,71,71,71,71,71,71,71,71,71,71],"card_choices":[{"not_picked":["Meteor Strike","Hyperbeam"],"picked":"Multi-Cast","floor":0},{"not_picked":["Turbo","Barrage","Conserve Battery"],"picked":"SKIP","floor":1},{"not_picked":["Conserve Battery","Sunder","Go for the Eyes"],"picked":"SKIP","floor":2},{"not_picked":["FTL","Undo"],"picked":"Buffer","floor":7},{"not_picked":["Leap","Capacitor"],"picked":"Consume","floor":8},{"not_picked":["Stack","Conserve Battery"],"picked":"Chill","floor":10}],"player_experience":527888,"relics_obtained":[{"floor":7,"key":"MawBank"},{"floor":9,"key":"Bottled Flame"}],"event_choices":[{"event_name":"Liars Game","player_choice":"agreed","floor":3,"damage_taken":0},{"event_name":"Golden Wing","player_choice":"Card Removal","floor":4,"damage_taken":0}],"is_beta":false,"boss_relics":[],"items_purged_floors":[5],"is_endless":false,"potions_floor_spawned":[2,7,10],"killed_by":"Exordium Thugs","ascension_level":14}