{"gold_per_floor":[111,124,2,12,29,29,59,59,111,111,0,0,31,46,46,123,123,136,186,198,58,58,58,58,74,154,154,154],"floor_reached":28,"playtime":999,"items_purged":["Defend_B","Strike_B"],"score":418,"play_id":"86f10fc3-1f6f-45e5-a7be-b312be8dcb25","local_time":"20180924001907","is_ascension_mode":true,"campfire_choices":[{"data":"Zap","floor":6,"key":"SMITH"},{"floor":8,"key":"REST"},{"data":"Dualcast","floor":10,"key":"SMITH"},{"floor":15,"key":"REST"},{"floor":23,"key":"REST"},{"floor":27,"key":"REST"}],"neow_cost":"NONE","seed_source_timestamp":732461005031968,"circlet_count":0,"master_deck":["Strike_B","Defend_B","Defend_B","Zap+1","Dualcast+1","AscendersBane","Conserve Battery","Ball Lightning","Self Repair","Gash+1","Blizzard+1","Loop","Rainbow","Cold Snap+1","Self Repair","Defragment"],"relics":["Cracked Core","Molten Egg 2","Potion Belt","PreservedInsect","Symbiotic Virus","Empty Cage","MutagenicStrength","Question Card"],"potions_floor_usage":[7,7],"damage_taken":[{"damage":2,"enemies":"Jaw Worm","floor":1,"turns":3},{"damage":0,"enemies":"Cultist","floor":2,"turns":3},{"damage":0,"enemies":"2 Louse","floor":4,"turns":2},{"damage":7,"enemies":"2 Fungi Beasts","floor":5,"turns":4},{"damage":40,"enemies":"3 Sentries","floor":7,"turns":7},{"damage":28,"enemies":"Lagavulin","floor":13,"turns":5},{"damage":14,"enemies":"3 Louse","floor":14,"turns":3},{"damage":40,"enemies":"The Guardian","floor":16,"turns":9},{"damage":32,"enemies":"Shell Parasite","floor":18,"turns":5},{"damage":37,"enemies":"2 Thieves","floor":20,"turns":4},{"damage":32,"enemies":"3 Cultists","floor":25,"turns":6},{"damage":43,"enemies":"Shelled Parasite and Fungi","floor":28,"turns":5}],"seed_played":"1394205282733960356","potions_obtained":[{"floor":2,"key":"Poison Potion"},{"floor":5,"key":"Regen Potion"},{"floor":13,"key":"FairyPotion"}],"is_trial":false,"path_per_floor":["M","M","$","M","M","R","E","R","T","R","?","?","E","M","R","B",null,"M","?","M","$","?","R","?","M","T","R"],"character_chosen":"DEFECT","items_purchased":["Self Repair","Self Repair"],"campfire_rested":4,"item_purchase_floors":[3,21],"current_hp_per_floor":[62,62,62,62,62,62,37,58,58,58,58,58,37,30,51,18,58,33,33,14,14,14,35,35,17,17,38,0],"gold":154,"neow_bonus":"REMOVE_CARD","is_prod":false,"is_daily":false,"chose_seed":false,"campfire_upgraded":2,"win_rate":0,"timestamp":1537741147,"path_taken":["M","M","$","M","M","R","E","R","T","R","?","?","E","?","R","BOSS","M","?","?","$","?","R","?","M","T","R","M"],"build_version":"2018-09-20","purchased_purges":2,"victory":false,"max_hp_per_floor":[71,71,71,71,71,71,71,71,71,71,71,71,71,71,71,71,71,71,71,71,71,71,71,71,71,71,71,71],"card_choices":[{"not_picked":["Steam","Stack"],"picked":"Conserve Battery","floor":1},{"not_picked":["Lockon","Static Discharge"],"picked":"Ball Lightning","floor":2},{"not_picked":["Turbo","All For One","Blizzard"],"picked":"SKIP","floor":4},{"not_picked":["Heatsinks","Redo","Stack"],"picked":"SKIP","floor":5},{"not_picked":["Sweeping Beam","Hologram"],"picked":"Gash","floor":7},{"not_picked":["Force Field","Steam"],"picked":"Blizzard+1","floor":13},{"not_picked":["Beam Cell+1","Stack"],"picked":"Loop","floor":14},{"not_picked":["Meteor Strike+1","Amplify"],"picked":"Rainbow","floor":16},{"not_picked":["Rebound+1","Barrage+1"],"picked":"Cold Snap+1","floor":18},{"not_picked":["Hologram","Steam","Sweeping Beam+1"],"picked":"SKIP","floor":20},{"not_picked":["Gash+1","Barrage+1"],"picked":"Defragment","floor":25}],"player_experience":603141,"relics_obtained":[{"floor":7,"key":"Molten Egg 2"},{"floor":9,"key":"Potion Belt"},{"floor":13,"key":"Symbiotic Virus"},{"floor":26,"key":"Question Card"}],"event_choices":[{"event_name":"WeMeetAgain","player_choice":"Gold","floor":11,"damage_taken":0},{"event_name":"World of Goop","player_choice":"Left","floor":12,"damage_taken":0},{"event_name":"Nest","player_choice":"Stole From Cult","floor":19,"damage_taken":0},{"event_name":"Drug Dealer","player_choice":"Inject Mutagens","floor":24,"damage_taken":0}],"is_beta":false,"boss_relics":[{"not_picked":["Snecko Eye","White Beast Statue"],"picked":"Empty Cage"}],"items_purged_floors":[3,21],"is_endless":false,"potions_floor_spawned":[2,5,13],"killed_by":"Shelled Parasite and Fungi","ascension_level":17}