{"path_per_floor":["M","M","?","M","M","$","R","$","T","M","R","E","M","?","R","B",null,"M","?","M","M","$","E","R"],"character_chosen":"THE_SILENT","items_purchased":["Prepared","Escape Plan","Flash of Steel"],"gold_per_floor":[116,129,129,148,165,45,45,45,45,57,57,87,100,100,100,202,202,218,133,150,168,1,27,27],"floor_reached":25,"campfire_rested":2,"playtime":3712,"current_hp_per_floor":[60,53,41,41,34,34,34,34,34,36,36,21,11,11,29,12,63,36,36,27,7,7,1,29],"items_purged":["Strike_G"],"gold":27,"play_id":"211d2c98-7076-490d-92fc-0661cdfd846c","is_prod":false,"is_daily":false,"campfire_rituals":0,"campfire_upgraded":2,"is_hardmode":false,"path_taken":["M","M","?","M","M","$","R","$","T","?","R","E","M","?","R","BOSS","M","?","M","M","$","E","R","E"],"build_version":"2018-01-04-PROD1","purchased_purges":1,"victory":false,"master_deck":["Defend_G","Defend_G","Defend_G","Defend_G","Defend_G","Strike_G","Strike_G","Strike_G","Strike_G","Survivor","Neutralize","A Thousand Cuts","Deadly Poison","After Image","Quick Slash","Well Laid Plans","Prepared","Flying Knee","Flying Knee","Deflect","Flying Knee","Dodge and Roll","Caltrops","Escape Plan","Flash of Steel","Blade Dance"],"max_hp_per_floor":[63,63,63,63,63,63,63,63,63,63,63,63,63,63,63,63,63,63,63,63,63,63,63,63],"relics":["Ring of the Snake","Frozen Eye","Sundial","Eternal Feather","Oddly Smooth Stone","Orichalcum"],"campfire_meditates":0,"card_choices":[{"not_picked":["Wraith Form","After Image"],"picked":"A Thousand Cuts"},{"not_picked":["Outmaneuver","Skewer"],"picked":"Deadly Poison"},{"not_picked":["Well Laid Plans","Calculated Gamble"],"picked":"After Image"},{"not_picked":["Endless Agony","Malaise"],"picked":"Quick Slash"},{"not_picked":["Dodge and Roll","All Out Attack"],"picked":"Well Laid Plans"},{"not_picked":["Malaise","Deadly Poison"],"picked":"Flying Knee"},{"not_picked":["Envenom","Flechettes"],"picked":"Flying Knee"},{"not_picked":["Flechettes","Prepared"],"picked":"Deflect"},{"not_picked":["Footwork","Predator"],"picked":"Flying Knee"},{"not_picked":["Flying Knee","Quick Slash"],"picked":"Dodge and Roll"},{"not_picked":["PiercingWail","Bouncing Flask"],"picked":"Caltrops"},{"not_picked":["Dash","Prepared"],"picked":"Blade Dance"}],"player_experience":13954,"potions_floor_usage":[10,10,16,16,23,23,25],"damage_taken":[{"damage":3,"enemies":"Jaw Worm","floor":1,"turns":4},{"damage":7,"enemies":"Blue Slaver","floor":2,"turns":5},{"damage":0,"enemies":"Cultist","floor":4,"turns":4},{"damage":7,"enemies":"Looter","floor":5,"turns":4},{"damage":13,"enemies":"3 Louse","floor":10,"turns":7},{"damage":15,"enemies":"3 Sentries","floor":12,"turns":5},{"damage":10,"enemies":"Lots of Slimes","floor":13,"turns":3},{"damage":17,"enemies":"Slime Boss","floor":16,"turns":9},{"damage":27,"enemies":"2 Thieves","floor":18,"turns":4},{"damage":9,"enemies":"Spheric Guardian","floor":20,"turns":6},{"damage":20,"enemies":"Snecko","floor":21,"turns":7},{"damage":6,"enemies":"Book of Stabbing","floor":23,"turns":6},{"damage":35,"enemies":"Slavers","floor":25,"turns":2}],"event_choices":[{"event_name":"Shining Light","player_choice":"Entered Light","floor":3,"damage_taken":0},{"event_name":"The Lab","player_choice":"Got Potions","floor":14,"damage_taken":0},{"event_name":"Addict","player_choice":"Obtained Relic","floor":19,"damage_taken":0}],"boss_relics":[{"not_picked":["Cursed Key","Runic Dome"],"picked":"Eternal Feather"}],"potions_floor_spawned":[4,5,12,16,18,20,23],"seed_played":"-133730617455659332","killed_by":"Slavers","is_trial":false}