{"path_per_floor":["M","?","?","M","M","R","$","?","T","$","M","R","M","$","R","B",null,"M","?","M","?","$","R","M","R","T","?","M","M","?","M","R"],"character_chosen":"THE_SILENT","items_purchased":["Flash of Steel"],"gold_per_floor":[99,99,99,99,99,99,10,10,10,10,10,10,0,0,0,0,0,0,0,0,0,0,0,0,0,0,0,0,0,0,0,0,0],"floor_reached":33,"campfire_rested":4,"playtime":2127,"current_hp_per_floor":[70,70,70,69,69,69,69,57,57,57,57,70,70,70,70,53,70,56,56,44,28,28,49,47,68,68,68,58,44,44,29,50,0],"items_purged":[],"gold":0,"score":237,"play_id":"c570731d-28f6-48d1-a779-c56b60e17544","local_time":"20180417143256","is_prod":false,"is_daily":false,"chose_seed":false,"is_ascension_mode":false,"campfire_upgraded":2,"timestamp":1523971976,"path_taken":["M","?","?","?","M","R","$","?","T","$","?","R","?","?","R","BOSS","M","?","?","?","?","R","M","R","T","?","?","M","?","M","R","BOSS"],"build_version":"2018-04-12","seed_source_timestamp":6506148830525,"purchased_purges":0,"victory":false,"master_deck":["Defend_G","Defend_G","Defend_G","Defend_G","Defend_G","Strike_G","Strike_G","Strike_G","Strike_G","Strike_G","Survivor","Neutralize+1","Sucker Punch+1","Prepared","Quick Slash","Flash of Steel+1","Backflip","Prepared","Venomology","Dagger Throw+1","Flying Knee","Necronomicurse","Outmaneuver+1","Dagger Spray","Riddle With Holes","Infinite Blades"],"max_hp_per_floor":[70,70,70,70,70,70,70,70,70,70,70,70,70,70,70,70,70,70,70,70,70,70,70,70,70,70,70,70,70,70,70,70,70],"relics":["Ectoplasm","Centennial Puzzle","Oddly Smooth Stone","Black Star","Necronomicon","Happy Flower"],"card_choices":[{"not_picked":["Footwork","Terror"],"picked":"Sucker Punch","floor":1},{"not_picked":["Terror","Bane"],"picked":"Prepared","floor":4},{"not_picked":["Dagger Throw","Backstab"],"picked":"Quick Slash","floor":5},{"not_picked":["Backstab","Malaise"],"picked":"Backflip","floor":11},{"not_picked":["Accuracy","Deadly Poison"],"picked":"Prepared","floor":13},{"not_picked":["Wraith Form v2","Corpse Explosion"],"picked":"Venomology","floor":16},{"not_picked":["Malaise","Predator"],"picked":"Dagger Throw","floor":18},{"not_picked":["Finisher","Dodge and Roll"],"picked":"Flying Knee","floor":20},{"not_picked":["Catalyst","Die Die Die"],"picked":"Outmaneuver","floor":24},{"not_picked":["Bane","Well Laid Plans"],"picked":"Dagger Spray","floor":28},{"not_picked":["Noxious Fumes","Acrobatics"],"picked":"Riddle With Holes","floor":29},{"not_picked":["Dagger Throw","Underhanded Strike"],"picked":"Infinite Blades","floor":31}],"player_experience":59703,"potions_floor_usage":[16,24,28,28,29,31,33,33],"damage_taken":[{"damage":0,"enemies":"Cultist","floor":1,"turns":4},{"damage":1,"enemies":"Jaw Worm","floor":4,"turns":4},{"damage":0,"enemies":"2 Louse","floor":5,"turns":3},{"damage":0,"enemies":"Lots of Slimes","floor":11,"turns":5},{"damage":0,"enemies":"Exordium Thugs","floor":13,"turns":6},{"damage":17,"enemies":"Hexaghost","floor":16,"turns":12},{"damage":14,"enemies":"Spheric Guardian","floor":18,"turns":6},{"damage":12,"enemies":"Chosen","floor":20,"turns":5},{"damage":2,"enemies":"Snecko","floor":24,"turns":4},{"damage":10,"enemies":"Centurion and Healer","floor":28,"turns":6},{"damage":14,"enemies":"Chosen and Byrds","floor":29,"turns":7},{"damage":15,"enemies":"3 Cultists","floor":31,"turns":6},{"damage":52,"enemies":"Champ","floor":33,"turns":10}],"event_choices":[{"event_name":"Golden Wing","player_choice":"Ignored","floor":2,"damage_taken":0},{"event_name":"Living Wall","player_choice":"Grow","floor":3,"damage_taken":0},{"event_name":"Scrap Ooze","player_choice":"success","floor":8,"damage_taken":12},{"event_name":"Drug Dealer","player_choice":"Ignored","floor":19,"damage_taken":0},{"event_name":"Cursed Tome","player_choice":"Obtained Book","floor":21,"damage_taken":0},{"event_name":"Vampires","player_choice":"Ignored","floor":27,"damage_taken":0},{"event_name":"Ghosts","player_choice":"Ignored","floor":30,"damage_taken":0}],"boss_relics":[{"not_picked":["White Beast Statue","Calling Bell"],"picked":"Black Star"}],"potions_floor_spawned":[4,5,24,28],"seed_played":"8275238874483388141","killed_by":"Champ","ascension_level":0,"is_trial":false}