{"gold_per_floor":[114,126,15,32,48,48,12,12,64,83,103,22,48,48,48,144,144,157,168,43,57,73,73,86,86,86,114,42,58,77,91,91,191,191,202,250,250,266,282,282,282],"floor_reached":41,"playtime":3212,"items_purged":[],"score":597,"play_id":"8f34bdde-f270-41b5-b70e-0ca79796c3bc","local_time":"20180915092214","is_ascension_mode":true,"campfire_choices":[{"data":"Static Discharge","floor":6,"key":"SMITH"},{"data":"Buffer","floor":15,"key":"SMITH"},{"data":"Echo Form","floor":23,"key":"SMITH"},{"floor":32,"key":"REST"},{"data":"Buffer","floor":40,"key":"SMITH"}],"neow_cost":"NONE","seed_source_timestamp":65565600928621,"circlet_count":0,"master_deck":["Strike_B","Strike_B","Strike_B","Defend_B","Defend_B","Defend_B","Defend_B","Zap","Dualcast","Self Repair","Static Discharge+1","Self Repair","BootSequence","Conserve Battery","Self Repair","Consume","Loop","Buffer+1","Echo Form+1","Steam","Defragment","Storm","Rebound","Conserve Battery","Conserve Battery","Go for the Eyes","Defragment","Conserve Battery","Heatsinks","Force Field","Go for the Eyes+1","Glacier","Storm","Force Field+1","Steam+1","Glacier","Beam Cell+1","Electrodynamics","Lockon+1","Force Field","Buffer+1"],"relics":["Cracked Core","Dream Catcher","Anchor","Centennial Puzzle","Orrery","Omamori","Question Card","Velvet Choker","Girya"],"potions_floor_usage":[11,11,21,24,27,31,36,36,37,37,38],"damage_taken":[{"damage":2,"enemies":"2 Louse","floor":1,"turns":3},{"damage":0,"enemies":"Cultist","floor":2,"turns":3},{"damage":1,"enemies":"Jaw Worm","floor":4,"turns":4},{"damage":25,"enemies":"Exordium Thugs","floor":5,"turns":9},{"damage":8,"enemies":"2 Fungi Beasts","floor":10,"turns":5},{"damage":24,"enemies":"Lots of Slimes","floor":11,"turns":4},{"damage":40,"enemies":"Gremlin Nob","floor":13,"turns":4},{"damage":35,"enemies":"Hexaghost","floor":16,"turns":9},{"damage":0,"enemies":"Chosen","floor":18,"turns":4},{"damage":27,"enemies":"2 Thieves","floor":19,"turns":4},{"damage":24,"enemies":"Snake Plant","floor":21,"turns":4},{"damage":10,"enemies":"Chosen and Byrds","floor":22,"turns":3},{"damage":49,"enemies":"3 Cultists","floor":24,"turns":5},{"damage":33,"enemies":"Slavers","floor":27,"turns":4},{"damage":13,"enemies":"Cultist and Chosen","floor":29,"turns":4},{"damage":3,"enemies":"Snecko","floor":30,"turns":5},{"damage":14,"enemies":"Centurion and Healer","floor":31,"turns":8},{"damage":39,"enemies":"Automaton","floor":33,"turns":8},{"damage":0,"enemies":"Orb Walker","floor":35,"turns":4},{"damage":27,"enemies":"Mysterious Sphere","floor":36,"turns":6},{"damage":0,"enemies":"3 Darklings","floor":37,"turns":3},{"damage":22,"enemies":"Sphere and 2 Shapes","floor":38,"turns":4},{"damage":30,"enemies":"Maw","floor":39,"turns":8},{"damage":63,"enemies":"2 Orb Walkers","floor":41,"turns":5}],"seed_played":"4936058964963734396","potions_obtained":[{"floor":1,"key":"SpeedPotion"},{"floor":2,"key":"Strength Potion"},{"floor":10,"key":"SpeedPotion"},{"floor":19,"key":"EssenceOfSteel"},{"floor":22,"key":"Fire Potion"},{"floor":24,"key":"Ancient Potion"},{"floor":27,"key":"SteroidPotion"},{"floor":30,"key":"FearPotion"},{"floor":33,"key":"EntropicBrew"},{"floor":35,"key":"SmokeBomb"},{"floor":36,"key":"Block Potion"}],"is_trial":false,"path_per_floor":["M","M","$","M","M","R","$","?","T","M","M","$","E","?","R","B",null,"M","M","$","M","M","R","M","?","T","E","$","M","M","M","R","B",null,"M","?","M","M","M","R"],"character_chosen":"DEFECT","items_purchased":["Self Repair","BootSequence","Self Repair","Loop","Defragment","Conserve Battery","Storm"],"campfire_rested":1,"item_purchase_floors":[3,3,7,12,20,20,28],"current_hp_per_floor":[73,80,80,82,71,71,71,71,71,82,79,79,53,53,53,39,71,82,69,69,52,56,56,21,48,48,22,22,23,34,41,65,40,72,82,69,76,70,61,61,0],"gold":282,"neow_bonus":"TEN_PERCENT_HP_BONUS","is_prod":false,"is_daily":false,"chose_seed":false,"campfire_upgraded":4,"win_rate":0,"timestamp":1536996134,"path_taken":["M","M","$","M","M","R","$","?","T","M","M","?","E","?","R","BOSS","M","M","$","M","M","R","M","?","T","E","$","M","?","M","R","BOSS","M","?","?","M","M","R","E"],"build_version":"2018-09-06","purchased_purges":0,"victory":false,"max_hp_per_floor":[82,82,82,82,82,82,82,82,82,82,82,82,82,82,82,82,82,82,82,82,82,82,82,82,82,82,82,82,82,82,82,82,82,82,82,82,82,82,82,82,82],"card_choices":[{"not_picked":["Rebound","Streamline"],"picked":"Self Repair","floor":1},{"not_picked":["BootSequence","Loop"],"picked":"Static Discharge","floor":2},{"not_picked":["Darkness","Ball Lightning"],"picked":"Conserve Battery","floor":4},{"not_picked":["Beam Cell","Tempest","Rip and Tear"],"picked":"SKIP","floor":5},{"not_picked":["Reinforced Body","Genetic Algorithm","Hologram"],"picked":"SKIP","floor":10},{"not_picked":["Go for the Eyes","Hologram"],"picked":"Consume","floor":11},{"not_picked":["Hyperbeam","Turbo"],"picked":"Buffer","floor":13},{"not_picked":["Reboot","Seek"],"picked":"Echo Form","floor":16},{"not_picked":["Leap","Lockon"],"picked":"Steam","floor":17},{"not_picked":["Aggregate","Steam"],"picked":"Defragment","floor":17},{"not_picked":["Go for the Eyes","Double Energy"],"picked":"Storm","floor":17},{"not_picked":["Streamline","Blizzard"],"picked":"Rebound","floor":17},{"not_picked":["Rebound","Stack"],"picked":"Conserve Battery","floor":17},{"not_picked":["Cold Snap","Tempest"],"picked":"Conserve Battery","floor":18},{"not_picked":["Compile Driver","Cold Snap"],"picked":"Go for the Eyes","floor":19},{"not_picked":["Reprogram+1","Go for the Eyes"],"picked":"Heatsinks","floor":21},{"not_picked":["Glacier","Go for the Eyes"],"picked":"Force Field","floor":22},{"not_picked":["Reprogram","Compile Driver"],"picked":"Go for the Eyes+1","floor":24},{"not_picked":["All For One","Heatsinks"],"picked":"Glacier","floor":27},{"not_picked":["Gash","Conserve Battery","Rebound"],"picked":"Force Field+1","floor":29},{"not_picked":["Stack","Gash","Sweeping Beam"],"picked":"Steam+1","floor":30},{"not_picked":["Loop","Rebound","Sweeping Beam+1"],"picked":"Glacier","floor":31},{"not_picked":["Sweeping Beam","Streamline","Hologram"],"picked":"Beam Cell+1","floor":32},{"not_picked":["Fission","Core Surge","Thunder Strike"],"picked":"Electrodynamics","floor":33},{"not_picked":["BootSequence","Aggregate","Cold Snap"],"picked":"Lockon+1","floor":35},{"not_picked":["Coolheaded+1","Leap","Hologram"],"picked":"Force Field","floor":36},{"not_picked":["Gash","Skim+1","Go for the Eyes","Ball Lightning"],"picked":"SKIP","floor":38},{"not_picked":["Ball Lightning","Barrage","Streamline+1"],"picked":"Buffer","floor":39}],"player_experience":188379,"relics_obtained":[{"floor":9,"key":"Dream Catcher"},{"floor":13,"key":"Anchor"},{"floor":26,"key":"Omamori"},{"floor":27,"key":"Question Card"},{"floor":36,"key":"Girya"}],"event_choices":[{"event_name":"Bonfire Elementals","player_choice":"BASIC","floor":8,"damage_taken":0},{"event_name":"WeMeetAgain","player_choice":"Potion","floor":14,"damage_taken":0},{"event_name":"The Library","player_choice":"Heal","floor":25,"damage_taken":0},{"event_name":"Mysterious Sphere","player_choice":"Fight","floor":36,"damage_taken":0}],"is_beta":false,"boss_relics":[{"not_picked":["Runic Pyramid","Calling Bell"],"picked":"Orrery"},{"not_picked":["Busted Crown","FrozenCore"],"picked":"Velvet Choker"}],"items_purged_floors":[],"is_endless":false,"potions_floor_spawned":[1,2,10,19,22,24,27,30,33,35,36,37],"killed_by":"2 Orb Walkers","ascension_level":6}