{"path_per_floor":["M","M","M","?","M","E","R","M","T","?","R","M","R","M","R","B",null,"M","$","M","?"],"character_chosen":"DEFECT","items_purchased":["Apotheosis","Vajra"],"gold_per_floor":[116,134,149,149,169,208,208,229,229,203,203,228,228,244,244,373,411,435,84,105,105,105],"floor_reached":22,"campfire_rested":2,"playtime":859,"item_purchase_floors":[19,19],"current_hp_per_floor":[75,75,68,50,41,17,39,17,17,17,17,12,34,28,28,11,80,50,50,28,28,0],"items_purged":[],"gold":105,"score":216,"play_id":"a2ddea71-c4f5-4b32-8f08-fd8a7f57e238","local_time":"20180531001323","is_prod":false,"is_daily":false,"chose_seed":false,"is_ascension_mode":true,"campfire_upgraded":2,"win_rate":0,"timestamp":1527740003,"campfire_choices":[{"floor":7,"key":"REST"},{"data":"Creative AI","floor":11,"key":"SMITH"},{"floor":13,"key":"REST"},{"data":"Amplify","floor":15,"key":"SMITH"}],"path_taken":["M","M","M","?","M","E","R","M","T","?","R","M","R","M","R","BOSS","M","$","M","?","?"],"build_version":"2018-05-30","seed_source_timestamp":210827698189078,"purchased_purges":0,"victory":false,"master_deck":["Strike_B","Strike_B","Strike_B","Strike_B","Defend_B+1","Defend_B","Defend_B","Defend_B","Zap","Dualcast","Sunder","Turbo","Leap","Creative AI+1","Beam Cell","Leap","Force Field","Amplify+1","Rainbow","Lockon","Auto Shields+1","Apotheosis","Aggregate"],"max_hp_per_floor":[75,75,75,75,75,75,75,75,75,75,75,75,75,75,75,75,80,80,80,80,80,80],"relics":["Cracked Core","Bloody Idol","Toolbox","Bird Faced Urn","Tiny House","Vajra"],"card_choices":[{"not_picked":["Capacitor","Gash"],"picked":"Sunder","floor":1},{"not_picked":["Compile Driver","Reinforced Body"],"picked":"Turbo","floor":2},{"not_picked":["Recycle","Redo"],"picked":"Leap","floor":3},{"not_picked":["Redo","Streamline"],"picked":"Creative AI","floor":5},{"not_picked":["Fusion","All For One"],"picked":"Beam Cell","floor":6},{"not_picked":["Gash","Redo"],"picked":"Leap","floor":8},{"not_picked":["Conserve Battery","Turbo"],"picked":"Force Field","floor":12},{"not_picked":["Melter","Beam Cell"],"picked":"Amplify","floor":14},{"not_picked":["Multi-Cast","Fission"],"picked":"Rainbow","floor":16},{"not_picked":["Coolheaded","Hologram"],"picked":"Lockon","floor":17},{"not_picked":["Go for the Eyes+1","Recycle"],"picked":"Auto Shields+1","floor":18},{"not_picked":["Gash","Conserve Battery"],"picked":"Aggregate","floor":20}],"player_experience":220083,"potions_floor_usage":[6,16,20,22],"damage_taken":[{"damage":0,"enemies":"Small Slimes","floor":1,"turns":2},{"damage":0,"enemies":"2 Louse","floor":2,"turns":1},{"damage":7,"enemies":"Jaw Worm","floor":3,"turns":2},{"damage":9,"enemies":"Red Slaver","floor":5,"turns":3},{"damage":24,"enemies":"Gremlin Nob","floor":6,"turns":4},{"damage":22,"enemies":"3 Louse","floor":8,"turns":3},{"damage":17,"enemies":"Blue Slaver","floor":12,"turns":4},{"damage":14,"enemies":"Exordium Thugs","floor":14,"turns":4},{"damage":44,"enemies":"Slime Boss","floor":16,"turns":10},{"damage":44,"enemies":"Spheric Guardian","floor":18,"turns":8},{"damage":36,"enemies":"3 Byrds","floor":20,"turns":8},{"damage":43,"enemies":"Cultist and Chosen","floor":22,"turns":5}],"relics_obtained":[{"floor":6,"key":"Toolbox"},{"floor":9,"key":"Bird Faced Urn"}],"event_choices":[{"event_name":"Golden Idol","player_choice":"Take Damage","floor":4,"damage_taken":0},{"event_name":"World of Goop","player_choice":"Left","floor":10,"damage_taken":0},{"event_name":"Forgotten Altar","player_choice":"Gave Idol","floor":21,"damage_taken":0}],"boss_relics":[{"not_picked":["Lizard Tail","Velvet Choker"],"picked":"Tiny House"}],"items_purged_floors":[],"potions_floor_spawned":[1,12,14,18],"seed_played":"-3546265633407362537","killed_by":"Cultist and Chosen","ascension_level":3,"potions_obtained":[{"floor":1,"key":"AttackPotion"},{"floor":12,"key":"FearPotion"},{"floor":14,"key":"FairyPotion"},{"floor":17,"key":"Ancient Potion"},{"floor":18,"key":"Block Potion"}],"is_trial":false}