{"gold_per_floor":[115,65,78,7,7,34,34,65,92,104,120,120,45,63,63,160,160,140,150,150,170,170],"floor_reached":22,"playtime":1204,"items_purged":["Strike_B"],"score":304,"play_id":"8dcbaf4c-618c-4d5b-aea0-f6271223b014","local_time":"20181226233510","is_ascension_mode":true,"campfire_choices":[{"data":"Defragment","floor":7,"key":"SMITH"},{"floor":12,"key":"REST"},{"data":"Buffer","floor":15,"key":"SMITH"}],"neow_cost":"NONE","seed_source_timestamp":647076592703938,"circlet_count":0,"master_deck":["AscendersBane","Strike_B","Strike_B","Defend_B+1","Defend_B","Defend_B","Defend_B","Zap","Dualcast","Fission","Defragment+1","Coolheaded","Leap+1","Streamline","Barrage","Conserve Battery","Buffer+1","Sweeping Beam","Ball Lightning","Echo Form","Ball Lightning","Core Surge","Pain"],"relics":["Cracked Core","War Paint","DataDisk","Orichalcum","Cursed Key","WarpedTongs"],"potions_floor_usage":[8,16,16],"damage_taken":[{"damage":7,"enemies":"Jaw Worm","floor":1,"turns":4},{"damage":7,"enemies":"2 Louse","floor":3,"turns":2},{"damage":29,"enemies":"3 Sentries","floor":6,"turns":8},{"damage":13,"enemies":"Lagavulin","floor":8,"turns":6},{"damage":0,"enemies":"Cultist","floor":10,"turns":3},{"damage":0,"enemies":"Large Slime","floor":11,"turns":4},{"damage":0,"enemies":"2 Fungi Beasts","floor":14,"turns":4},{"damage":10,"enemies":"Hexaghost","floor":16,"turns":11},{"damage":17,"enemies":"2 Thieves","floor":18,"turns":4},{"damage":13,"enemies":"Spheric Guardian","floor":19,"turns":4},{"damage":9,"enemies":"Cultist and Chosen","floor":21,"turns":6},{"damage":34,"enemies":"Centurion and Healer","floor":22,"turns":4}],"seed_played":"-2676812321103926788","potions_obtained":[{"floor":1,"key":"Dexterity Potion"},{"floor":8,"key":"SkillPotion"},{"floor":10,"key":"EssenceOfSteel"},{"floor":16,"key":"Fire Potion"},{"floor":18,"key":"LiquidBronze"}],"is_trial":false,"path_per_floor":["M","?","M","$","?","E","R","E","T","M","M","R","$","M","R","B",null,"M","M","?","M","M"],"character_chosen":"DEFECT","items_purchased":["Leap","Streamline"],"campfire_rested":1,"item_purchase_floors":[4,4],"current_hp_per_floor":[61,61,54,54,59,30,30,17,17,17,17,41,41,41,41,31,68,51,38,38,29,0],"gold":170,"neow_bonus":"ONE_RANDOM_RARE_CARD","is_prod":false,"is_daily":false,"chose_seed":false,"campfire_upgraded":2,"win_rate":0,"timestamp":1545888910,"path_taken":["M","?","M","$","?","E","R","E","T","M","M","R","?","M","R","BOSS","M","M","?","?","M"],"build_version":"2018-12-20","purchased_purges":1,"victory":false,"max_hp_per_floor":[75,75,75,75,80,80,80,80,80,80,80,80,80,80,80,80,80,80,80,80,80,80],"card_choices":[{"not_picked":["Aggregate","Rip and Tear"],"picked":"Defragment","floor":1},{"not_picked":["Stack","Streamline"],"picked":"Coolheaded","floor":3},{"not_picked":["Skim","Double Energy"],"picked":"Barrage","floor":6},{"not_picked":["Force Field","Recycle"],"picked":"Conserve Battery","floor":8},{"not_picked":["Cold Snap","Hologram"],"picked":"Buffer","floor":10},{"not_picked":["Rebound","Reinforced Body"],"picked":"Sweeping Beam","floor":11},{"not_picked":["Doom and Gloom","Hello World"],"picked":"Ball Lightning","floor":14},{"not_picked":["Fission","Creative AI"],"picked":"Echo Form","floor":16},{"not_picked":["Stack","Gash"],"picked":"Ball Lightning","floor":18},{"not_picked":["Loop","Lockon"],"picked":"Core Surge","floor":19},{"not_picked":["Consume","Reinforced Body","Sweeping Beam"],"picked":"SKIP","floor":21}],"player_experience":298959,"relics_obtained":[{"floor":6,"key":"War Paint"},{"floor":8,"key":"DataDisk"},{"floor":9,"key":"Orichalcum"}],"event_choices":[{"cards_removed":["Strike_B"],"damage_healed":0,"gold_gain":0,"player_choice":"Card Removal","damage_taken":0,"max_hp_gain":0,"max_hp_loss":0,"event_name":"The Cleric","floor":2,"gold_loss":50},{"damage_healed":0,"gold_gain":0,"player_choice":"Donut","damage_taken":0,"max_hp_gain":5,"max_hp_loss":0,"event_name":"Big Fish","floor":5,"gold_loss":0},{"damage_healed":0,"gold_gain":0,"player_choice":"Rummage","damage_taken":0,"relics_obtained":["WarpedTongs"],"max_hp_gain":0,"max_hp_loss":0,"event_name":"Accursed Blacksmith","floor":20,"gold_loss":0,"cards_obtained":["Pain"]}],"is_beta":false,"boss_relics":[{"not_picked":["Inserter","Runic Dome"],"picked":"Cursed Key"}],"items_purged_floors":[13],"is_endless":false,"potions_floor_spawned":[1,8,10,16,18],"killed_by":"Centurion and Healer","ascension_level":11}