{"gold_per_floor":[112,126,51,51,31,31,62,62,62,62,80,91,91,118,118,118],"floor_reached":16,"playtime":484,"items_purged":["Strike_B"],"score":213,"play_id":"7c6fc772-741e-4fb4-a4e3-03c3b8b15dfd","local_time":"20180918173027","is_ascension_mode":true,"campfire_choices":[{"data":"Dualcast","floor":6,"key":"SMITH"},{"data":"Zap","floor":8,"key":"SMITH"},{"floor":15,"key":"REST"}],"neow_cost":"NONE","seed_source_timestamp":276451606251534,"circlet_count":0,"master_deck":["Strike_B","Strike_B","Defend_B","Defend_B","Defend_B","Zap+1","Dualcast+1","AscendersBane","Doom and Gloom+1","Hyperbeam","Conserve Battery+1"],"relics":["Cracked Core","NeowsBlessing","Juzu Bracelet","Symbiotic Virus","Shovel"],"potions_floor_usage":[14,14],"damage_taken":[{"damage":0,"enemies":"2 Louse","floor":1,"turns":1},{"damage":0,"enemies":"Small Slimes","floor":2,"turns":1},{"damage":0,"enemies":"3 Sentries","floor":7,"turns":2},{"damage":0,"enemies":"Cultist","floor":11,"turns":2},{"damage":0,"enemies":"Exordium Thugs","floor":12,"turns":2},{"damage":10,"enemies":"Gremlin Nob","floor":14,"turns":3},{"damage":59,"enemies":"The Guardian","floor":16,"turns":9}],"seed_played":"2174801169038817276","potions_obtained":[{"floor":1,"key":"GamblersBrew"},{"floor":2,"key":"FairyPotion"},{"floor":5,"key":"Strength Potion"},{"floor":7,"key":"Fire Potion"}],"is_trial":false,"path_per_floor":["M","M","$","?","?","R","E","R","T","?","M","M","?","E","R"],"character_chosen":"DEFECT","items_purchased":[],"campfire_rested":1,"item_purchase_floors":[],"current_hp_per_floor":[68,68,68,61,61,61,61,61,61,61,61,61,46,36,58,0],"gold":118,"neow_bonus":"THREE_ENEMY_KILL","is_prod":false,"is_daily":false,"chose_seed":false,"campfire_upgraded":2,"win_rate":0,"timestamp":1537284627,"path_taken":["M","M","$","?","?","R","E","R","T","?","M","M","?","E","R","BOSS"],"build_version":"2018-09-06","purchased_purges":1,"victory":false,"max_hp_per_floor":[75,75,75,75,75,75,75,75,75,75,75,75,75,75,75,75],"card_choices":[{"not_picked":["Blizzard","Compile Driver","Cold Snap"],"picked":"SKIP","floor":1},{"not_picked":["Streamline","Steam Power"],"picked":"Doom and Gloom","floor":2},{"not_picked":["Turbo","Tempest"],"picked":"Hyperbeam","floor":7},{"not_picked":["Redo","Streamline","Sweeping Beam"],"picked":"SKIP","floor":11},{"not_picked":["Capacitor","Leap"],"picked":"Conserve Battery","floor":12},{"not_picked":["Cold Snap","Rebound","Beam Cell"],"picked":"SKIP","floor":14}],"player_experience":353817,"relics_obtained":[{"floor":7,"key":"Juzu Bracelet"},{"floor":9,"key":"Symbiotic Virus"},{"floor":14,"key":"Shovel"}],"event_choices":[{"event_name":"Golden Wing","player_choice":"Card Removal","floor":4,"damage_taken":0},{"event_name":"The Woman in Blue","player_choice":"Bought 1 Potion","floor":5,"damage_taken":0},{"event_name":"Purifier","player_choice":"One Purge","floor":10,"damage_taken":0},{"event_name":"Shining Light","player_choice":"Entered Light","floor":13,"damage_taken":0}],"is_beta":false,"boss_relics":[],"items_purged_floors":[3],"is_endless":false,"potions_floor_spawned":[1,2,7,12],"killed_by":"The Guardian","ascension_level":12}