{"gold_per_floor":[15,15,15,15,35,35,46,46,73,101,101,113,131,148,148,250,250,268,283,283,54,54,54,54,71,96,96,96,108,138,138],"floor_reached":31,"playtime":1617,"items_purged":[],"score":369,"play_id":"7d52122e-adb8-415d-978b-a828ba124088","local_time":"20180915163434","is_ascension_mode":true,"campfire_choices":[{"data":"Dualcast","floor":6,"key":"SMITH"},{"data":"Zap","floor":8,"key":"SMITH"},{"floor":15,"key":"REST"},{"floor":23,"key":"REST"},{"floor":28,"key":"REST"}],"neow_cost":"NO_GOLD","seed_source_timestamp":12762340391069,"circlet_count":0,"master_deck":["Strike_B","Strike_B","Strike_B","Strike_B","Defend_B+1","Defend_B","Defend_B+1","Defend_B","Zap+1","Dualcast+1","Rebound","Rebound","Sweeping Beam","Cold Snap","Double Energy","Defragment","Core Surge","Glacier","Redo","Coolheaded","Creative AI","Sweeping Beam","Hyperbeam","Double Energy+1","Ghostly","Ghostly","Ghostly","Ghostly","Ghostly","Redo","Conserve Battery","Sunder+1","Conserve Battery+1","Go for the Eyes","Storm","Cold Snap+1"],"relics":["Cracked Core","Bag of Preparation","Odd Mushroom","Orrery","Dream Catcher","Nilry\u0027s Codex","MutagenicStrength","Pen Nib","CultistMask","PreservedInsect"],"potions_floor_usage":[10,14,16,16,25,29],"damage_taken":[{"damage":2,"enemies":"2 Louse","floor":1,"turns":3},{"damage":2,"enemies":"Jaw Worm","floor":5,"turns":3},{"damage":0,"enemies":"Cultist","floor":7,"turns":2},{"damage":17,"enemies":"The Mushroom Lair","floor":10,"turns":3},{"damage":4,"enemies":"3 Louse","floor":12,"turns":2},{"damage":1,"enemies":"2 Fungi Beasts","floor":13,"turns":3},{"damage":4,"enemies":"Exordium Thugs","floor":14,"turns":3},{"damage":62,"enemies":"The Guardian","floor":16,"turns":9},{"damage":7,"enemies":"Chosen","floor":18,"turns":4},{"damage":43,"enemies":"3 Byrds","floor":19,"turns":5},{"damage":10,"enemies":"Snecko","floor":25,"turns":7},{"damage":0,"enemies":"Centurion and Healer","floor":29,"turns":10},{"damage":11,"enemies":"Slavers","floor":30,"turns":7},{"damage":22,"enemies":"Chosen and Byrds","floor":31,"turns":5}],"seed_played":"6442801058496790270","potions_obtained":[{"floor":7,"key":"SteroidPotion"},{"floor":10,"key":"Poison Potion"},{"floor":13,"key":"Block Potion"},{"floor":14,"key":"SpeedPotion"},{"floor":19,"key":"Poison Potion"},{"floor":25,"key":"Ancient Potion"}],"is_trial":false,"path_per_floor":["M","?","$","?","M","R","M","R","T","?","?","M","M","M","R","B",null,"M","M","?","$","?","R","?","M","T","?","R","M","E"],"character_chosen":"DEFECT","items_purchased":["Dream Catcher","Redo","Conserve Battery"],"campfire_rested":3,"item_purchase_floors":[21,21,21],"current_hp_per_floor":[80,85,85,85,83,83,83,83,83,66,47,43,42,38,66,4,72,65,22,22,22,6,20,20,17,17,17,31,31,20,0],"gold":138,"neow_bonus":"TWENTY_PERCENT_HP_BONUS","is_prod":false,"is_daily":false,"chose_seed":false,"campfire_upgraded":2,"win_rate":0,"timestamp":1537022074,"path_taken":["M","?","$","?","M","R","M","R","T","?","?","M","?","M","R","BOSS","M","M","?","$","?","R","?","M","T","?","R","M","E","M"],"build_version":"2018-09-06","purchased_purges":0,"victory":false,"max_hp_per_floor":[89,94,94,94,94,94,94,94,94,94,94,94,94,94,94,94,94,94,94,47,47,47,47,47,47,47,47,47,47,47,47],"card_choices":[{"not_picked":["Conserve Battery","Chaos"],"picked":"Rebound","floor":1},{"not_picked":["Undo","Cold Snap"],"picked":"Rebound","floor":5},{"not_picked":["Recycle","Turbo"],"picked":"Sweeping Beam","floor":7},{"not_picked":["BootSequence","Darkness"],"picked":"Cold Snap","floor":10},{"not_picked":["Hello World","Compile Driver","Barrage"],"picked":"SKIP","floor":12},{"not_picked":["Skim","Scrape"],"picked":"Double Energy","floor":13},{"not_picked":["Undo","Hologram"],"picked":"Defragment","floor":14},{"not_picked":["Multi-Cast","Amplify"],"picked":"Core Surge","floor":16},{"not_picked":["Lockon","Static Discharge"],"picked":"Glacier","floor":17},{"not_picked":["Steam Power","Turbo"],"picked":"Redo","floor":17},{"not_picked":["Beam Cell","Recycle"],"picked":"Coolheaded","floor":17},{"not_picked":["Sweeping Beam","Force Field"],"picked":"Creative AI","floor":17},{"not_picked":["Turbo","Stack"],"picked":"Sweeping Beam","floor":17},{"not_picked":["Turbo+1","Barrage"],"picked":"Hyperbeam","floor":18},{"not_picked":["Consume","Cold Snap"],"picked":"Double Energy+1","floor":19},{"not_picked":["Reprogram","Streamline+1"],"picked":"Sunder+1","floor":23},{"not_picked":["Tempest+1","Skim"],"picked":"Conserve Battery+1","floor":25},{"not_picked":["Steam","Compile Driver"],"picked":"Go for the Eyes","floor":28},{"not_picked":["Turbo","Undo"],"picked":"Storm","floor":29},{"not_picked":["Reprogram","Conserve Battery"],"picked":"Cold Snap+1","floor":30}],"player_experience":193636,"relics_obtained":[{"floor":9,"key":"Bag of Preparation"},{"floor":10,"key":"Odd Mushroom"},{"floor":22,"key":"Nilry\u0027s Codex"},{"floor":26,"key":"Pen Nib"},{"floor":30,"key":"PreservedInsect"}],"event_choices":[{"event_name":"Big Fish","player_choice":"Donut","floor":2,"damage_taken":0},{"event_name":"WeMeetAgain","player_choice":"Attack","floor":4,"damage_taken":0},{"event_name":"Mushrooms","player_choice":"Fought Mushrooms","floor":10,"damage_taken":0},{"event_name":"Shining Light","player_choice":"Entered Light","floor":11,"damage_taken":0},{"event_name":"Ghosts","player_choice":"Became a Ghost","floor":20,"damage_taken":0},{"event_name":"Cursed Tome","player_choice":"Obtained Book","floor":22,"damage_taken":0},{"event_name":"Drug Dealer","player_choice":"Inject Mutagens","floor":24,"damage_taken":0},{"event_name":"FaceTrader","player_choice":"Trade","floor":27,"damage_taken":0}],"is_beta":false,"boss_relics":[{"not_picked":["Calling Bell","Snecko Eye"],"picked":"Orrery"}],"items_purged_floors":[],"is_endless":false,"potions_floor_spawned":[7,10,13,14,19,25],"killed_by":"Chosen and Byrds","ascension_level":6}