{"gold_per_floor":[119,119,138,138,148,148,55,68,68,79,79,89,104,60,60,135,135,145,145,65,79,35,35,53,53,77,89,101,128,154,177,189,201],"floor_reached":33,"playtime":3057,"items_purged":[],"score":470,"play_id":"ac133955-f4b4-4afc-8fb3-d3e913aec243","local_time":"20180928131810","is_ascension_mode":true,"campfire_choices":[{"data":"Reinforced Body","floor":6,"key":"SMITH"},{"data":"Defragment","floor":11,"key":"SMITH"},{"data":"Defragment","floor":15,"key":"SMITH"},{"floor":23,"key":"REST"},{"data":"Self Repair","floor":27,"key":"SMITH"},{"floor":32,"key":"REST"}],"neow_cost":"NONE","seed_source_timestamp":41008241132901,"circlet_count":0,"master_deck":["Strike_B+1","Strike_B","Strike_B","Defend_B","Defend_B","Defend_B","Defend_B","Zap+1","Dualcast+1","AscendersBane","Reinforced Body+1","Glacier","Ball Lightning","Defragment+1","BootSequence","Melter","Reinforced Body","Defragment+1","FTL","FTL+1","Self Repair+1","Loop","Barrage+1"],"relics":["Cracked Core","Thread and Needle","Eternal Feather","MutagenicStrength","MawBank","Whetstone"],"potions_floor_usage":[18,18,20,24,30,31,33],"damage_taken":[{"damage":1,"enemies":"Cultist","floor":1,"turns":3},{"damage":0,"enemies":"2 Louse","floor":3,"turns":2},{"damage":0,"enemies":"Small Slimes","floor":5,"turns":3},{"damage":3,"enemies":"Blue Slaver","floor":8,"turns":3},{"damage":0,"enemies":"Exordium Wildlife","floor":10,"turns":4},{"damage":0,"enemies":"Looter","floor":12,"turns":3},{"damage":0,"enemies":"Blue Slaver","floor":13,"turns":3},{"damage":16,"enemies":"Slime Boss","floor":16,"turns":11},{"damage":18,"enemies":"3 Byrds","floor":18,"turns":4},{"damage":11,"enemies":"2 Thieves","floor":20,"turns":4},{"damage":45,"enemies":"Snecko","floor":21,"turns":7},{"damage":1,"enemies":"3 Cultists","floor":24,"turns":8},{"damage":36,"enemies":"Chosen and Byrds","floor":29,"turns":8},{"damage":15,"enemies":"Centurion and Healer","floor":30,"turns":8},{"damage":20,"enemies":"Snake Plant","floor":31,"turns":3},{"damage":82,"enemies":"Champ","floor":33,"turns":15}],"seed_played":"-6453561442164450376","potions_obtained":[{"floor":1,"key":"Block Potion"},{"floor":8,"key":"LiquidBronze"},{"floor":12,"key":"EssenceOfSteel"},{"floor":16,"key":"Regen Potion"},{"floor":18,"key":"Regen Potion"},{"floor":21,"key":"Block Potion"},{"floor":24,"key":"Energy Potion"},{"floor":30,"key":"Ancient Potion"},{"floor":31,"key":"EssenceOfSteel"}],"is_trial":false,"path_per_floor":["M","?","M","?","M","R","$","M","T","M","R","M","M","$","R","B",null,"M","?","M","M","$","R","M","?","T","R","T","M","M","M","R"],"character_chosen":"DEFECT","items_purchased":["Defragment","Defragment","Self Repair"],"campfire_rested":2,"item_purchase_floors":[7,14,22],"current_hp_per_floor":[63,63,63,56,56,56,56,53,53,53,53,53,53,53,53,37,63,54,54,57,12,12,45,51,51,51,63,63,37,32,22,55,0],"gold":201,"neow_bonus":"UPGRADE_CARD","is_prod":false,"is_daily":false,"chose_seed":false,"campfire_upgraded":4,"win_rate":0,"timestamp":1538133490,"path_taken":["M","?","M","?","M","R","?","M","T","M","R","?","M","$","R","BOSS","M","?","M","?","$","R","M","?","T","R","?","M","M","M","R","BOSS"],"build_version":"2018-09-27","purchased_purges":0,"victory":false,"max_hp_per_floor":[71,71,71,71,71,71,71,71,71,71,71,71,71,71,71,71,71,71,71,71,71,71,71,71,71,71,71,71,71,71,71,71,71],"card_choices":[{"not_picked":["Genetic Algorithm","Hologram"],"picked":"Reinforced Body","floor":1},{"not_picked":["Steam","Barrage"],"picked":"Glacier","floor":3},{"not_picked":["Steam","Compile Driver"],"picked":"Ball Lightning","floor":5},{"not_picked":["Cold Snap","Compile Driver"],"picked":"BootSequence","floor":8},{"not_picked":["Chaos","Hologram","Gash"],"picked":"SKIP","floor":10},{"not_picked":["Fusion","Sweeping Beam"],"picked":"Melter","floor":12},{"not_picked":["Steam","Undo"],"picked":"Reinforced Body","floor":13},{"not_picked":["Gash","Barrage","Fusion"],"picked":"SKIP","floor":18},{"not_picked":["Cold Snap","Redo"],"picked":"FTL","floor":20},{"not_picked":["Melter","BootSequence"],"picked":"FTL","floor":21},{"not_picked":["Heatsinks","Go for the Eyes","Compile Driver"],"picked":"SKIP","floor":24},{"not_picked":["Gash","Fusion","Beam Cell"],"picked":"SKIP","floor":29},{"not_picked":["Thunder Strike","Double Energy"],"picked":"Loop","floor":30},{"not_picked":["Gash","Turbo"],"picked":"Barrage+1","floor":31}],"player_experience":728044,"relics_obtained":[{"floor":9,"key":"Thread and Needle"},{"floor":26,"key":"MawBank"},{"floor":28,"key":"Whetstone"}],"event_choices":[{"event_name":"Living Wall","player_choice":"Grow","floor":2,"damage_taken":0},{"event_name":"Golden Wing","player_choice":"Card Removal","floor":4,"damage_taken":0},{"event_name":"Ghosts","player_choice":"Ignored","floor":19,"damage_taken":0},{"event_name":"Drug Dealer","player_choice":"Inject Mutagens","floor":25,"damage_taken":0}],"is_beta":false,"boss_relics":[{"not_picked":["Philosopher\u0027s Stone","Tiny House"],"picked":"Eternal Feather"}],"items_purged_floors":[],"is_endless":false,"potions_floor_spawned":[1,8,12,16,18,21,24,30,31],"killed_by":"Champ","ascension_level":19}