{"gold_per_floor":[109,124,134,145,145,170,184,184,184,184],"floor_reached":10,"playtime":507,"items_purged":[],"score":81,"play_id":"42dbb829-7b75-433f-a777-614d1eba392a","local_time":"20180912215217","is_ascension_mode":true,"campfire_choices":[{"floor":8,"key":"REST"}],"neow_cost":"","seed_source_timestamp":1060590111888383,"circlet_count":0,"master_deck":["Strike_B","Strike_B","Strike_B","Strike_B","Defend_B","Defend_B","Defend_B","Defend_B","Zap","Dualcast","Rebound","Redo","Loop","Rebound","Pain","Hello World","Force Field"],"relics":["Cracked Core","WarpedTongs","Happy Flower","Lantern"],"potions_floor_usage":[10,10],"damage_taken":[{"damage":3,"enemies":"2 Louse","floor":1,"turns":2},{"damage":0,"enemies":"Cultist","floor":2,"turns":2},{"damage":12,"enemies":"Jaw Worm","floor":3,"turns":2},{"damage":6,"enemies":"2 Fungi Beasts","floor":4,"turns":4},{"damage":40,"enemies":"3 Sentries","floor":6,"turns":7},{"damage":13,"enemies":"Red Slaver","floor":7,"turns":3},{"damage":36,"enemies":"Lagavulin","floor":10,"turns":5}],"seed_played":"6844981685376634792","potions_obtained":[{"floor":4,"key":"Ancient Potion"},{"floor":6,"key":"LiquidBronze"},{"floor":7,"key":"Swift Potion"}],"is_trial":false,"path_per_floor":["M","M","M","M","?","E","M","R","T"],"character_chosen":"DEFECT","items_purchased":[],"campfire_rested":1,"item_purchase_floors":[],"current_hp_per_floor":[72,72,60,54,54,14,1,23,23,0],"gold":184,"neow_bonus":"","is_prod":false,"is_daily":false,"chose_seed":false,"campfire_upgraded":0,"win_rate":0,"timestamp":1536781937,"path_taken":["M","M","M","M","?","E","M","R","T","E"],"build_version":"2018-09-06","purchased_purges":0,"victory":false,"max_hp_per_floor":[75,75,75,75,75,75,75,75,75,75],"card_choices":[{"not_picked":["Gash","Streamline"],"picked":"Rebound","floor":1},{"not_picked":["Coolheaded","Streamline"],"picked":"Redo","floor":2},{"not_picked":["Steam","Recycle"],"picked":"Loop","floor":3},{"not_picked":["Turbo","Gash"],"picked":"Rebound","floor":4},{"not_picked":["Steam Power","Compile Driver"],"picked":"Hello World","floor":6},{"not_picked":["Sunder","Gash"],"picked":"Force Field","floor":7}],"player_experience":139184,"relics_obtained":[{"floor":6,"key":"Happy Flower"},{"floor":9,"key":"Lantern"}],"event_choices":[{"event_name":"Accursed Blacksmith","player_choice":"Rummage","floor":5,"damage_taken":0}],"is_beta":false,"boss_relics":[],"items_purged_floors":[],"is_endless":false,"potions_floor_spawned":[4,6,7],"killed_by":"Lagavulin","ascension_level":3}