{"gold_per_floor":[114,129,129,129,146,146,162,162,186,198,231,7,23,23,23,152,152,171,171,171,22,42,58,58,71,128,141,180,180,196,196,196,316,316,340,340,340,354,354,354,354,390,415,440,463,25,43,43,43,43],"floor_reached":51,"playtime":5417,"items_purged":[],"score":724,"play_id":"97b6a902-ba80-44b2-b70b-2f0f25bbca82","local_time":"20180629142426","is_ascension_mode":false,"campfire_choices":[{"data":"Noxious Fumes","floor":6.0,"key":"SMITH"},{"data":"Setup","floor":8.0,"key":"SMITH"},{"floor":15.0,"key":"REST"},{"floor":24,"key":"REST"},{"floor":32,"key":"REST"},{"floor":40,"key":"REST"},{"floor":49,"key":"REST"}],"neow_cost":"","seed_source_timestamp":0,"circlet_count":0,"master_deck":["Defend_G+1","Defend_G+1","Defend_G+1","Defend_G","Defend_G","Survivor+1","Neutralize+1","Dash","Bane","Noxious Fumes+1","Setup+1","Bane","Bane","After Image","Quick Slash","Cloak And Dagger","Tools of the Trade","Noxious Fumes","Bite","Bite+1","Bite","Bite","Bite","Poisoned Stab","Deadly Poison","Poisoned Stab","Backstab","Deadly Poison","Backstab","Envenom","Slice+1","Trip","Sadistic Nature","Panache","Finesse","Deflect","Madness","Madness","Blade Dance+1","Endless Agony+1","Cloak And Dagger+1","Deflect","Secret Weapon","Backstab","Catalyst"],"special_seed":0,"relics":["Lizard Tail","War Paint","Dream Catcher","Regal Pillow","Golden Idol","Fusion Hammer","Whetstone","Tiny Chest","Ornamental Fan","Unceasing Top","Sozu","Potion Belt","Strawberry","Anchor","Happy Flower"],"potions_floor_usage":[27,28,28,28,30,33,50],"damage_taken":[{"damage":0.0,"enemies":"Cultist","floor":1.0,"turns":4.0},{"damage":1.0,"enemies":"Small Slimes","floor":2.0,"turns":4.0},{"damage":0.0,"enemies":"Jaw Worm","floor":5.0,"turns":4.0},{"damage":5.0,"enemies":"2 Fungi Beasts","floor":7.0,"turns":4.0},{"damage":15.0,"enemies":"Exordium Thugs","floor":10.0,"turns":5.0},{"damage":3.0,"enemies":"3 Sentries","floor":11.0,"turns":7.0},{"damage":3.0,"enemies":"3 Louse","floor":13.0,"turns":3.0},{"damage":20.0,"enemies":"The Guardian","floor":16.0,"turns":11.0},{"damage":3,"enemies":"Chosen","floor":18,"turns":6},{"damage":5,"enemies":"Spheric Guardian","floor":22,"turns":5},{"damage":15,"enemies":"3 Cultists","floor":23,"turns":6},{"damage":13,"enemies":"Snake Plant","floor":25,"turns":5},{"damage":25,"enemies":"Snecko","floor":27,"turns":5},{"damage":18,"enemies":"Slavers","floor":28,"turns":6},{"damage":10,"enemies":"Centurion and Healer","floor":30,"turns":6},{"damage":92,"enemies":"Automaton","floor":33,"turns":12},{"damage":0,"enemies":"Orb Walker","floor":35,"turns":3},{"damage":11,"enemies":"3 Darklings","floor":38,"turns":6},{"damage":28,"enemies":"Nemesis","floor":42,"turns":6},{"damage":0,"enemies":"Maw","floor":44,"turns":5},{"damage":16,"enemies":"Sphere and 2 Shapes","floor":45,"turns":4},{"damage":5,"enemies":"4 Shapes","floor":47,"turns":3},{"damage":27,"enemies":"Donu and Deca","floor":50,"turns":8}],"seed_played":"-932962255464517900","potions_obtained":[{"floor":1.0,"key":"Energy Potion"},{"floor":5.0,"key":"Swift Potion"},{"floor":10.0,"key":"AttackPotion"},{"floor":13.0,"key":"Poison Potion"},{"floor":16.0,"key":"Dexterity Potion"},{"floor":27,"key":"Explosive Potion"},{"floor":28,"key":"Regen Potion"},{"floor":30,"key":"AttackPotion"},{"floor":33,"key":"EssenceOfSteel"}],"is_trial":false,"path_per_floor":["M","M","?","?","M","R","M","R","T","M","E","$","M","?","R","B",null,"M","?","?","$","M","M","R","M","T","M","E","?","M","?","R","B",null,"M","?","?","M","?","R","T","E","T","M","M","$","M","$","R","B"],"character_chosen":"THE_SILENT","items_purchased":["Regal Pillow","After Image","Whetstone","Deflect","Happy Flower","Secret Weapon","Backstab"],"campfire_rested":5,"item_purchase_floors":[],"current_hp_per_floor":[70,69,69,55,55,55,50,50,50,35,32,32,29,12,48,28,70,67,67,49,49,49,41,49,45,45,31,22,22,38,38,49,19,49,49,49,39,43,37,49,49,32,32,43,34,34,38,38,56,38],"gold":43,"neow_bonus":"","is_prod":false,"is_daily":false,"chose_seed":false,"campfire_upgraded":2,"win_rate":0,"timestamp":1530278666,"path_taken":["M","M","?","?","?","R","M","R","T","M","E","$","M","?","R","BOSS","M","?","?","$","M","M","R","M","T","M","E","?","M","?","R","BOSS","M","?","?","M","?","R","?","E","T","M","?","$","?","?","R","BOSS"],"build_version":"2018-06-28","purchased_purges":0,"victory":true,"max_hp_per_floor":[70,70,70,70,70,70,70,70,70,70,70,70,70,70,70,70,70,70,70,49,49,49,49,49,49,49,49,49,49,49,49,49,49,49,49,49,49,49,49,49,49,56,56,56,56,56,56,56,56,56],"card_choices":[{"not_picked":["Endless Agony","Poisoned Stab"],"picked":"Dash","floor":1.0},{"not_picked":["Dagger Throw","Dodge and Roll"],"picked":"Bane","floor":2.0},{"not_picked":["Bane","Endless Agony"],"picked":"Noxious Fumes","floor":5.0},{"not_picked":["Eviscerate","Dodge and Roll"],"picked":"Setup","floor":7.0},{"not_picked":["Bullet Time","Acrobatics"],"picked":"Bane","floor":10.0},{"not_picked":["Predator","Reflex"],"picked":"Bane","floor":11.0},{"not_picked":["Caltrops","Choke"],"picked":"Quick Slash","floor":13.0},{"not_picked":["Quick Slash","Slice"],"picked":"Cloak And Dagger","floor":15.0},{"not_picked":["Wraith Form v2","Unload"],"picked":"Tools of the Trade","floor":16.0},{"not_picked":["Underhanded Strike","Eviscerate"],"picked":"Noxious Fumes","floor":18},{"not_picked":["Dagger Spray","Backflip","Caltrops"],"picked":"SKIP","floor":22},{"not_picked":["Footwork","Dodge and Roll"],"picked":"Poisoned Stab","floor":23},{"not_picked":["Slice","Underhanded Strike"],"picked":"Deadly Poison","floor":24},{"not_picked":["Bullet Time","Calculated Gamble"],"picked":"Poisoned Stab","floor":25},{"not_picked":["Outmaneuver","Quick Slash"],"picked":"Backstab","floor":27},{"not_picked":["Concentrate","Endless Agony","Underhanded Strike"],"picked":"SKIP","floor":28},{"not_picked":["Blade Dance+1","Sucker Punch"],"picked":"Deadly Poison","floor":30},{"not_picked":["Outmaneuver","Flechettes"],"picked":"Backstab","floor":32},{"not_picked":["Grand Finale","Phantasmal Killer"],"picked":"Envenom","floor":33},{"not_picked":["Dagger Spray","Sucker Punch"],"picked":"Slice+1","floor":35},{"not_picked":["Swift Strike","Dark Shackles"],"picked":"Sadistic Nature","floor":37},{"not_picked":["Good Instincts","Bandage Up"],"picked":"Panache","floor":37},{"not_picked":["Dark Shackles","Secret Technique"],"picked":"Finesse","floor":37},{"not_picked":["Bane","Backflip+1"],"picked":"Deflect","floor":38},{"not_picked":["Acrobatics","Deadly Poison+1"],"picked":"Blade Dance+1","floor":40},{"not_picked":["Blur","Night Terror","Predator"],"picked":"SKIP","floor":42},{"not_picked":["PiercingWail","Sucker Punch"],"picked":"Endless Agony+1","floor":44},{"not_picked":["Quick Slash","Bane"],"picked":"Cloak And Dagger+1","floor":45},{"not_picked":["Sucker Punch","Blur+1","PiercingWail"],"picked":"SKIP","floor":47},{"not_picked":["Deadly Poison+1","Blur"],"picked":"Catalyst","floor":49}],"player_experience":109359,"relics_obtained":[{"floor":9.0,"key":"War Paint"},{"floor":11.0,"key":"Dream Catcher"},{"floor":26,"key":"Tiny Chest"},{"floor":28,"key":"Ornamental Fan"},{"floor":41,"key":"Potion Belt"},{"floor":42,"key":"Strawberry"},{"floor":43,"key":"Anchor"}],"event_choices":[{"event_name":"Liars Game","player_choice":"disagreed","floor":3.0,"damage_taken":0.0},{"event_name":"Shining Light","player_choice":"Entered Light","floor":4.0,"damage_taken":0.0},{"event_name":"Golden Idol","player_choice":"Take Damage","floor":14.0,"damage_taken":0.0},{"event_name":"Drug Dealer","player_choice":"Ignored","floor":19,"damage_taken":0},{"event_name":"Vampires","player_choice":"Became a vampire","floor":20,"damage_taken":0},{"event_name":"Ghosts","player_choice":"Ignored","floor":29,"damage_taken":0},{"event_name":"The Mausoleum","player_choice":"Yes","floor":31,"damage_taken":0},{"event_name":"Match and Keep!","player_choice":"1 cards matched","floor":36,"damage_taken":0},{"event_name":"SensoryStone","player_choice":"Memory 3","floor":37,"damage_taken":0},{"event_name":"Winding Halls","player_choice":"Embrace Madness","floor":39,"damage_taken":0}],"boss_relics":[{"not_picked":["Busted Crown","Coffee Dripper"],"picked":"Fusion Hammer"},{"not_picked":["Pandora\u0027s Box","White Beast Statue"],"picked":"Sozu"}],"items_purged_floors":[],"is_endless":false,"potions_floor_spawned":[1,5,10,13,16,23,27,28,30,33,42,44,47],"ascension_level":0}