{"path_per_floor":["M","M","?","M","$","M","R","E","T","R","E","?","R","E","R","B",null,"M","$","T","?","M","R","E","M","T","T","M","M","M","M","R","B",null,"M","?","$","M","?","R","M","M","T","M","M","E","R","?","R","B"],"character_chosen":"DEFECT","items_purchased":["Compile Driver","Art of War","Melter","Calipers"],"gold_per_floor":[114,131,131,151,28,46,46,73,153,153,187,187,187,242,242,345,345,361,42,42,42,60,60,93,105,176,176,189,201,216,236,236,332,332,352,352,38,55,55,55,72,82,133,143,156,188,188,188,188,188],"floor_reached":51,"campfire_rested":1,"playtime":2912,"item_purchase_floors":[5,19,19,37],"current_hp_per_floor":[71,71,76,76,76,64,64,39,39,39,39,39,39,39,39,39,80,76,76,76,76,76,76,25,25,25,35,35,34,33,33,33,33,90,68,68,68,68,68,68,53,14,14,3,2,1,28,79,79,79],"items_purged":["Strike_B","Strike_B"],"gold":188,"score":1128,"play_id":"6315b4c1-e984-4c4b-afb9-6e181f532210","local_time":"20180607113323","is_prod":false,"is_daily":false,"chose_seed":false,"is_ascension_mode":true,"campfire_upgraded":8,"win_rate":0,"timestamp":1528364003,"campfire_choices":[{"data":"Zap","floor":7,"key":"SMITH"},{"data":"Defragment","floor":10,"key":"SMITH"},{"data":"Dualcast","floor":13,"key":"SMITH"},{"data":"Hologram","floor":15,"key":"SMITH"},{"data":"Fission","floor":23,"key":"SMITH"},{"data":"Defragment","floor":32,"key":"SMITH"},{"data":"Biased Cognition","floor":40,"key":"SMITH"},{"floor":47,"key":"REST"},{"data":"Chill","floor":49,"key":"SMITH"}],"path_taken":["M","M","?","M","$","M","R","E","T","R","E","?","R","E","R","BOSS","M","$","?","?","M","R","E","M","T","?","M","M","?","M","R","BOSS","M","?","$","?","?","R","?","M","T","M","M","E","R","?","R","BOSS"],"build_version":"2018-05-31","seed_source_timestamp":2100911289678,"purchased_purges":2,"victory":true,"master_deck":["Defend_B","Defend_B","Defend_B+1","Defend_B","Zap+1","Dualcast+1","Sweeping Beam","Redo+1","Defragment+1","Compile Driver","Glacier","Core Surge","Biased Cognition+1","Hologram+1","Fission+1","Barrage","Melter","Reboot","Steam Power+1","Chill+1","Defragment+1","Machine Learning+1","Scrape+1","Glacier","Go for the Eyes+1","Chill+1"],"max_hp_per_floor":[75,75,80,80,80,80,80,80,80,80,80,80,80,80,80,80,80,80,80,80,80,80,80,80,80,80,90,90,90,90,90,90,90,90,90,90,90,90,90,90,90,90,90,90,90,90,90,79,79,79],"relics":["Cracked Core","Torii","Kunai","War Paint","Tiny Chest","Nuclear Battery","Art of War","Ornamental Fan","Mercury Hourglass","Shuriken","Pear","Velvet Choker","Calipers","Anchor","Pantograph"],"card_choices":[{"not_picked":["Steam Power","Turbo"],"picked":"Sweeping Beam","floor":1},{"not_picked":["Sweeping Beam","Consume"],"picked":"Redo","floor":2},{"not_picked":["Capacitor","Gash"],"picked":"Defragment","floor":4},{"not_picked":["Gash","Hologram"],"picked":"Glacier","floor":6},{"not_picked":["Rebound","Aggregate","Tempest"],"picked":"SKIP","floor":8},{"not_picked":["Glacier","Redo"],"picked":"Core Surge","floor":11},{"not_picked":["Leap","Stack"],"picked":"Hologram","floor":14},{"not_picked":["Reboot","Multi-Cast"],"picked":"Fission","floor":16},{"not_picked":["Sweeping Beam","Reprogram+1"],"picked":"Barrage","floor":18},{"not_picked":["Doom and Gloom","Sunder","Force Field+1"],"picked":"SKIP","floor":22},{"not_picked":["Reinforced Body","Barrage"],"picked":"Reboot","floor":24},{"not_picked":["Go for the Eyes+1","Redo+1"],"picked":"Steam Power+1","floor":25},{"not_picked":["Tempest","Sweeping Beam","Double Energy"],"picked":"SKIP","floor":28},{"not_picked":["Steam Power+1","Redo"],"picked":"Chill","floor":29},{"not_picked":["Undo","Doom and Gloom"],"picked":"Defragment","floor":30},{"not_picked":["Recycle+1","Steam","Sweeping Beam+1"],"picked":"SKIP","floor":31},{"not_picked":["All For One","Reboot"],"picked":"Machine Learning","floor":33},{"not_picked":["Blizzard+1","Undo+1"],"picked":"Scrape+1","floor":35},{"not_picked":["Compile Driver","Streamline+1","Sweeping Beam+1"],"picked":"SKIP","floor":38},{"not_picked":["Ball Lightning","Streamline"],"picked":"Glacier","floor":41},{"not_picked":["Streamline","Steam Power"],"picked":"Go for the Eyes+1","floor":42},{"not_picked":["Sweeping Beam+1","Ball Lightning","Melter"],"picked":"SKIP","floor":44},{"not_picked":["Conserve Battery+1","Fusion"],"picked":"Chill+1","floor":45},{"not_picked":["Multi-Cast","Conserve Battery","Leap"],"picked":"SKIP","floor":46}],"player_experience":352865,"potions_floor_usage":[14,18,24,31,33,44,46,46],"damage_taken":[{"damage":4,"enemies":"Jaw Worm","floor":1,"turns":4},{"damage":0,"enemies":"Small Slimes","floor":2,"turns":2},{"damage":0,"enemies":"2 Louse","floor":4,"turns":2},{"damage":12,"enemies":"2 Fungi Beasts","floor":6,"turns":3},{"damage":25,"enemies":"Gremlin Nob","floor":8,"turns":5},{"damage":0,"enemies":"Lagavulin","floor":11,"turns":7},{"damage":0,"enemies":"3 Sentries","floor":14,"turns":4},{"damage":0,"enemies":"The Guardian","floor":16,"turns":11},{"damage":4,"enemies":"3 Byrds","floor":18,"turns":4},{"damage":0,"enemies":"Spheric Guardian","floor":22,"turns":3},{"damage":51,"enemies":"Book of Stabbing","floor":24,"turns":6},{"damage":0,"enemies":"3 Cultists","floor":25,"turns":5},{"damage":0,"enemies":"Snecko","floor":28,"turns":5},{"damage":1,"enemies":"Snake Plant","floor":29,"turns":5},{"damage":1,"enemies":"Cultist and Chosen","floor":30,"turns":5},{"damage":0,"enemies":"Snecko","floor":31,"turns":5},{"damage":0,"enemies":"Collector","floor":33,"turns":8},{"damage":22,"enemies":"Orb Walker","floor":35,"turns":4},{"damage":0,"enemies":"3 Shapes","floor":38,"turns":3},{"damage":15,"enemies":"Maw","floor":41,"turns":8},{"damage":39,"enemies":"4 Shapes","floor":42,"turns":7},{"damage":11,"enemies":"Sphere and 2 Shapes","floor":44,"turns":4},{"damage":1,"enemies":"3 Darklings","floor":45,"turns":7},{"damage":1,"enemies":"Nemesis","floor":46,"turns":9},{"damage":0,"enemies":"Time Eater","floor":50,"turns":18}],"relics_obtained":[{"floor":8,"key":"Torii"},{"floor":9,"key":"Kunai"},{"floor":11,"key":"War Paint"},{"floor":14,"key":"Tiny Chest"},{"floor":20,"key":"Ornamental Fan"},{"floor":24,"key":"Mercury Hourglass"},{"floor":26,"key":"Shuriken"},{"floor":27,"key":"Pear"},{"floor":43,"key":"Anchor"},{"floor":46,"key":"Pantograph"}],"event_choices":[{"event_name":"Big Fish","player_choice":"Donut","floor":3,"damage_taken":0},{"event_name":"Living Wall","player_choice":"Change","floor":12,"damage_taken":0},{"event_name":"Purifier","player_choice":"One Purge","floor":21,"damage_taken":0},{"event_name":"Accursed Blacksmith","player_choice":"Forge","floor":36,"damage_taken":0},{"event_name":"Purifier","player_choice":"One Purge","floor":39,"damage_taken":0},{"event_name":"The Moai Head","player_choice":"Heal","floor":48,"damage_taken":0}],"boss_relics":[{"not_picked":["Tiny House","Snecko Eye"],"picked":"Nuclear Battery"},{"not_picked":["Inserter","Lizard Tail"],"picked":"Velvet Choker"}],"items_purged_floors":[5,19],"potions_floor_spawned":[1,6,8,11,16,22,25,30,31,38],"seed_played":"-8827026180680212463","ascension_level":4,"potions_obtained":[{"floor":1,"key":"Ancient Potion"},{"floor":6,"key":"GamblersBrew"},{"floor":8,"key":"Dexterity Potion"},{"floor":11,"key":"Energy Potion"},{"floor":16,"key":"PowerPotion"},{"floor":22,"key":"Dexterity Potion"},{"floor":25,"key":"GamblersBrew"},{"floor":31,"key":"FearPotion"},{"floor":38,"key":"PowerPotion"}],"is_trial":false}