{"gold_per_floor":[116,116,127,153,166,166,176,176,200,215,49,49,69,82,82,186,186,197,211,211,211,222,222,26,26,73,73,73,73],"floor_reached":29,"playtime":2523,"items_purged":[],"score":215,"play_id":"95b9e11b-6144-4052-bd6d-8a3dff9a0700","local_time":"20190108210505","is_ascension_mode":false,"campfire_choices":[{"data":"Neutralize","floor":6.0,"key":"SMITH"},{"data":"Survivor","floor":8.0,"key":"SMITH"},{"data":"PiercingWail","floor":12.0,"key":"SMITH"},{"data":"Footwork","floor":15.0,"key":"SMITH"},{"floor":23,"key":"REST"},{"floor":27,"key":"REST"}],"neow_cost":"NONE","seed_source_timestamp":2639258436896017,"circlet_count":0,"master_deck":["Defend_G","Defend_G","Defend_G","Defend_G","Defend_G","Strike_G","Strike_G","Strike_G","Strike_G","Strike_G","Survivor+1","Neutralize+1","Forethought","Footwork+1","Regret","Dash+1","Heel Hook+1","Heel Hook+1","PiercingWail+1","Deadly Poison","PiercingWail","Endless Agony+1","Envenom","Heel Hook+1","Dagger Spray+1","Underhanded Strike+1","Writhe"],"special_seed":0,"relics":["Ring of the Snake","Molten Egg 2","Strawberry","Bag of Preparation","Snake Skull","Black Star","MutagenicStrength","Lee\u0027s Waffle","Nilry\u0027s Codex","Bag of Marbles","Vajra"],"potions_floor_usage":[20,22],"damage_taken":[{"damage":2.0,"enemies":"Jaw Worm","floor":1.0,"turns":4.0},{"damage":1.0,"enemies":"Cultist","floor":3.0,"turns":5.0},{"damage":3.0,"enemies":"2 Louse","floor":5.0,"turns":4.0},{"damage":2.0,"enemies":"Exordium Wildlife","floor":7.0,"turns":4.0},{"damage":5.0,"enemies":"Looter","floor":10.0,"turns":3.0},{"damage":0.0,"enemies":"3 Louse","floor":13.0,"turns":1.0},{"damage":5.0,"enemies":"2 Fungi Beasts","floor":14.0,"turns":4.0},{"damage":11.0,"enemies":"The Guardian","floor":16.0,"turns":13.0},{"damage":15.0,"enemies":"Chosen","floor":18.0,"turns":6.0},{"damage":31.0,"enemies":"Spheric Guardian","floor":19.0,"turns":10.0},{"damage":0,"enemies":"Masked Bandits","floor":20,"turns":1},{"damage":18,"enemies":"Snake Plant","floor":22,"turns":6},{"damage":85,"enemies":"Gremlin Leader","floor":29,"turns":9}],"seed_played":"-5720558044668604879","potions_obtained":[{"floor":3.0,"key":"Explosive Potion"},{"floor":10.0,"key":"Swift Potion"},{"floor":13.0,"key":"SpeedPotion"},{"floor":18.0,"key":"SmokeBomb"},{"floor":19.0,"key":"Dexterity Potion"}],"is_trial":false,"path_per_floor":["M","?","M","T","M","R","M","R","T","M","$","R","M","M","R","B",null,"M","M","?","?","M","R","$","?","T","R","?","E"],"character_chosen":"THE_SILENT","items_purchased":["Snake Skull","Deadly Poison","Lee\u0027s Waffle"],"campfire_rested":2,"item_purchase_floors":[11,11,24],"current_hp_per_floor":[68,68,67,74,71,71,69,69,69,64,64,64,64,59,59,48,77,62,31,31,31,13,36,84,68,68,84,84,0],"gold":73,"neow_bonus":"RANDOM_COLORLESS","is_prod":false,"is_daily":false,"chose_seed":false,"campfire_upgraded":4,"win_rate":0.0,"timestamp":1546981505,"path_taken":["M","?","M","?","M","R","M","R","T","M","$","R","?","M","R","BOSS","M","M","?","?","M","R","?","?","T","R","?","E"],"build_version":"2019-01-03v4","purchased_purges":0,"victory":false,"max_hp_per_floor":[70,70,70,77,77,77,77,77,77,77,77,77,77,77,77,77,77,77,77,77,77,77,77,84,84,84,84,84,84],"card_choices":[{"not_picked":["Tactician","Backflip"],"picked":"Footwork","floor":1.0},{"not_picked":["Slice+1","Underhanded Strike+1"],"picked":"Dash+1","floor":3.0},{"not_picked":["Expertise","Outmaneuver"],"picked":"Heel Hook+1","floor":5.0},{"not_picked":["Quick Slash+1","Dagger Throw+1"],"picked":"Heel Hook+1","floor":7.0},{"not_picked":["Bouncing Flask","Riddle With Holes+1"],"picked":"PiercingWail","floor":10.0},{"not_picked":["Blade Dance","Deflect"],"picked":"PiercingWail","floor":13.0},{"not_picked":["Prepared","Blade Dance"],"picked":"Endless Agony+1","floor":14.0},{"not_picked":["A Thousand Cuts","Venomology"],"picked":"Envenom","floor":16.0},{"not_picked":["Tactician","Underhanded Strike+1"],"picked":"Heel Hook+1","floor":18.0},{"not_picked":["Backflip","Blade Dance+1"],"picked":"Dagger Spray+1","floor":19.0},{"not_picked":["Dagger Throw+1","Expertise"],"picked":"Underhanded Strike+1","floor":22}],"player_experience":109242,"relics_obtained":[{"floor":4.0,"key":"Strawberry"},{"floor":9.0,"key":"Bag of Preparation"},{"floor":25,"key":"Nilry\u0027s Codex"},{"floor":26,"key":"Bag of Marbles"}],"event_choices":[{"damage_healed":0.0,"max_hp_gain":0.0,"max_hp_loss":0.0,"gold_gain":0.0,"event_name":"Big Fish","player_choice":"Box","floor":2.0,"gold_loss":0.0,"damage_taken":0.0,"relics_obtained":["Molten Egg 2"],"cards_obtained":["Regret"]},{"damage_healed":0,"gold_gain":0,"player_choice":"Fought Bandits","damage_taken":0,"max_hp_gain":0,"max_hp_loss":0,"event_name":"Masked Bandits","floor":20,"gold_loss":0},{"damage_healed":0,"gold_gain":0,"player_choice":"Inject Mutagens","damage_taken":0,"relics_obtained":["MutagenicStrength"],"max_hp_gain":0,"max_hp_loss":0,"event_name":"Drug Dealer","floor":21,"gold_loss":0},{"damage_healed":0,"gold_gain":0,"player_choice":"Obtained Book","damage_taken":16,"max_hp_gain":0,"max_hp_loss":0,"event_name":"Cursed Tome","floor":25,"gold_loss":0},{"damage_healed":0,"gold_gain":0,"player_choice":"Opened","damage_taken":0,"relics_obtained":["Vajra"],"max_hp_gain":0,"max_hp_loss":0,"event_name":"The Mausoleum","floor":28,"gold_loss":0,"cards_obtained":["Writhe"]}],"is_beta":false,"boss_relics":[{"not_picked":["Velvet Choker","Empty Cage"],"picked":"Black Star"}],"items_purged_floors":[],"is_endless":false,"potions_floor_spawned":[3,10,13,18,19],"killed_by":"Gremlin Leader","ascension_level":0}