{"gold_per_floor":[115,115,115,115,138,138,163,188,212,192,210,224,224,247,247,346,346,367,367,367],"floor_reached":20,"playtime":2541,"items_purged":[],"score":274,"play_id":"e6d830d3-c14d-4db1-9355-bc5e6d361a63","local_time":"20180920015039","is_ascension_mode":true,"campfire_choices":[{"floor":6,"key":"REST"},{"floor":13,"key":"REST"},{"data":"Dualcast","floor":15,"key":"SMITH"}],"neow_cost":"NONE","seed_source_timestamp":390806523392282,"circlet_count":0,"master_deck":["Defend_B","Defend_B","Defend_B","Defend_B","Zap","Dualcast+1","AscendersBane","Defragment","Auto Shields","Reinforced Body","Core Surge","Multi-Cast"],"relics":["Cracked Core","Golden Idol","Vajra","Anchor","Empty Cage"],"potions_floor_usage":[12,16,16],"damage_taken":[{"damage":0,"enemies":"Small Slimes","floor":1,"turns":3},{"damage":0,"enemies":"2 Louse","floor":5,"turns":2},{"damage":2,"enemies":"Jaw Worm","floor":7,"turns":3},{"damage":6,"enemies":"Blue Slaver","floor":8,"turns":6},{"damage":3,"enemies":"Looter","floor":11,"turns":4},{"damage":3,"enemies":"3 Louse","floor":12,"turns":3},{"damage":0,"enemies":"Exordium Wildlife","floor":14,"turns":4},{"damage":68,"enemies":"The Guardian","floor":16,"turns":18},{"damage":45,"enemies":"Spheric Guardian","floor":18,"turns":22},{"damage":24,"enemies":"3 Byrds","floor":20,"turns":3}],"seed_played":"5146497465794119767","potions_obtained":[{"floor":5,"key":"SpeedPotion"},{"floor":7,"key":"Swift Potion"},{"floor":10,"key":"Fruit Juice"},{"floor":14,"key":"Poison Potion"}],"is_trial":false,"path_per_floor":["M","?","?","?","M","R","M","M","T","?","M","M","R","M","R","B",null,"M","?"],"character_chosen":"DEFECT","items_purchased":[],"campfire_rested":2,"item_purchase_floors":[],"current_hp_per_floor":[75,68,48,41,41,65,63,57,57,57,54,51,75,75,75,12,68,23,23,0],"gold":367,"neow_bonus":"TEN_PERCENT_HP_BONUS","is_prod":false,"is_daily":false,"chose_seed":false,"campfire_upgraded":1,"win_rate":0,"timestamp":1537401039,"path_taken":["M","?","?","?","M","R","M","M","T","?","M","?","R","M","R","BOSS","M","?","M"],"build_version":"2018-09-06","purchased_purges":0,"victory":false,"max_hp_per_floor":[82,82,82,82,82,82,82,82,82,82,82,82,82,82,82,87,87,87,87,87],"card_choices":[{"not_picked":["Redo","Coolheaded","Gash"],"picked":"SKIP","floor":1},{"not_picked":["Leap","Steam","Lockon"],"picked":"SKIP","floor":5},{"not_picked":["Turbo","Redo"],"picked":"Defragment","floor":7},{"not_picked":["Redo","Blizzard"],"picked":"Auto Shields","floor":8},{"not_picked":["Go for the Eyes","White Noise"],"picked":"Reinforced Body","floor":11},{"not_picked":["Stack","Sweeping Beam","Gash"],"picked":"SKIP","floor":12},{"not_picked":["Undo","Conserve Battery"],"picked":"Core Surge","floor":14},{"not_picked":["Hyperbeam","Biased Cognition"],"picked":"Multi-Cast","floor":16},{"not_picked":["Conserve Battery","Steam","Leap"],"picked":"SKIP","floor":18}],"player_experience":432096,"relics_obtained":[{"floor":9,"key":"Anchor"}],"event_choices":[{"event_name":"Golden Wing","player_choice":"Card Removal","floor":2,"damage_taken":0},{"event_name":"Golden Idol","player_choice":"Take Damage","floor":3,"damage_taken":0},{"event_name":"Scrap Ooze","player_choice":"success","floor":4,"damage_taken":7},{"event_name":"The Woman in Blue","player_choice":"Bought 1 Potion","floor":10,"damage_taken":0},{"event_name":"Purifier","player_choice":"One Purge","floor":19,"damage_taken":0}],"is_beta":false,"boss_relics":[{"not_picked":["Snecko Eye","Tiny House"],"picked":"Empty Cage"}],"items_purged_floors":[],"is_endless":false,"potions_floor_spawned":[5,7,14],"killed_by":"3 Byrds","ascension_level":13}