{"path_per_floor":["M","M","$","M","M","R","E","M","T","R","M","?","M","?","R","B",null,"M","$","M","M","?","R","E","M","T","E","R","M","M","?","R","B",null,"M","$","M","?","M","R","M","E","T","?","$","R","$","M","R","B"],"character_chosen":"THE_SILENT","items_purchased":["Dead Branch","Backstab","Jack Of All Trades","Noxious Fumes","Shuriken","Strength Potion"],"gold_per_floor":[368,380,47,60,75,75,102,120,173,173,185,185,201,201,201,297,297,318,67,85,104,104,104,136,156,183,217,217,232,244,244,244,318,318,332,76,96,96,107,107,122,155,155,155,55,55,7,19,19,19],"floor_reached":51,"campfire_rested":2,"playtime":4443,"current_hp_per_floor":[60,59,59,54,54,54,59,56,56,56,49,49,49,71,71,31,61,39,39,36,36,36,57,58,63,68,60,60,54,58,58,58,19,58,58,58,64,54,48,48,40,22,22,40,40,61,61,62,62,36],"items_purged":["Decay","Writhe"],"gold":19,"score":1173,"play_id":"3fae431f-e08e-47f5-b720-db2d6f5b3d0d","local_time":"20180425115609","is_prod":false,"is_daily":false,"chose_seed":false,"is_ascension_mode":true,"campfire_upgraded":7,"timestamp":1524650169,"path_taken":["M","M","$","M","M","R","E","M","T","R","M","?","M","?","R","BOSS","M","$","M","M","?","R","E","M","T","E","R","?","M","?","R","BOSS","M","$","M","?","?","R","M","E","T","?","?","R","$","M","R","BOSS"],"build_version":"2018-04-19","seed_source_timestamp":0,"purchased_purges":3,"victory":true,"master_deck":["Defend_G","Defend_G","Defend_G","Defend_G","Defend_G","Strike_G","Strike_G","Strike_G","Strike_G","Strike_G","Survivor","Neutralize+1","AscendersBane","Dagger Spray","Quick Slash","Backstab","Cloak And Dagger+1","Crippling Poison","Dodge and Roll","Leg Sweep+1","Wraith Form v2+1","Jack Of All Trades+1","Noxious Fumes","Blade Dance","PiercingWail","Crippling Poison","Noxious Fumes","Setup+1","Tools of the Trade","Cloak And Dagger","Master of Strategy","Transmutation+1","Madness","Leg Sweep","PiercingWail+1","Bouncing Flask+1","Cloak And Dagger+1"],"max_hp_per_floor":[70,70,70,70,70,70,77,77,77,77,77,71,71,71,71,71,71,71,71,71,71,71,71,71,71,71,71,71,71,71,71,71,71,71,71,71,71,71,71,71,71,71,71,71,71,71,71,71,71,71],"relics":["Ring of the Snake","Dead Branch","Strawberry","Tiny Chest","Bloody Idol","Cursed Key","Pen Nib","Omamori","Happy Flower","Snecko Eye","Shuriken","Blood Vial","Paper Crane"],"card_choices":[{"not_picked":["Outmaneuver","Acrobatics"],"picked":"Dagger Spray","floor":1.0},{"not_picked":["Dagger Spray","Poisoned Stab"],"picked":"Quick Slash","floor":2.0},{"not_picked":["Outmaneuver","Distraction"],"picked":"Cloak And Dagger","floor":4.0},{"not_picked":["Concentrate","Calculated Gamble"],"picked":"Crippling Poison","floor":7.0},{"not_picked":["Caltrops","Bane"],"picked":"Dodge and Roll","floor":11},{"not_picked":["Prepared","Poisoned Stab"],"picked":"Leg Sweep","floor":13},{"not_picked":["Venomology","Envenom"],"picked":"Wraith Form v2","floor":16},{"not_picked":["Sucker Punch","Choke"],"picked":"Blade Dance","floor":21},{"not_picked":["Reflex","Acrobatics"],"picked":"PiercingWail","floor":24},{"not_picked":["Prepared","Burst"],"picked":"Crippling Poison","floor":27},{"not_picked":["Bane","Skewer"],"picked":"Noxious Fumes","floor":29},{"not_picked":["Choke","Concentrate"],"picked":"Setup","floor":30},{"not_picked":["Grand Finale","Unload"],"picked":"Tools of the Trade","floor":33},{"not_picked":["Slice","Finisher"],"picked":"Cloak And Dagger","floor":37},{"not_picked":["Panache","Secret Technique"],"picked":"Master of Strategy","floor":38},{"not_picked":["Mind Blast","Deep Breath"],"picked":"Transmutation","floor":38},{"not_picked":["Flash of Steel","Bandage Up"],"picked":"Madness","floor":38},{"not_picked":["Prepared","Expertise"],"picked":"Leg Sweep","floor":39},{"not_picked":["Flechettes","Finisher"],"picked":"PiercingWail","floor":41},{"not_picked":["Well Laid Plans","Sucker Punch"],"picked":"Bouncing Flask","floor":42},{"not_picked":["Quick Slash","Dodge and Roll"],"picked":"Cloak And Dagger","floor":48}],"player_experience":332448,"potions_floor_usage":[16,16,16,24,27,27,33,33,42,50,50,50],"damage_taken":[{"damage":3.0,"enemies":"Small Slimes","floor":1.0,"turns":6.0},{"damage":1.0,"enemies":"2 Louse","floor":2.0,"turns":3.0},{"damage":5.0,"enemies":"Jaw Worm","floor":4.0,"turns":4.0},{"damage":0.0,"enemies":"3 Louse","floor":5.0,"turns":2.0},{"damage":2.0,"enemies":"3 Sentries","floor":7.0,"turns":5.0},{"damage":3.0,"enemies":"Blue Slaver","floor":8.0,"turns":4.0},{"damage":7.0,"enemies":"Lots of Slimes","floor":11.0,"turns":4.0},{"damage":0,"enemies":"Blue Slaver","floor":13,"turns":3},{"damage":40,"enemies":"The Guardian","floor":16,"turns":19},{"damage":22,"enemies":"Spheric Guardian","floor":18,"turns":5},{"damage":3,"enemies":"Shell Parasite","floor":20,"turns":6},{"damage":0,"enemies":"3 Cultists","floor":21,"turns":4},{"damage":4,"enemies":"Book of Stabbing","floor":24,"turns":7},{"damage":0,"enemies":"Cultist and Chosen","floor":25,"turns":6},{"damage":22,"enemies":"Slavers","floor":27,"turns":5},{"damage":11,"enemies":"Centurion and Healer","floor":29,"turns":5},{"damage":1,"enemies":"3 Cultists","floor":30,"turns":4},{"damage":44,"enemies":"Collector","floor":33,"turns":10},{"damage":5,"enemies":"3 Darklings","floor":35,"turns":4},{"damage":3,"enemies":"Orb Walker","floor":37,"turns":5},{"damage":11,"enemies":"3 Darklings","floor":39,"turns":6},{"damage":13,"enemies":"Maw","floor":41,"turns":7},{"damage":23,"enemies":"Giant Head","floor":42,"turns":8},{"damage":10,"enemies":"Sphere and 2 Shapes","floor":48,"turns":4},{"damage":28,"enemies":"Time Eater","floor":50,"turns":10}],"event_choices":[{"event_name":"Golden Idol","player_choice":"Lose Max HP","floor":12,"damage_taken":0},{"event_name":"Big Fish","player_choice":"Banana","floor":14,"damage_taken":0},{"event_name":"Forgotten Altar","player_choice":"Gave Idol","floor":22,"damage_taken":0},{"event_name":"Drug Dealer","player_choice":"Ignored","floor":31,"damage_taken":0},{"event_name":"SensoryStone","player_choice":"Memory 3","floor":38,"damage_taken":0},{"event_name":"Winding Halls","player_choice":"Writhe","floor":44,"damage_taken":0}],"boss_relics":[{"not_picked":["Eternal Feather","White Beast Statue"],"picked":"Cursed Key"},{"not_picked":["Sozu","Astrolabe"],"picked":"Snecko Eye"}],"potions_floor_spawned":[4,5,7,13,16,20,29,30,33,35,39,42],"seed_played":"6286658493044285129","ascension_level":13,"is_trial":false}