{"path_per_floor":["M","?","M","?","M","E","R","M","T","?","?","R","E","M","R","B",null,"M","?","?","M","?","R","E","R","T","M","R","$","$","T","R","B",null,"M","?","$","M","M","E","?","R","T","M","R","E","R","M","R","B"],"character_chosen":"DEFECT","items_purchased":["EssenceOfSteel","Capacitor","Mummified Hand"],"gold_per_floor":[12,12,23,23,39,70,70,87,87,87,87,87,120,134,134,262,262,285,285,210,224,224,224,263,263,343,356,356,206,53,100,100,220,220,240,303,46,59,79,114,114,114,139,159,159,197,197,217,217,217],"floor_reached":51,"campfire_rested":3,"playtime":2157,"current_hp_per_floor":[62,50,48,48,48,14,14,9,9,9,32,32,23,20,20,14,55,31,31,31,29,52,52,50,50,50,35,35,35,35,35,55,26,58,58,58,58,57,44,12,12,32,39,39,39,39,39,39,61,37],"items_purged":["Strike_B","Strike_B"],"gold":217,"score":933,"play_id":"9079991d-e978-4a74-8c09-480abf45df21","local_time":"20180512125840","is_prod":false,"is_daily":false,"chose_seed":false,"is_ascension_mode":true,"campfire_upgraded":8,"timestamp":1526122720,"path_taken":["M","?","M","?","M","E","R","M","T","?","?","R","E","M","R","BOSS","M","?","?","?","?","R","E","R","T","M","R","?","$","?","R","BOSS","M","?","$","M","M","E","?","R","T","M","R","E","R","M","R","BOSS"],"build_version":"2018-05-11","seed_source_timestamp":182308001072411,"purchased_purges":2,"victory":true,"master_deck":["Strike_B","Defend_B","Defend_B","Defend_B","Defend_B","Zap+1","Dualcast","Fusion+1","Static Discharge","Leap+1","Defragment+1","Chill+1","Defragment+1","Biased Cognition","Coolheaded+1","Force Field","Defragment+1","Ball Lightning","Chill+1","Buffer","Electrodynamics+1","Capacitor","Machine Learning+1","Steam+1","Cold Snap+1","Echo Form","BootSequence+1","Consume+1"],"max_hp_per_floor":[75,75,75,75,75,75,75,75,75,69,69,69,69,69,69,69,69,69,69,69,69,69,69,69,69,69,69,69,69,69,69,69,69,69,69,69,69,69,69,69,69,69,76,76,76,76,76,76,76,76],"relics":["Cracked Core","Kunai","Mercury Hourglass","Golden Idol","Bag of Marbles","Nloth\u0027s Gift","Emotion Chip","Darkstone Periapt","War Paint","Inserter","Ice Cream","Mummified Hand","Cables","Strawberry","Bag of Preparation"],"card_choices":[{"not_picked":["Amplify","Seek"],"picked":"Fusion","floor":0},{"not_picked":["Capacitor","Turbo","Coolheaded"],"picked":"SKIP","floor":1},{"not_picked":["Thunder Strike","Recycle"],"picked":"Static Discharge","floor":3},{"not_picked":["FTL","Coolheaded"],"picked":"Leap","floor":5},{"not_picked":["Barrage","Ball Lightning"],"picked":"Defragment","floor":6},{"not_picked":["Beam Cell","Hello World"],"picked":"Lockon","floor":8},{"not_picked":["Darkness","Stack"],"picked":"Chill","floor":13},{"not_picked":["Double Energy","Self Repair"],"picked":"Defragment","floor":14},{"not_picked":["Nova","Multi-Cast"],"picked":"Biased Cognition","floor":16},{"not_picked":["Sweeping Beam","Rebound"],"picked":"Coolheaded","floor":17},{"not_picked":["Capacitor","Darkness"],"picked":"Force Field","floor":17},{"not_picked":["Stack","Auto Shields"],"picked":"Defragment","floor":17},{"not_picked":["Rebound","Lockon"],"picked":"Ball Lightning","floor":17},{"not_picked":["Beam Cell","Redo"],"picked":"Chill+1","floor":18},{"not_picked":["Multi-Cast","Cold Snap"],"picked":"Buffer","floor":21},{"not_picked":["All For One","Fission"],"picked":"Electrodynamics","floor":24},{"not_picked":["Go for the Eyes","Barrage","Scrape"],"picked":"SKIP","floor":27},{"not_picked":["Meteor Strike","Electrodynamics"],"picked":"Machine Learning","floor":33},{"not_picked":["Turbo","Streamline"],"picked":"Steam+1","floor":35},{"not_picked":["Turbo","Fission","Beam Cell+1"],"picked":"SKIP","floor":38},{"not_picked":["Beam Cell+1","Axe Kick+1"],"picked":"Cold Snap+1","floor":39},{"not_picked":["Stack","Capacitor"],"picked":"Echo Form","floor":40},{"not_picked":["Sweeping Beam+1","Tempest"],"picked":"BootSequence+1","floor":44},{"not_picked":["Rebound","Aggregate"],"picked":"Consume+1","floor":46},{"not_picked":["Rebound+1","Hologram","Stack+1"],"picked":"SKIP","floor":48}],"player_experience":66254,"potions_floor_usage":[13,16,33,33,44,50,50,50],"damage_taken":[{"damage":13,"enemies":"Jaw Worm","floor":1,"turns":4},{"damage":2,"enemies":"2 Louse","floor":3,"turns":2},{"damage":0,"enemies":"Small Slimes","floor":5,"turns":3},{"damage":34,"enemies":"3 Sentries","floor":6,"turns":7},{"damage":5,"enemies":"Exordium Wildlife","floor":8,"turns":3},{"damage":9,"enemies":"Gremlin Nob","floor":13,"turns":3},{"damage":3,"enemies":"Blue Slaver","floor":14,"turns":3},{"damage":6,"enemies":"The Guardian","floor":16,"turns":8},{"damage":24,"enemies":"3 Byrds","floor":18,"turns":3},{"damage":2,"enemies":"Shell Parasite","floor":21,"turns":5},{"damage":2,"enemies":"Slavers","floor":24,"turns":5},{"damage":15,"enemies":"Snake Plant","floor":27,"turns":5},{"damage":29,"enemies":"Automaton","floor":33,"turns":9},{"damage":0,"enemies":"3 Shapes","floor":35,"turns":5},{"damage":0,"enemies":"Mysterious Sphere","floor":36,"turns":6},{"damage":1,"enemies":"Flame Bruiser 1 Orb","floor":38,"turns":4},{"damage":13,"enemies":"Maw","floor":39,"turns":6},{"damage":32,"enemies":"2 Orb Walkers","floor":40,"turns":6},{"damage":0,"enemies":"Flame Bruiser 2 Orb","floor":44,"turns":5},{"damage":0,"enemies":"Nemesis","floor":46,"turns":7},{"damage":0,"enemies":"3 Darklings","floor":48,"turns":5},{"damage":24,"enemies":"Time Eater","floor":50,"turns":9}],"event_choices":[{"event_name":"Scrap Ooze","player_choice":"unsuccessful","floor":2,"damage_taken":12},{"event_name":"The Cleric","player_choice":"Leave","floor":4,"damage_taken":0},{"event_name":"Golden Idol","player_choice":"Lose Max HP","floor":10,"damage_taken":0},{"event_name":"Big Fish","player_choice":"Banana","floor":11,"damage_taken":0},{"event_name":"N\u0027loth","player_choice":"Traded a Orrery","floor":19,"damage_taken":0},{"event_name":"Beggar","player_choice":"Gave Gold","floor":20,"damage_taken":0},{"event_name":"The Library","player_choice":"Heal","floor":22,"damage_taken":0},{"event_name":"Mysterious Sphere","player_choice":"Fight","floor":36,"damage_taken":0}],"boss_relics":[{"not_picked":["Ectoplasm","Runic Dome"],"picked":"Orrery"},{"not_picked":["Black Star","Lizard Tail"],"picked":"Inserter"}],"potions_floor_spawned":[5,6,8,14,18,27,35,38,39,48],"seed_played":"-1214023172773524377","ascension_level":5,"is_trial":false}