{"path_per_floor":["M","$","M","T","M","R","E","M","T","?","R","M","R","M","R"],"character_chosen":"DEFECT","items_purchased":["Gash"],"gold_per_floor":[114,43,60,60,80,80,105,120,144,144,144,157,157,175,175,175],"floor_reached":16,"campfire_rested":2,"playtime":491,"current_hp_per_floor":[68,68,61,71,71,71,3,3,3,3,28,23,48,42,42,0],"items_purged":[],"gold":175,"score":133,"play_id":"98da2fca-81dd-443a-a905-ec74d6eac709","local_time":"20180515181500","is_prod":false,"is_daily":false,"chose_seed":false,"is_ascension_mode":true,"campfire_upgraded":2,"timestamp":1526400900,"path_taken":["M","?","M","?","M","R","E","M","T","?","R","M","R","M","R","BOSS"],"build_version":"2018-05-14v2","seed_source_timestamp":462137809608616,"purchased_purges":0,"victory":false,"master_deck":["Strike_B","Strike_B","Strike_B","Strike_B","Defend_B","Defend_B","Defend_B","Defend_B","Zap+1","Dualcast","Chaos","Gash+1","Genetic Algorithm","Hologram+1","Rebound","Skim","Chill","Self Repair"],"max_hp_per_floor":[75,75,75,85,85,85,85,85,85,85,85,85,85,85,85,85],"relics":["Cracked Core","Pear","Anchor","Oddly Smooth Stone"],"card_choices":[{"not_picked":["Skim","Coolheaded"],"picked":"Chaos","floor":1},{"not_picked":["Turbo","Go for the Eyes"],"picked":"Genetic Algorithm","floor":3},{"not_picked":["Sweeping Beam","Steam"],"picked":"Hologram","floor":5},{"not_picked":["Aggregate","Double Energy"],"picked":"Rebound","floor":7},{"not_picked":["Cold Snap","Sweeping Beam"],"picked":"Skim","floor":8},{"not_picked":["Beam Cell","Loop"],"picked":"Chill","floor":12},{"not_picked":["Skim","Biased Cognition"],"picked":"Self Repair","floor":14}],"player_experience":83892,"potions_floor_usage":[7,8],"damage_taken":[{"damage":0,"enemies":"Cultist","floor":1,"turns":3},{"damage":7,"enemies":"Jaw Worm","floor":3,"turns":2},{"damage":0,"enemies":"Small Slimes","floor":5,"turns":3},{"damage":83,"enemies":"Gremlin Nob","floor":7,"turns":6},{"damage":0,"enemies":"Blue Slaver","floor":8,"turns":3},{"damage":5,"enemies":"Exordium Wildlife","floor":12,"turns":4},{"damage":6,"enemies":"Large Slime","floor":14,"turns":4},{"damage":44,"enemies":"Hexaghost","floor":16,"turns":9}],"relics_obtained":[{"floor":4,"key":"Pear"},{"floor":7,"key":"Anchor"},{"floor":9,"key":"Oddly Smooth Stone"}],"event_choices":[{"event_name":"Shining Light","player_choice":"Ignored","floor":10,"damage_taken":0}],"boss_relics":[],"potions_floor_spawned":[5,7,14],"seed_played":"-5270856898941985529","killed_by":"Hexaghost","ascension_level":6,"potions_obtained":[{"floor":5,"key":"Regen Potion"},{"floor":7,"key":"SneckoOil"},{"floor":14,"key":"SteroidPotion"}],"is_trial":false}