{"path_per_floor":["M","M","?","M","M","E","R","E","T","M","M","?","R","M","R","B",null,"M","M","$","?","M","R","E","$","T","E","R","$","E","M","R","B",null,"M","M","$","?","M","R","E","R","T","?","M","R","?","E","R","B"],"character_chosen":"THE_SILENT","items_purchased":["Ice Cream","Adrenaline"],"gold_per_floor":[110,127,127,142,158,193,193,223,223,237,257,257,257,277,277,377,377,389,402,39,39,54,54,84,84,84,113,113,13,38,54,54,150,150,166,184,38,38,55,55,90,90,90,0,20,20,20,49,49,49],"floor_reached":51,"campfire_rested":3,"playtime":4355,"current_hp_per_floor":[70,65,58,44,44,39,39,36,36,36,31,31,31,24,45,14,70,57,57,57,57,44,44,23,23,23,7,28,28,18,26,26,41,70,56,55,55,55,55,55,63,63,63,63,55,55,55,39,64,5],"items_purged":["Strike_G","Doubt"],"gold":49,"score":715,"play_id":"1c42e293-ace3-43c2-b661-9a0093142faa","is_prod":false,"is_daily":false,"is_ascension_mode":true,"campfire_upgraded":3,"path_taken":["M","M","?","?","?","E","R","E","T","?","M","?","R","M","R","BOSS","M","M","$","?","M","R","E","$","T","E","R","$","E","M","R","BOSS","M","M","$","?","M","R","E","R","T","?","M","R","?","E","R","BOSS"],"build_version":"2018-02-15-PROD1","purchased_purges":2,"victory":true,"master_deck":["Defend_G","Defend_G","Defend_G","Defend_G","Defend_G","Strike_G","Strike_G","Strike_G","Survivor","Neutralize+1","Backflip","Footwork+1","Cloak And Dagger","Dagger Throw","Cloak And Dagger","Outmaneuver","Sucker Punch","Flying Knee","Deflect","Envenom","Noxious Fumes+1","Footwork+1","Predator+1","Flying Knee","Backflip+1","Dash+1","PiercingWail+1","Adrenaline+1","Quick Slash","PiercingWail+1","Adrenaline+1","Escape Plan+1","Phantasmal Killer+1","Concentrate+1","Dash+1"],"max_hp_per_floor":[70,70,70,70,70,70,70,70,70,70,70,70,70,70,70,70,70,70,70,70,70,70,70,70,70,70,70,70,70,70,70,70,70,70,70,70,70,70,70,70,84,84,84,84,84,84,84,84,84,84],"relics":["Ring of the Snake","Lantern","Tingsha","Bronze Scales","Dead Branch","Cursed Key","Ice Cream","Centennial Puzzle","Girya","Pantograph","Toxic Egg 2","Black Star","Calipers","Mango","Shovel","Red Mask","Snake Skull","Ginger","Thread and Needle"],"card_choices":[{"not_picked":["Bane","Acrobatics"],"picked":"Backflip"},{"not_picked":["Flying Knee","Distraction"],"picked":"Footwork"},{"not_picked":["Bane","Deadly Poison"],"picked":"Cloak And Dagger"},{"not_picked":["Dodge and Roll","Flying Knee"],"picked":"Dagger Throw"},{"not_picked":["Dodge and Roll","Deflect"],"picked":"Cloak And Dagger"},{"not_picked":["Backflip","Prepared"],"picked":"Outmaneuver"},{"not_picked":["Bane","Deflect"],"picked":"Sucker Punch"},{"not_picked":["Storm of Steel","Predator"],"picked":"Flying Knee"},{"not_picked":["Catalyst","Underhanded Strike"],"picked":"Deflect"},{"not_picked":["Venomology","Storm of Steel"],"picked":"Envenom"},{"not_picked":["Predator","Bane"],"picked":"Noxious Fumes"},{"not_picked":["Backstab","Dagger Spray"],"picked":"Predator"},{"not_picked":["Acrobatics","Deadly Poison"],"picked":"Flying Knee"},{"not_picked":["Bane","Slice"],"picked":"Backflip"},{"not_picked":["Predator","Backflip"],"picked":"Dash"},{"not_picked":["Dodge and Roll","Backflip"],"picked":"PiercingWail"},{"not_picked":["Glass Knife","Envenom"],"picked":"Adrenaline"},{"not_picked":["Dagger Throw","Concentrate"],"picked":"Quick Slash"},{"not_picked":["Poisoned Stab","Bane"],"picked":"PiercingWail"},{"not_picked":["Cloak And Dagger","Prepared"],"picked":"Escape Plan"},{"not_picked":["Poisoned Stab","Cloak And Dagger"],"picked":"Phantasmal Killer"},{"not_picked":["Prepared","Deflect"],"picked":"Concentrate"},{"not_picked":["Infinite Blades","Cloak And Dagger"],"picked":"Dash"}],"player_experience":133801,"potions_floor_usage":[16,24,27,27,31,36,50,50],"damage_taken":[{"damage":0.0,"enemies":"Small Slimes","floor":1.0,"turns":3.0},{"damage":5.0,"enemies":"Jaw Worm","floor":2.0,"turns":6.0},{"damage":14,"enemies":"Lots of Slimes","floor":4,"turns":7},{"damage":0,"enemies":"Red Slaver","floor":5,"turns":5},{"damage":5,"enemies":"3 Sentries","floor":6,"turns":12},{"damage":3,"enemies":"Lagavulin","floor":8,"turns":8},{"damage":0,"enemies":"2 Fungi Beasts","floor":10,"turns":4},{"damage":5,"enemies":"Exordium Thugs","floor":11,"turns":4},{"damage":7,"enemies":"Gremlin Gang","floor":14,"turns":3},{"damage":31,"enemies":"Slime Boss","floor":16,"turns":11},{"damage":13,"enemies":"Spheric Guardian","floor":18,"turns":4},{"damage":0,"enemies":"3 Byrds","floor":19,"turns":4},{"damage":13,"enemies":"Snake Plant","floor":22,"turns":5},{"damage":21,"enemies":"Book of Stabbing","floor":24,"turns":5},{"damage":16,"enemies":"Slavers","floor":27,"turns":7},{"damage":10,"enemies":"Gremlin Leader","floor":30,"turns":8},{"damage":7,"enemies":"Centurion and Healer","floor":31,"turns":6},{"damage":10,"enemies":"Collector","floor":33,"turns":12},{"damage":14,"enemies":"3 Darklings","floor":35,"turns":5},{"damage":1,"enemies":"3 Shapes","floor":36,"turns":4},{"damage":0,"enemies":"Sphere and 2 Shapes","floor":39,"turns":5},{"damage":6,"enemies":"Giant Head","floor":41,"turns":8},{"damage":8,"enemies":"Maw","floor":45,"turns":6},{"damage":16,"enemies":"2 Orb Walkers","floor":48,"turns":4},{"damage":79,"enemies":"Awakened One","floor":50,"turns":11}],"event_choices":[{"event_name":"Golden Wing","player_choice":"Card Removal","floor":3,"damage_taken":0},{"event_name":"The Lab","player_choice":"Got Potions","floor":12,"damage_taken":0},{"event_name":"The Library","player_choice":"Read","floor":21,"damage_taken":0},{"event_name":"Accursed Blacksmith","player_choice":"Forge","floor":38,"damage_taken":0},{"event_name":"Tomb of Lord Red Mask","player_choice":"Paid","floor":44,"damage_taken":0},{"event_name":"Wheel of Change","player_choice":"Card Removal","floor":47,"damage_taken":0}],"boss_relics":[{"not_picked":["Orrery","Runic Pyramid"],"picked":"Cursed Key"},{"not_picked":["The Specimen","Tiny House"],"picked":"Black Star"}],"potions_floor_spawned":[4,8,10,19,22,30,33,45,48],"seed_played":"2189846688234044328","ascension_level":4,"is_trial":false}