{"gold_per_floor":[116,23,34,50,70,70,97,97,97,97,129,129,144,154,154,230,230,203,203,32,51,51,51,70,70,143,143,143,160,38,51,51,51],"floor_reached":33,"playtime":1999,"items_purged":["Strike_B"],"score":475,"play_id":"79a4706b-dcba-4ca0-9a72-48bd5300553d","local_time":"20180924005238","is_ascension_mode":true,"campfire_choices":[{"data":"Sunder","floor":6,"key":"SMITH"},{"data":"Zap","floor":12,"key":"SMITH"},{"data":"Dualcast","floor":15,"key":"SMITH"},{"floor":23,"key":"REST"},{"floor":25,"key":"REST"},{"data":"FTL","floor":28,"key":"SMITH"},{"floor":32,"key":"REST"}],"neow_cost":"NONE","seed_source_timestamp":733472238334778,"circlet_count":0,"master_deck":["Strike_B","Strike_B","Strike_B","Defend_B","Defend_B","Defend_B","Zap+1","Dualcast+1","AscendersBane","Sunder+1","Self Repair+1","Ball Lightning","FTL+1","Lockon+1","Go for the Eyes+1","Glacier+1","Echo Form+1","Loop+1","Melter+1","Capacitor+1","Conserve Battery+1","Defragment+1","Defragment+1"],"relics":["Cracked Core","Frozen Egg 2","Molten Egg 2","Du-Vu Doll","Inserter","Toxic Egg 2"],"potions_floor_usage":[4,11,11,14,24,29,33,33],"damage_taken":[{"damage":2,"enemies":"Cultist","floor":1,"turns":4},{"damage":5,"enemies":"Small Slimes","floor":3,"turns":3},{"damage":7,"enemies":"Jaw Worm","floor":4,"turns":2},{"damage":6,"enemies":"2 Fungi Beasts","floor":5,"turns":4},{"damage":16,"enemies":"Gremlin Nob","floor":7,"turns":3},{"damage":20,"enemies":"3 Sentries","floor":11,"turns":5},{"damage":11,"enemies":"3 Louse","floor":13,"turns":2},{"damage":0,"enemies":"Blue Slaver","floor":14,"turns":1},{"damage":37,"enemies":"The Guardian","floor":16,"turns":8},{"damage":11,"enemies":"2 Thieves","floor":18,"turns":4},{"damage":25,"enemies":"Shell Parasite","floor":21,"turns":4},{"damage":16,"enemies":"Cultist and Chosen","floor":24,"turns":5},{"damage":17,"enemies":"3 Cultists","floor":29,"turns":4},{"damage":12,"enemies":"Chosen and Byrds","floor":31,"turns":7},{"damage":88,"enemies":"Automaton","floor":33,"turns":6}],"seed_played":"-7004684134970451020","potions_obtained":[{"floor":1,"key":"AttackPotion"},{"floor":4,"key":"Weak Potion"},{"floor":5,"key":"Regen Potion"},{"floor":13,"key":"FearPotion"},{"floor":16,"key":"LiquidBronze"},{"floor":21,"key":"SpeedPotion"},{"floor":24,"key":"Dexterity Potion"},{"floor":29,"key":"LiquidBronze"}],"is_trial":false,"path_per_floor":["M","$","M","M","M","R","E","?","T","?","E","R","M","M","R","B",null,"M","?","$","M","?","R","M","R","T","?","R","M","$","M","R"],"character_chosen":"DEFECT","items_purchased":["Self Repair","Loop+1","Melter+1","Defragment+1"],"campfire_rested":3,"item_purchase_floors":[2,20,20,30],"current_hp_per_floor":[69,69,71,71,72,72,63,63,63,63,67,67,56,56,56,29,66,65,65,65,50,28,52,46,70,70,70,70,73,73,61,83,0],"gold":51,"neow_bonus":"TEN_PERCENT_HP_BONUS","is_prod":false,"is_daily":false,"chose_seed":false,"campfire_upgraded":4,"win_rate":0,"timestamp":1537743158,"path_taken":["M","$","?","M","M","R","E","?","T","?","E","R","M","M","R","BOSS","M","?","?","M","?","R","?","R","T","?","R","M","$","M","R","BOSS"],"build_version":"2018-09-20","purchased_purges":1,"victory":false,"max_hp_per_floor":[78,78,78,78,78,78,78,78,78,78,78,78,78,78,78,78,78,78,78,78,78,83,83,83,83,83,83,83,83,83,83,83,83],"card_choices":[{"not_picked":["Skim","Hello World"],"picked":"Sunder","floor":1},{"not_picked":["Chaos","Streamline"],"picked":"Ball Lightning","floor":3},{"not_picked":["Barrage","Doom and Gloom","Hologram"],"picked":"SKIP","floor":4},{"not_picked":["Turbo","Hologram"],"picked":"FTL","floor":5},{"not_picked":["Aggregate","Hello World","Multi-Cast"],"picked":"SKIP","floor":7},{"not_picked":["Force Field","Redo"],"picked":"Lockon+1","floor":11},{"not_picked":["Scrape+1","Coolheaded"],"picked":"Go for the Eyes+1","floor":13},{"not_picked":["FTL+1","Streamline+1"],"picked":"Glacier","floor":14},{"not_picked":["Meteor Strike+1","Hyperbeam+1"],"picked":"Echo Form+1","floor":16},{"not_picked":["Redo","Conserve Battery","Rebound+1"],"picked":"SKIP","floor":18},{"not_picked":["Leap","Rebound+1"],"picked":"Capacitor+1","floor":21},{"not_picked":["Fission","Redo"],"picked":"Conserve Battery+1","floor":24},{"not_picked":["Lockon+1","Compile Driver+1"],"picked":"Defragment+1","floor":29},{"not_picked":["Stack+1","Turbo+1","Steam+1"],"picked":"SKIP","floor":31}],"player_experience":604140,"relics_obtained":[{"floor":7,"key":"Frozen Egg 2"},{"floor":9,"key":"Molten Egg 2"},{"floor":11,"key":"Du-Vu Doll"},{"floor":26,"key":"Toxic Egg 2"}],"event_choices":[{"event_name":"Bonfire Elementals","player_choice":"BASIC","floor":8,"damage_taken":0},{"event_name":"Living Wall","player_choice":"Grow","floor":10,"damage_taken":0},{"event_name":"Upgrade Shrine","player_choice":"Upgraded","floor":19,"damage_taken":0},{"event_name":"Forgotten Altar","player_choice":"Shed Blood","floor":22,"damage_taken":0},{"event_name":"Vampires","player_choice":"Ignored","floor":27,"damage_taken":0}],"is_beta":false,"boss_relics":[{"not_picked":["Lizard Tail","Pandora\u0027s Box"],"picked":"Inserter"}],"items_purged_floors":[30],"is_endless":false,"potions_floor_spawned":[1,4,5,13,16,21,24,29],"killed_by":"Automaton","ascension_level":17}