{"gold_per_floor":[116,192,192,206,226,259,259,259,259,259,278,174,186,186,186,290,290,310,323,333,333,333,333,348,101,124,144,159,170,43,43],"floor_reached":31,"playtime":1217,"items_purged":["Rip and Tear+1"],"score":239,"play_id":"c2582a7c-5e4e-4f59-a98d-960bbed3102e","local_time":"20180912213946","is_ascension_mode":false,"campfire_choices":[{"floor":7,"key":"REST"},{"data":"Streamline","floor":10,"key":"SMITH"},{"floor":15,"key":"REST"},{"floor":23,"key":"REST"}],"neow_cost":"NONE","seed_source_timestamp":54650300132288,"circlet_count":0,"master_deck":["Strike_B","Strike_B","Strike_B","Strike_B","Defend_B","Defend_B","Defend_B","Defend_B","Zap+1","Dualcast","Streamline+1","Leap","Gash+1","Scrape+1","Finesse","All For One+1","Rebound+1","Go for the Eyes+1","Go for the Eyes+1","Rebound+1","Gash+1","Auto Shields"],"relics":["Cracked Core","Molten Egg 2","Omamori","Letter Opener","Sozu","Orichalcum","Membership Card","Dream Catcher","Blood Vial"],"potions_floor_usage":[6,13,31,31],"damage_taken":[{"damage":1,"enemies":"Cultist","floor":1,"turns":3},{"damage":1,"enemies":"2 Louse","floor":4,"turns":2},{"damage":6,"enemies":"Jaw Worm","floor":5,"turns":3},{"damage":27,"enemies":"Gremlin Nob","floor":6,"turns":4},{"damage":21,"enemies":"2 Fungi Beasts","floor":11,"turns":3},{"damage":5,"enemies":"3 Louse","floor":13,"turns":3},{"damage":24,"enemies":"Slime Boss","floor":16,"turns":7},{"damage":15,"enemies":"2 Thieves","floor":18,"turns":3},{"damage":8,"enemies":"Chosen","floor":19,"turns":3},{"damage":27,"enemies":"Snake Plant","floor":20,"turns":4},{"damage":15,"enemies":"Snecko","floor":24,"turns":4},{"damage":3,"enemies":"Centurion and Healer","floor":27,"turns":5},{"damage":22,"enemies":"Snake Plant","floor":28,"turns":3},{"damage":9,"enemies":"3 Cultists","floor":29,"turns":5},{"damage":14,"enemies":"Shelled Parasite and Fungi","floor":31,"turns":2}],"seed_played":"8921700482230714874","potions_obtained":[{"floor":1,"key":"EssenceOfSteel"},{"floor":5,"key":"Strength Potion"},{"floor":6,"key":"SkillPotion"},{"floor":16,"key":"Weak Potion"}],"is_trial":false,"path_per_floor":["M","?","?","M","M","E","R","?","T","R","M","$","M","?","R","B",null,"M","M","M","?","?","R","M","$","T","M","M","M","$"],"character_chosen":"DEFECT","items_purchased":["Finesse","Membership Card","Blood Vial","Gash+1","Auto Shields"],"campfire_rested":3,"item_purchase_floors":[12,25,30,30,30],"current_hp_per_floor":[81,81,81,80,74,47,71,71,71,71,50,50,45,27,51,27,82,67,59,32,32,32,56,41,41,41,38,16,7,7,0],"gold":43,"neow_bonus":"TEN_PERCENT_HP_BONUS","is_prod":false,"is_daily":false,"chose_seed":false,"campfire_upgraded":1,"win_rate":0.0,"timestamp":1536784786,"path_taken":["M","?","?","M","M","E","R","?","T","R","?","$","M","?","R","BOSS","M","?","M","?","?","R","M","$","T","M","M","?","$","?"],"build_version":"2018-09-06","purchased_purges":1,"victory":false,"max_hp_per_floor":[82,82,82,82,82,82,82,82,82,82,82,82,82,82,82,82,82,82,82,82,82,82,82,82,82,82,82,82,82,82,82],"card_choices":[{"not_picked":["Blizzard","Turbo"],"picked":"Streamline","floor":1},{"not_picked":["Turbo","Blizzard"],"picked":"Leap","floor":4},{"not_picked":["Turbo","Undo","Consume"],"picked":"SKIP","floor":5},{"not_picked":["Undo","Coolheaded"],"picked":"Gash","floor":6},{"not_picked":["Machine Learning","Double Energy"],"picked":"Scrape+1","floor":11},{"not_picked":["Chill","Leap","Darkness"],"picked":"SKIP","floor":13},{"not_picked":["Amplify","Fission"],"picked":"All For One+1","floor":16},{"not_picked":["Streamline+1","Turbo"],"picked":"Rebound+1","floor":18},{"not_picked":["Barrage+1","Hologram"],"picked":"Go for the Eyes+1","floor":19},{"not_picked":["Undo","Storm+1"],"picked":"Go for the Eyes+1","floor":20},{"not_picked":["Rebound+1","Creative AI"],"picked":"Rip and Tear+1","floor":24},{"not_picked":["Barrage+1","Leap","Hologram"],"picked":"SKIP","floor":27},{"not_picked":["Scrape+1","White Noise"],"picked":"Rebound+1","floor":28},{"not_picked":["Ball Lightning+1","Barrage+1","Aggregate"],"picked":"SKIP","floor":29}],"player_experience":150977,"relics_obtained":[{"floor":6,"key":"Molten Egg 2"},{"floor":9,"key":"Omamori"},{"floor":26,"key":"Dream Catcher"}],"event_choices":[{"event_name":"Golden Wing","player_choice":"Gained Gold","floor":2,"damage_taken":0},{"event_name":"Living Wall","player_choice":"Grow","floor":3,"damage_taken":0},{"event_name":"The Cleric","player_choice":"Leave","floor":8,"damage_taken":0},{"event_name":"Scrap Ooze","player_choice":"success","floor":14,"damage_taken":18},{"event_name":"The Mausoleum","player_choice":"Yes","floor":21,"damage_taken":0},{"event_name":"The Woman in Blue","player_choice":"Bought 0 Potions","floor":22,"damage_taken":0}],"is_beta":false,"boss_relics":[{"not_picked":["Runic Pyramid","Black Star"],"picked":"Sozu"}],"items_purged_floors":[25],"is_endless":false,"potions_floor_spawned":[1,5,6,16,20,27,29],"killed_by":"Shelled Parasite and Fungi","ascension_level":0}