{"path_per_floor":["M","?","M","?","M","E","R","E","T","M","?","E","M","$","R"],"character_chosen":"DEFECT","items_purchased":["Darkstone Periapt"],"gold_per_floor":[119,119,133,133,145,172,172,207,207,225,225,268,284,42,42,42],"floor_reached":16,"campfire_rested":0,"playtime":477,"item_purchase_floors":[14],"current_hp_per_floor":[67,85,85,85,85,51,51,37,37,36,36,26,26,26,26,0],"items_purged":[],"gold":42,"score":144,"play_id":"e431dad7-20cd-4271-9ace-621354a9bd86","local_time":"20180531193416","is_prod":false,"is_daily":false,"chose_seed":false,"is_ascension_mode":true,"campfire_upgraded":2,"win_rate":0,"timestamp":1527809656,"campfire_choices":[{"data":"Dualcast","floor":7,"key":"SMITH"},{"data":"Genetic Algorithm","floor":15,"key":"SMITH"}],"path_taken":["M","?","?","?","M","E","R","E","T","M","?","E","M","$","R","BOSS"],"build_version":"2018-05-30v2","seed_source_timestamp":280864345386314,"purchased_purges":0,"victory":false,"master_deck":["Strike_B","Strike_B","Strike_B","Strike_B","Defend_B","Defend_B","Defend_B","Defend_B","Zap","Dualcast+1","Auto Shields","Lockon","Normality","FTL","FTL","Streamline","Genetic Algorithm+1","Injury","Leap","Self Repair"],"max_hp_per_floor":[75,85,85,85,85,85,85,85,85,85,85,85,85,85,85,85],"relics":["Cracked Core","Dream Catcher","Dodecahedron","Centennial Puzzle","DataDisk","Golden Idol","Happy Flower","Darkstone Periapt"],"card_choices":[{"not_picked":["Ball Lightning","Sweeping Beam"],"picked":"Auto Shields","floor":1},{"not_picked":["Chill","Stack"],"picked":"Lockon","floor":3},{"not_picked":["Redo","Compile Driver"],"picked":"FTL","floor":5},{"not_picked":["Hologram","Cold Snap"],"picked":"FTL","floor":6},{"not_picked":["Reprogram","Stack"],"picked":"Streamline","floor":8},{"not_picked":["Capacitor","Rebound"],"picked":"Genetic Algorithm","floor":10},{"not_picked":["Echo Form","Coolheaded"],"picked":"Leap","floor":12},{"not_picked":["Gash","Hologram"],"picked":"Self Repair","floor":13}],"player_experience":227808,"potions_floor_usage":[12,16],"damage_taken":[{"damage":8,"enemies":"Cultist","floor":1,"turns":4},{"damage":0,"enemies":"2 Louse","floor":3,"turns":1},{"damage":0,"enemies":"Small Slimes","floor":5,"turns":3},{"damage":34,"enemies":"Gremlin Nob","floor":6,"turns":4},{"damage":14,"enemies":"Lagavulin","floor":8,"turns":7},{"damage":1,"enemies":"Looter","floor":10,"turns":3},{"damage":10,"enemies":"3 Sentries","floor":12,"turns":6},{"damage":0,"enemies":"3 Louse","floor":13,"turns":3},{"damage":26,"enemies":"The Guardian","floor":16,"turns":5}],"relics_obtained":[{"floor":6,"key":"Dodecahedron"},{"floor":8,"key":"Centennial Puzzle"},{"floor":9,"key":"DataDisk"},{"floor":12,"key":"Happy Flower"}],"event_choices":[{"event_name":"Bonfire Elementals","player_choice":"RARE","floor":2,"damage_taken":0},{"event_name":"Accursed Blacksmith","player_choice":"Rummage","floor":4,"damage_taken":0},{"event_name":"Golden Idol","player_choice":"Take Wound","floor":11,"damage_taken":0}],"boss_relics":[],"items_purged_floors":[],"potions_floor_spawned":[6,8,10],"seed_played":"2917779730162492643","killed_by":"The Guardian","ascension_level":4,"potions_obtained":[{"floor":6,"key":"SteroidPotion"},{"floor":8,"key":"EssenceOfSteel"},{"floor":10,"key":"SkillPotion"}],"is_trial":false}