{"path_per_floor":["M","M","?","?","$","E","R","?","T","$","M","E","M","M","R","B",null,"M","?","$","M","M","E","M","R","T","E","?","R","M","?","R","B",null,"M","?","$","?","?","R","M","M","T","R","E","$","?","?","R","B"],"character_chosen":"THE_SILENT","items_purchased":["Well Laid Plans","Anchor","Acrobatics","Whetstone","Secret Technique","Endless Agony"],"gold_per_floor":[109,126,126,126,52,90,90,90,90,90,115,151,167,180,180,305,343,364,364,12,27,41,84,98,98,98,133,133,133,157,72,72,200,200,221,221,28,28,94,94,115,136,136,136,172,15,15,15,15,15],"floor_reached":51,"campfire_rested":3,"playtime":10099,"current_hp_per_floor":[63,61,46,43,43,25,58,45,45,45,46,32,27,29,62,13,68,65,65,65,67,56,36,37,37,37,39,39,68,68,68,68,24,68,58,68,68,68,68,68,68,68,68,68,63,63,63,63,63,4],"items_purged":["Defend_G"],"gold":15,"score":720,"play_id":"e2042d30-ebeb-4414-ab67-4bd82797fc3c","local_time":"20180512181409","is_prod":false,"is_daily":false,"chose_seed":false,"is_ascension_mode":false,"campfire_upgraded":5,"timestamp":1526141649,"path_taken":["M","M","?","?","$","E","R","?","T","$","M","E","M","M","R","BOSS","M","?","?","M","M","E","M","R","T","E","?","R","?","?","R","BOSS","M","?","$","?","?","R","M","?","T","R","E","$","?","?","R","BOSS"],"build_version":"2018-05-10","seed_source_timestamp":174102193860425,"purchased_purges":1,"victory":true,"master_deck":["Defend_G+1","Defend_G+1","Defend_G+1","Strike_G+1","Strike_G+1","Strike_G+1","Strike_G+1","Strike_G+1","Survivor","Neutralize","Underhanded Strike","Dagger Throw+1","Well Laid Plans","Prepared+1","Reflex","Eviscerate+1","Backflip+1","After Image+1","Tactician+1","Underhanded Strike","Infinite Blades+1","Acrobatics","Acrobatics","Predator+1","Prepared+1","Endless Agony","Terror","Finisher","Envenom+1","Writhe","Secret Technique+1","After Image+1","Choke+1","Backstab","Expertise+1","Endless Agony"],"max_hp_per_floor":[63,63,63,63,63,63,63,63,63,63,63,63,63,63,63,63,68,68,68,68,68,68,68,68,68,68,68,68,68,68,68,68,68,68,68,68,68,68,68,68,68,68,68,68,68,68,68,68,68,68],"relics":["Ring of the Snake","Sundial","Golden Idol","Blood Vial","Regal Pillow","Mercury Hourglass","Ornamental Fan","Tiny House","Anchor","Whetstone","Lantern","Bottled Flame","Pen Nib","Letter Opener","Cursed Key","Tingsha","Matryoshka","Vajra","Spirit Poop"],"card_choices":[{"not_picked":["Deadly Poison","Prepared"],"picked":"Underhanded Strike","floor":1},{"not_picked":["Masterful Stab","Malaise"],"picked":"Dagger Throw","floor":2},{"not_picked":["Poisoned Stab","Deflect"],"picked":"Prepared","floor":6},{"not_picked":["Catalyst","Dagger Spray"],"picked":"Reflex","floor":11},{"not_picked":["Deadly Poison","Quick Slash"],"picked":"Eviscerate","floor":12},{"not_picked":["Footwork","Poisoned Stab"],"picked":"Backflip","floor":13},{"not_picked":["Heel Hook","Slice"],"picked":"After Image","floor":14},{"not_picked":["A Thousand Cuts","Unload"],"picked":"Tactician","floor":16},{"not_picked":["Noxious Fumes","Prepared"],"picked":"Underhanded Strike","floor":17},{"not_picked":["Sucker Punch","Deflect"],"picked":"Infinite Blades","floor":18},{"not_picked":["Malaise","Sucker Punch"],"picked":"Acrobatics","floor":21},{"not_picked":["Skewer","Finisher"],"picked":"Predator","floor":22},{"not_picked":["Catalyst","Acrobatics"],"picked":"Prepared","floor":23},{"not_picked":["Quick Slash","Bane"],"picked":"Endless Agony","floor":27},{"not_picked":["Deflect","Deadly Poison"],"picked":"Finisher","floor":30},{"not_picked":["Phantasmal Killer","Night Terror"],"picked":"Envenom","floor":33},{"not_picked":["Caltrops","Underhanded Strike"],"picked":"Choke","floor":41},{"not_picked":["Sucker Punch","Heel Hook"],"picked":"Backstab","floor":42},{"not_picked":["Footwork","Sucker Punch"],"picked":"Expertise","floor":45}],"player_experience":34140,"potions_floor_usage":[16,16],"damage_taken":[{"damage":0,"enemies":"2 Louse","floor":1,"turns":4},{"damage":2,"enemies":"Jaw Worm","floor":2,"turns":6},{"damage":20,"enemies":"3 Sentries","floor":6,"turns":12},{"damage":1,"enemies":"Cultist","floor":11,"turns":3},{"damage":16,"enemies":"Lagavulin","floor":12,"turns":7},{"damage":7,"enemies":"Large Slime","floor":13,"turns":7},{"damage":0,"enemies":"Looter","floor":14,"turns":3},{"damage":50,"enemies":"Hexaghost","floor":16,"turns":13},{"damage":3,"enemies":"3 Byrds","floor":18,"turns":5},{"damage":0,"enemies":"Spheric Guardian","floor":21,"turns":3},{"damage":12,"enemies":"Snecko","floor":22,"turns":7},{"damage":22,"enemies":"Gremlin Leader","floor":23,"turns":7},{"damage":1,"enemies":"Slaver and Parasite","floor":24,"turns":7},{"damage":0,"enemies":"Book of Stabbing","floor":27,"turns":6},{"damage":0,"enemies":"Snake Plant","floor":30,"turns":3},{"damage":44,"enemies":"Champ","floor":33,"turns":10},{"damage":10,"enemies":"3 Shapes","floor":35,"turns":2},{"damage":0,"enemies":"Mysteriöse Sphäre","floor":39,"turns":4},{"damage":0,"enemies":"Orb Walker","floor":41,"turns":2},{"damage":0,"enemies":"Maw","floor":42,"turns":5},{"damage":5,"enemies":"Giant Head","floor":45,"turns":5},{"damage":61,"enemies":"Donu and Deca","floor":50,"turns":8}],"event_choices":[{"event_name":"Golden Idol","player_choice":"Take Damage","floor":3,"damage_taken":0},{"event_name":"Scrap Ooze","player_choice":"success","floor":4,"damage_taken":3},{"event_name":"Shining Light","player_choice":"Entered Light","floor":8,"damage_taken":0},{"event_name":"Back to Basics","player_choice":"Simplicity","floor":19,"damage_taken":0},{"event_name":"The Library","player_choice":"Read","floor":28,"damage_taken":0},{"event_name":"Addict","player_choice":"Obtained Relic","floor":31,"damage_taken":0},{"event_name":"Winding Halls","player_choice":"Writhe","floor":36,"damage_taken":0},{"event_name":"Duplicator","player_choice":"One dupe","floor":38,"damage_taken":0},{"event_name":"Mysterious Sphere","player_choice":"Fight","floor":39,"damage_taken":0},{"event_name":"Purifier","player_choice":"One Purge","floor":47,"damage_taken":0},{"event_name":"Bonfire Elementals","player_choice":"CURSE","floor":48,"damage_taken":0}],"boss_relics":[{"not_picked":["Runic Dome","Philosopher\u0027s Stone"],"picked":"Tiny House"},{"not_picked":["Astrolabe","White Beast Statue"],"picked":"Cursed Key"}],"potions_floor_spawned":[6,13,16,23,33,35,41,42],"seed_played":"3067141679525374368","ascension_level":0,"is_trial":false}