{"gold_per_floor":[112,112,124,124,124,124,141,141,141,141,152,9,21,55,55,150,150,161,161,180,95,95],"floor_reached":22,"playtime":1107,"items_purged":["Strike_B"],"score":239,"play_id":"00cd6159-9f52-419e-95ed-27f0502b0950","local_time":"20180916162357","is_ascension_mode":true,"campfire_choices":[{"data":"Static Discharge","floor":6,"key":"SMITH"},{"data":"Zap","floor":8,"key":"SMITH"},{"data":"Dualcast","floor":10,"key":"SMITH"},{"floor":15,"key":"REST"}],"neow_cost":"TEN_PERCENT_HP_LOSS","seed_source_timestamp":99037336245649,"circlet_count":0,"master_deck":["Strike_B","Strike_B","Defend_B","Defend_B","Defend_B","Zap+1","Dualcast+1","Gash","Static Discharge+1","Leap","White Noise","Defragment","Rebound","Electrodynamics","BootSequence","Undo","Reinforced Body","Capacitor+1"],"relics":["Cracked Core","Sundial","Bottled Tornado","Symbiotic Virus","Blood Vial","Orrery","Frozen Egg 2"],"potions_floor_usage":[16,19],"damage_taken":[{"damage":17,"enemies":"Small Slimes","floor":1,"turns":3},{"damage":2,"enemies":"Jaw Worm","floor":3,"turns":2},{"damage":4,"enemies":"2 Louse","floor":7,"turns":2},{"damage":7,"enemies":"Lots of Slimes","floor":11,"turns":3},{"damage":6,"enemies":"Looter","floor":13,"turns":3},{"damage":16,"enemies":"Lagavulin","floor":14,"turns":4},{"damage":30,"enemies":"Hexaghost","floor":16,"turns":5},{"damage":8,"enemies":"Shell Parasite","floor":18,"turns":3},{"damage":12,"enemies":"Colosseum Slavers","floor":19,"turns":3},{"damage":20,"enemies":"3 Byrds","floor":20,"turns":2},{"damage":35,"enemies":"3 Cultists","floor":22,"turns":4}],"seed_played":"-7378804955789720081","potions_obtained":[{"floor":1,"key":"Weak Potion"},{"floor":13,"key":"FearPotion"},{"floor":16,"key":"GamblersBrew"}],"is_trial":false,"path_per_floor":["M","?","M","?","T","R","M","R","T","R","M","$","M","E","R","B",null,"M","?","M","?"],"character_chosen":"DEFECT","items_purchased":["Defragment"],"campfire_rested":1,"item_purchase_floors":[12],"current_hp_per_floor":[51,68,66,66,66,66,62,62,62,62,55,55,49,33,53,25,57,51,41,23,23,0],"gold":95,"neow_bonus":"REMOVE_TWO","is_prod":false,"is_daily":false,"chose_seed":false,"campfire_upgraded":3,"win_rate":0,"timestamp":1537107837,"path_taken":["M","?","M","?","?","R","?","R","T","R","M","$","M","E","R","BOSS","M","?","M","?","M"],"build_version":"2018-09-06","purchased_purges":1,"victory":false,"max_hp_per_floor":[68,68,68,68,68,68,68,68,68,68,68,68,68,68,68,68,68,68,68,68,68,68],"card_choices":[{"not_picked":["Loop","Turbo"],"picked":"Gash","floor":1},{"not_picked":["Chill","Beam Cell"],"picked":"Static Discharge","floor":3},{"not_picked":["Streamline","Redo"],"picked":"Leap","floor":7},{"not_picked":["Coolheaded","Redo"],"picked":"White Noise","floor":11},{"not_picked":["Stack","Redo","Hologram"],"picked":"SKIP","floor":13},{"not_picked":["Reprogram","Coolheaded"],"picked":"Rebound","floor":14},{"not_picked":["Rainbow","Meteor Strike"],"picked":"Electrodynamics","floor":16},{"not_picked":["Rebound","Barrage"],"picked":"BootSequence","floor":17},{"not_picked":["Double Energy","Steam Power"],"picked":"Undo","floor":17},{"not_picked":["Conserve Battery","Double Energy"],"picked":"Reinforced Body","floor":18},{"not_picked":["Barrage","Hello World"],"picked":"Capacitor+1","floor":20}],"player_experience":235584,"relics_obtained":[{"floor":5,"key":"Bottled Tornado"},{"floor":9,"key":"Symbiotic Virus"},{"floor":14,"key":"Blood Vial"}],"event_choices":[{"event_name":"Big Fish","player_choice":"Banana","floor":2,"damage_taken":0},{"event_name":"WeMeetAgain","player_choice":"Potion","floor":4,"damage_taken":0},{"event_name":"Colosseum","player_choice":"Fight","floor":19,"damage_taken":0},{"event_name":"Colosseum","player_choice":"Fled From Nobs","floor":19,"damage_taken":0},{"event_name":"Addict","player_choice":"Obtained Relic","floor":21,"damage_taken":0}],"is_beta":false,"boss_relics":[{"not_picked":["Fusion Hammer","Runic Pyramid"],"picked":"Orrery"}],"items_purged_floors":[12],"is_endless":false,"potions_floor_spawned":[1,13,16],"killed_by":"3 Cultists","ascension_level":6}