{"gold_per_floor":[114,189,204,219,219,219,249,264,289,319,319,221,251,251,251,351,351,366,381,199,199,214,214,274,274,349,379,394,394],"floor_reached":29,"playtime":1032,"items_purged":["Decay"],"score":331,"play_id":"63bdd25c-d6ab-415b-8df0-d8338aafedbb","local_time":"20181229012255","daily_mods":["SealedDeck","Blue Cards","Elite Swarm"],"is_ascension_mode":false,"campfire_choices":[{"data":"Redo","floor":6,"key":"SMITH"},{"data":"Redo","floor":11,"key":"SMITH"},{"data":"Discovery","floor":15,"key":"SMITH"},{"data":"Discovery","floor":23,"key":"SMITH"},{"floor":25,"key":"REST"}],"neow_cost":"","seed_source_timestamp":639255301912366,"circlet_count":0,"master_deck":["Redo+1","Conserve Battery","Turbo+1","Auto Shields+1","Melter","Go for the Eyes","Clothesline","Doom and Gloom","Redo+1","Flex","Go for the Eyes","Go for the Eyes","Beam Cell","Streamline","All For One","Discovery+1","Limit Break","Regret","Injury","Doom and Gloom","Inflame+1","Gash","Discovery+1","Iron Wave","Infernal Blade+1","Seek","Infernal Blade"],"special_seed":17894,"relics":["Burning Blood","Kunai","Juzu Bracelet","Mercury Hourglass","StoneCalendar","Calling Bell","Smiling Mask","Gremlin Horn","Champion Belt","Tiny Chest","Pear","Lantern"],"potions_floor_usage":[19,22,24,28,28],"damage_taken":[{"damage":0,"enemies":"2 Louse","floor":1,"turns":2},{"damage":4,"enemies":"Cultist","floor":3,"turns":3},{"damage":10,"enemies":"Small Slimes","floor":4,"turns":3},{"damage":20,"enemies":"Gremlin Nob","floor":7,"turns":5},{"damage":0,"enemies":"Looter","floor":8,"turns":3},{"damage":13,"enemies":"Lagavulin","floor":10,"turns":5},{"damage":8,"enemies":"Gremlin Nob","floor":13,"turns":3},{"damage":0,"enemies":"Slime Boss","floor":16,"turns":4},{"damage":24,"enemies":"Shell Parasite","floor":18,"turns":5},{"damage":9,"enemies":"2 Thieves","floor":19,"turns":3},{"damage":12,"enemies":"Sentry and Sphere","floor":22,"turns":3},{"damage":36,"enemies":"Book of Stabbing","floor":24,"turns":4},{"damage":41,"enemies":"Slavers","floor":27,"turns":5},{"damage":0,"enemies":"Chosen and Byrds","floor":28,"turns":3},{"damage":13,"enemies":"Gremlin Leader","floor":29,"turns":6}],"seed_played":"-4967362321938783181","potions_obtained":[{"floor":1,"key":"FearPotion"},{"floor":7,"key":"Fire Potion"},{"floor":10,"key":"GamblersBrew"},{"floor":24,"key":"PowerPotion"},{"floor":27,"key":"Explosive Potion"}],"is_trial":false,"path_per_floor":["M","?","M","M","$","R","E","M","T","E","R","$","E","?","R","B",null,"M","M","$","?","M","R","E","R","T","E","M","E"],"character_chosen":"IRONCLAD","items_purchased":["Discovery","Gash","Discovery"],"campfire_rested":1,"item_purchase_floors":[12,20,20],"current_hp_per_floor":[80,72,74,70,70,70,56,62,62,55,55,55,53,37,37,43,80,62,59,59,59,53,53,23,47,57,22,28,15],"gold":394,"neow_bonus":"","is_prod":false,"is_daily":true,"chose_seed":false,"campfire_upgraded":4,"win_rate":0,"timestamp":1546042975,"path_taken":["M","?","M","?","?","R","E","?","T","E","R","$","E","?","R","BOSS","M","M","$","?","M","R","E","R","T","E","M","E"],"build_version":"2018-12-20","purchased_purges":1,"victory":false,"max_hp_per_floor":[80,80,80,80,80,80,80,80,80,80,80,80,80,80,80,80,80,80,80,80,80,80,80,80,80,90,90,90,90],"card_choices":[{"not_picked":["Storm","Scrape"],"picked":"Go for the Eyes","floor":1},{"not_picked":["True Grit","Evolve"],"picked":"Go for the Eyes","floor":3},{"not_picked":["Gash","Cleave"],"picked":"Beam Cell","floor":4},{"not_picked":["Offering","Berserk","Juggernaut"],"picked":"SKIP","floor":7},{"not_picked":["Steam","Disarm"],"picked":"Streamline","floor":8},{"not_picked":["Buffer","Demon Form"],"picked":"All For One","floor":10},{"not_picked":["Seek","Dark Embrace"],"picked":"Fission","floor":13},{"not_picked":["Impervious","Thunder Strike"],"picked":"Limit Break","floor":16},{"not_picked":["Steam Power+1","Barrage+1"],"picked":"Doom and Gloom","floor":18},{"not_picked":["Iron Wave","Steam"],"picked":"Inflame+1","floor":19},{"not_picked":["Compile Driver","Clothesline"],"picked":"Infernal Blade+1","floor":22},{"not_picked":["Meteor Strike","Creative AI"],"picked":"Seek","floor":24},{"not_picked":["Machine Learning","Core Surge","Electrodynamics"],"picked":"SKIP","floor":27},{"not_picked":["Body Slam+1","Compile Driver"],"picked":"Infernal Blade","floor":28}],"player_experience":473167,"relics_obtained":[{"floor":7,"key":"Kunai"},{"floor":9,"key":"Juzu Bracelet"},{"floor":10,"key":"Mercury Hourglass"},{"floor":13,"key":"StoneCalendar"},{"floor":17,"key":"Smiling Mask"},{"floor":17,"key":"Gremlin Horn"},{"floor":17,"key":"Champion Belt"},{"floor":24,"key":"Tiny Chest"},{"floor":26,"key":"Pear"},{"floor":27,"key":"Lantern"}],"event_choices":[{"damage_healed":0,"gold_gain":75,"player_choice":"Touch","damage_taken":8,"max_hp_gain":0,"max_hp_loss":0,"event_name":"FaceTrader","floor":2,"gold_loss":0},{"damage_healed":0,"gold_gain":0,"player_choice":"Entered Light","damage_taken":16,"max_hp_gain":0,"max_hp_loss":0,"event_name":"Shining Light","floor":14,"gold_loss":0,"cards_upgraded":["Turbo","Auto Shields"]},{"damage_healed":0,"gold_gain":0,"cards_transformed":["Fission"],"player_choice":"Transformed","damage_taken":0,"max_hp_gain":0,"max_hp_loss":0,"event_name":"Transmorgrifier","floor":21,"gold_loss":0,"cards_obtained":["Iron Wave"]}],"is_beta":false,"boss_relics":[{"not_picked":["Cursed Key","Busted Crown"],"picked":"Calling Bell"}],"items_purged_floors":[20],"is_endless":false,"potions_floor_spawned":[1,7,10,24,27],"killed_by":"Gremlin Leader","ascension_level":0}