{"gold_per_floor":[113,113,126,126,140,140,140,155,180,30,30,46,64,64,64,162,162,176,196,223,233,156,156,181,201,224,224],"floor_reached":27,"playtime":1190,"items_purged":[],"score":225,"play_id":"3be8bc03-155a-4a7e-a981-71e3c7d1cb89","local_time":"20180912211916","is_ascension_mode":false,"campfire_choices":[{"floor":6,"key":"REST"},{"data":"Defragment","floor":11,"key":"SMITH"},{"floor":15,"key":"REST"}],"neow_cost":"CURSE","seed_source_timestamp":53443809237236,"circlet_count":0,"master_deck":["Strike_B","Strike_B","Strike_B","Defend_B","Defend_B","Defend_B","Defend_B","Zap","Dualcast","Storm+1","Lockon","Redo","Conserve Battery","Seek","Hello World","Defragment+1","Electrodynamics","Force Field","Creative AI","Static Discharge","Ball Lightning","Redo+1","Ball Lightning","Echo Form","Hello World","Ball Lightning"],"relics":["Cracked Core","Prayer Wheel","Omamori","Bag of Marbles","Lizard Tail","Red Mask","Pantograph","Bag of Preparation","Pen Nib"],"potions_floor_usage":[21,25,27,27],"damage_taken":[{"damage":8,"enemies":"Jaw Worm","floor":1,"turns":3},{"damage":10,"enemies":"Small Slimes","floor":3,"turns":2},{"damage":0,"enemies":"2 Louse","floor":5,"turns":2},{"damage":0,"enemies":"Blue Slaver","floor":8,"turns":2},{"damage":20,"enemies":"Looter","floor":12,"turns":3},{"damage":13,"enemies":"Red Slaver","floor":13,"turns":2},{"damage":14,"enemies":"The Guardian","floor":16,"turns":9},{"damage":20,"enemies":"2 Thieves","floor":18,"turns":2},{"damage":8,"enemies":"Chosen","floor":19,"turns":4},{"damage":10,"enemies":"Masked Bandits","floor":20,"turns":2},{"damage":30,"enemies":"Sentry and Sphere","floor":21,"turns":4},{"damage":21,"enemies":"Gremlin Leader","floor":24,"turns":5},{"damage":17,"enemies":"Shelled Parasite and Fungi","floor":25,"turns":4},{"damage":14,"enemies":"Snake Plant","floor":27,"turns":3}],"seed_played":"-2405730453042977036","potions_obtained":[{"floor":5,"key":"Weak Potion"},{"floor":8,"key":"SkillPotion"},{"floor":13,"key":"GamblersBrew"},{"floor":24,"key":"FocusPotion"},{"floor":25,"key":"Swift Potion"}],"is_trial":false,"path_per_floor":["M","?","M","?","M","R","?","M","T","$","R","M","M","?","R","B",null,"M","M","?","M","$","T","E","M","T"],"character_chosen":"DEFECT","items_purchased":["Electrodynamics","Hello World"],"campfire_rested":2,"item_purchase_floors":[10,22],"current_hp_per_floor":[67,60,50,43,43,65,65,65,65,65,65,45,32,32,54,40,75,55,47,37,7,7,7,26,9,9,0],"gold":224,"neow_bonus":"ONE_RARE_RELIC","is_prod":false,"is_daily":false,"chose_seed":false,"campfire_upgraded":1,"win_rate":0.0,"timestamp":1536783556,"path_taken":["M","?","M","?","M","R","?","M","T","?","R","?","M","?","R","BOSS","M","M","?","M","$","?","E","M","T","M"],"build_version":"2018-09-06","purchased_purges":0,"victory":false,"max_hp_per_floor":[75,75,75,75,75,75,75,75,75,75,75,75,75,75,75,75,75,75,75,75,75,75,75,75,75,75,75],"card_choices":[{"not_picked":["Melter","Skim"],"picked":"Storm","floor":1},{"not_picked":["Hologram","Stack"],"picked":"Lockon","floor":1},{"not_picked":["Coolheaded","Stack"],"picked":"Redo","floor":3},{"not_picked":["Beam Cell","Chill"],"picked":"Conserve Battery","floor":3},{"not_picked":["Rebound","Reinforced Body","Gash"],"picked":"SKIP","floor":5},{"not_picked":["Hologram","Stack","Cold Snap"],"picked":"SKIP","floor":5},{"not_picked":["Conserve Battery","Barrage"],"picked":"Hello World","floor":8},{"not_picked":["Force Field","Tempest"],"picked":"Defragment","floor":8},{"not_picked":["Sweeping Beam","Barrage","Chaos"],"picked":"SKIP","floor":12},{"not_picked":["Biased Cognition","Consume","Barrage"],"picked":"SKIP","floor":12},{"not_picked":["Coolheaded","Doom and Gloom"],"picked":"Force Field","floor":13},{"not_picked":["Beam Cell","Stack","Barrage"],"picked":"SKIP","floor":13},{"not_picked":["Hyperbeam","Multi-Cast"],"picked":"Creative AI","floor":16},{"not_picked":["Stack","Darkness+1","Beam Cell"],"picked":"SKIP","floor":18},{"not_picked":["Compile Driver","Sweeping Beam","Recycle"],"picked":"SKIP","floor":18},{"not_picked":["Genetic Algorithm","Coolheaded"],"picked":"Static Discharge","floor":19},{"not_picked":["Gash","Hologram+1"],"picked":"Ball Lightning","floor":19},{"not_picked":["Loop","Stack+1"],"picked":"Redo+1","floor":20},{"not_picked":["Compile Driver","Redo"],"picked":"Ball Lightning","floor":21},{"not_picked":["Rebound","Turbo"],"picked":"Echo Form","floor":21},{"not_picked":["Undo+1","Beam Cell"],"picked":"Ball Lightning","floor":24},{"not_picked":["Leap","Consume","Barrage"],"picked":"SKIP","floor":25},{"not_picked":["Streamline","Gash","Glacier"],"picked":"SKIP","floor":25}],"player_experience":149787,"relics_obtained":[{"floor":9,"key":"Bag of Marbles"},{"floor":20,"key":"Red Mask"},{"floor":23,"key":"Pantograph"},{"floor":24,"key":"Bag of Preparation"},{"floor":26,"key":"Pen Nib"}],"event_choices":[{"event_name":"Scrap Ooze","player_choice":"success","floor":2,"damage_taken":7},{"event_name":"Golden Wing","player_choice":"Card Removal","floor":4,"damage_taken":0},{"event_name":"Transmorgrifier","player_choice":"Transform","floor":7,"damage_taken":0},{"event_name":"Living Wall","player_choice":"Grow","floor":14,"damage_taken":0},{"event_name":"Masked Bandits","player_choice":"Fought Bandits","floor":20,"damage_taken":0}],"is_beta":false,"boss_relics":[{"not_picked":["Nuclear Battery","Runic Dome"],"picked":"Lizard Tail"}],"items_purged_floors":[],"is_endless":false,"potions_floor_spawned":[5,8,13,24,25],"killed_by":"Snake Plant","ascension_level":0}