{"gold_per_floor":[117,136,136,8,22,22,49,49,49,49,63,73,84,116,116,219,219,233,244,255,255,274,307,307,327,405,405,4,36,36,36,36,135,135,152,152,170,170,190,190,224,224,224,253,40,40,51,1,1,1],"floor_reached":51,"playtime":2554,"items_purged":["Strike_G+1","Forethought"],"score":1072,"play_id":"6d98bfe1-1b07-4f55-8e5c-1d5c0e43a50b","local_time":"20181207022818","is_ascension_mode":true,"campfire_choices":[{"data":"Noxious Fumes","floor":6.0,"key":"SMITH"},{"data":"Footwork","floor":8.0,"key":"SMITH"},{"data":"Dagger Spray","floor":10.0,"key":"SMITH"},{"data":"Footwork","floor":15.0,"key":"SMITH"},{"data":"Burst","floor":24.0,"key":"SMITH"},{"data":"Caltrops","floor":27.0,"key":"SMITH"},{"data":"Sucker Punch","floor":30.0,"key":"SMITH"},{"data":"Survivor","floor":32.0,"key":"SMITH"},{"data":"Envenom","floor":40.0,"key":"SMITH"},{"floor":46,"key":"REST"},{"floor":49,"key":"REST"}],"neow_cost":"NONE","seed_source_timestamp":477253029121114,"circlet_count":0,"master_deck":["Defend_G+1","Defend_G+1","Defend_G+1","Defend_G+1","Defend_G+1","Strike_G+1","Strike_G+1","Strike_G+1","Strike_G+1","Survivor+1","Neutralize+1","Noxious Fumes+1","Footwork+1","Dagger Spray+1","Footwork+1","Blade Dance","Cloak And Dagger","Cloak And Dagger","Burst+1","Sucker Punch+1","Caltrops+1","Dodge and Roll","Dagger Throw+1","Finesse","Envenom+1","Madness","Madness","Finesse","Caltrops+1","Master of Strategy","Prepared+1","Well Laid Plans"],"special_seed":0,"relics":["Ring of the Serpent","Paper Crane","Pantograph","Happy Flower","Tough Bandages","Molten Egg 2","FossilizedHelix","Sundial","Philosopher\u0027s Stone","Pen Nib","Dead Branch","Smiling Mask"],"potions_floor_usage":[44,50,50],"damage_taken":[{"damage":0.0,"enemies":"Jaw Worm","floor":1.0,"turns":6.0},{"damage":4.0,"enemies":"Cultist","floor":2.0,"turns":6.0},{"damage":0.0,"enemies":"Small Slimes","floor":5.0,"turns":4.0},{"damage":0.0,"enemies":"Lagavulin","floor":7.0,"turns":9.0},{"damage":7.0,"enemies":"Exordium Wildlife","floor":11.0,"turns":4.0},{"damage":4.0,"enemies":"Looter","floor":12.0,"turns":4.0},{"damage":0.0,"enemies":"Lots of Slimes","floor":13.0,"turns":1.0},{"damage":6.0,"enemies":"3 Sentries","floor":14.0,"turns":8.0},{"damage":29.0,"enemies":"Slime Boss","floor":16.0,"turns":9.0},{"damage":1.0,"enemies":"3 Byrds","floor":18.0,"turns":6.0},{"damage":0.0,"enemies":"Chosen","floor":19.0,"turns":6.0},{"damage":11.0,"enemies":"Centurion and Healer","floor":20.0,"turns":8.0},{"damage":1.0,"enemies":"Chosen and Byrds","floor":22.0,"turns":5.0},{"damage":9.0,"enemies":"Book of Stabbing","floor":23.0,"turns":7.0},{"damage":0.0,"enemies":"Cultist and Chosen","floor":25.0,"turns":7.0},{"damage":8.0,"enemies":"Gremlin Leader","floor":29.0,"turns":10.0},{"damage":3.0,"enemies":"Automaton","floor":33.0,"turns":14.0},{"damage":0.0,"enemies":"3 Shapes","floor":35.0,"turns":6.0},{"damage":0.0,"enemies":"Orb Walker","floor":37.0,"turns":4.0},{"damage":0.0,"enemies":"Maw","floor":39.0,"turns":8.0},{"damage":40.0,"enemies":"Reptomancer","floor":41.0,"turns":9.0},{"damage":2,"enemies":"Nemesis","floor":44,"turns":7},{"damage":0,"enemies":"Writhing Mass","floor":47,"turns":7},{"damage":16,"enemies":"Awakened One","floor":50,"turns":15}],"seed_played":"-7494608212869691423","potions_obtained":[{"floor":7.0,"key":"EntropicBrew"},{"floor":11.0,"key":"Dexterity Potion"},{"floor":18.0,"key":"Weak Potion"},{"floor":20.0,"key":"Energy Potion"},{"floor":29.0,"key":"Block Potion"},{"floor":35.0,"key":"Dexterity Potion"},{"floor":44,"key":"Dexterity Potion"},{"floor":47,"key":"GamblersBrew"}],"is_trial":false,"path_per_floor":["M","M","?","$","M","R","E","R","T","R","M","M","M","E","R","B",null,"M","M","M","?","M","E","R","M","T","R","$","E","R","$","R","B",null,"M","?","M","?","M","R","E","?","T","E","$","R","M","$","R","B",null],"character_chosen":"THE_SILENT","items_purchased":["Footwork","Dagger Spray","FossilizedHelix","Finesse","Well Laid Plans","Forethought"],"campfire_rested":2,"item_purchase_floors":[4,4,28,28,45,45],"current_hp_per_floor":[63,59,59,59,59,59,59,59,59,59,52,48,48,42,42,38,62,61,61,50,50,49,40,40,40,40,40,40,32,32,32,32,54,66,66,57,57,57,57,57,17,17,17,15,15,36,36,36,57,54],"gold":1,"neow_bonus":"UPGRADE_CARD","is_prod":false,"is_daily":false,"chose_seed":false,"campfire_upgraded":9,"win_rate":0,"timestamp":1544167698,"path_taken":["M","M","?","?","?","R","E","R","T","R","?","M","M","E","R","BOSS","M","M","M","?","M","E","R","M","T","R","$","E","R","$","R","BOSS","M","?","M","?","?","R","E","?","T","E","?","R","M","$","R","BOSS"],"build_version":"2018-12-06","purchased_purges":2,"victory":true,"max_hp_per_floor":[70,70,70,70,70,70,70,70,70,70,70,70,70,70,70,70,70,70,70,70,70,70,70,70,70,70,70,70,70,70,70,70,70,70,70,70,70,70,70,70,70,70,70,70,70,70,70,70,70,70],"card_choices":[{"not_picked":["Blade Dance","Deadly Poison","Acrobatics"],"picked":"SKIP","floor":1.0},{"not_picked":["Expertise","Prepared","Setup"],"picked":"SKIP","floor":2.0},{"not_picked":["Acrobatics","Heel Hook"],"picked":"Footwork","floor":5.0},{"not_picked":["Calculated Gamble","Slice"],"picked":"Blade Dance","floor":7.0},{"not_picked":["Slice","Storm of Steel","Tactician"],"picked":"SKIP","floor":11.0},{"not_picked":["Blade Dance","Prepared"],"picked":"Cloak And Dagger","floor":12.0},{"not_picked":["Sucker Punch","Blade Dance"],"picked":"Cloak And Dagger","floor":13.0},{"not_picked":["Quick Slash","Deflect","Prepared"],"picked":"SKIP","floor":14.0},{"not_picked":["Wraith Form v2","Adrenaline"],"picked":"Burst","floor":16.0},{"not_picked":["Bouncing Flask","Calculated Gamble"],"picked":"Sucker Punch","floor":18.0},{"not_picked":["Blade Dance","Concentrate+1","Leg Sweep"],"picked":"SKIP","floor":19.0},{"not_picked":["Setup","Deflect+1","Underhanded Strike"],"picked":"SKIP","floor":20.0},{"not_picked":["Quick Slash","Acrobatics"],"picked":"Caltrops","floor":22.0},{"not_picked":["Flying Knee","Prepared+1"],"picked":"Dodge and Roll","floor":23.0},{"not_picked":["Catalyst","Dagger Spray+1"],"picked":"Dagger Throw+1","floor":25.0},{"not_picked":["Bane+1","Tactician+1","Poisoned Stab+1"],"picked":"SKIP","floor":29.0},{"not_picked":["Phantasmal Killer","A Thousand Cuts"],"picked":"Envenom","floor":33.0},{"not_picked":["Poisoned Stab+1","Choke+1","Dagger Throw+1"],"picked":"SKIP","floor":35.0},{"not_picked":["Deadly Poison","PiercingWail","Outmaneuver+1"],"picked":"SKIP","floor":37.0},{"not_picked":["Underhanded Strike+1","Expertise+1","Bane+1"],"picked":"SKIP","floor":39.0},{"not_picked":["Dodge and Roll+1","Eviscerate+1"],"picked":"Caltrops+1","floor":41.0},{"not_picked":["Blind","Dramatic Entrance+1"],"picked":"Master of Strategy","floor":42.0},{"not_picked":["Deflect+1","Sucker Punch+1"],"picked":"Prepared+1","floor":44},{"not_picked":["PiercingWail","Backflip","Catalyst"],"picked":"SKIP","floor":47}],"player_experience":526140,"relics_obtained":[{"floor":7.0,"key":"Paper Crane"},{"floor":9.0,"key":"Pantograph"},{"floor":14.0,"key":"Happy Flower"},{"floor":23.0,"key":"Tough Bandages"},{"floor":26.0,"key":"Molten Egg 2"},{"floor":29.0,"key":"Sundial"},{"floor":41.0,"key":"Pen Nib"},{"floor":43.0,"key":"Dead Branch"},{"floor":44,"key":"Smiling Mask"}],"event_choices":[{"damage_healed":0.0,"max_hp_gain":0.0,"max_hp_loss":0.0,"gold_gain":0.0,"event_name":"Match and Keep!","player_choice":"1 cards matched","floor":3.0,"gold_loss":0.0,"damage_taken":0.0,"cards_obtained":["Noxious Fumes"]},{"damage_healed":0.0,"max_hp_gain":0.0,"max_hp_loss":0.0,"gold_gain":0.0,"event_name":"Back to Basics","player_choice":"Simplicity","floor":21.0,"gold_loss":0.0,"damage_taken":0.0,"cards_upgraded":["Defend_G","Defend_G","Defend_G","Defend_G","Defend_G","Strike_G","Strike_G","Strike_G","Strike_G","Strike_G"]},{"damage_healed":0.0,"max_hp_gain":0.0,"max_hp_loss":0.0,"gold_gain":0.0,"event_name":"Winding Halls","player_choice":"Embrace Madness","floor":36.0,"gold_loss":0.0,"damage_taken":9.0,"cards_obtained":["Madness","Madness"]},{"damage_healed":0.0,"max_hp_gain":0.0,"max_hp_loss":0.0,"gold_gain":0.0,"event_name":"Duplicator","player_choice":"Copied","floor":38.0,"gold_loss":0.0,"damage_taken":0.0,"cards_obtained":["Finesse"]},{"damage_healed":0.0,"max_hp_gain":0.0,"max_hp_loss":0.0,"gold_gain":0.0,"event_name":"SensoryStone","player_choice":"Memory 1","floor":42.0,"gold_loss":0.0,"damage_taken":0.0}],"is_beta":true,"boss_relics":[{"not_picked":["Eternal Feather","Fusion Hammer"],"picked":"Ring of the Serpent"},{"not_picked":["Coffee Dripper","Orrery"],"picked":"Philosopher\u0027s Stone"}],"items_purged_floors":[45,48],"is_endless":false,"potions_floor_spawned":[7,11,13,18,20,29,35,44,47],"ascension_level":8}