{"gold_per_floor":[110,110,174,13,63,91,141,141,141,141,157,170,189,199,199,274,274,284,334,347,347],"floor_reached":21,"playtime":3029,"items_purged":[],"score":353,"play_id":"e099c575-ecb5-48e8-8940-2a6ced0a5ba1","local_time":"20190325182719","is_ascension_mode":true,"campfire_choices":[{"floor":8,"key":"REST"},{"floor":10,"key":"REST"},{"data":"Seek","floor":15,"key":"SMITH"}],"neow_cost":"NONE","seed_source_timestamp":61357379961789,"circlet_count":0,"master_deck":["AscendersBane","Strike_B","Strike_B","Defend_B","Defend_B","Defend_B","Zap+1","Dualcast","Conserve Battery","Conserve Battery","Ball Lightning","Reinforced Body","Seek+1","Gash","Rebound","Streamline","Gash","Doom and Gloom","Creative AI","White Noise+1","Machine Learning+1","Double Energy+1","Storm","Writhe"],"relics":["Cracked Core","SsserpentHead","Dream Catcher","Pen Nib","Toxic Egg 2","Astrolabe","Art of War"],"potions_floor_usage":[6,14,21,21],"damage_taken":[{"damage":7,"enemies":"Jaw Worm","floor":1,"turns":4},{"damage":0,"enemies":"Cultist","floor":3,"turns":3},{"damage":26,"enemies":"Lagavulin","floor":6,"turns":5},{"damage":0,"enemies":"2 Louse","floor":11,"turns":2},{"damage":8,"enemies":"Blue Slaver","floor":12,"turns":3},{"damage":4,"enemies":"Looter","floor":13,"turns":2},{"damage":9,"enemies":"Exordium Thugs","floor":14,"turns":4},{"damage":28,"enemies":"Hexaghost","floor":16,"turns":9},{"damage":24,"enemies":"Chosen","floor":18,"turns":4},{"damage":22,"enemies":"Spheric Guardian","floor":20,"turns":4},{"damage":19,"enemies":"Snake Plant","floor":21,"turns":1}],"seed_played":"-7516422042192803895","potions_obtained":[{"floor":3,"key":"SteroidPotion"},{"floor":11,"key":"Explosive Potion"},{"floor":12,"key":"FearPotion"},{"floor":13,"key":"AttackPotion"},{"floor":14,"key":"Explosive Potion"}],"is_trial":false,"path_per_floor":["M","?","M","$","?","E","?","R","T","R","M","M","M","M","R","B",null,"M","?","M","M"],"character_chosen":"DEFECT","items_purchased":["Dream Catcher"],"campfire_rested":2,"item_purchase_floors":[4],"current_hp_per_floor":[57,57,57,57,57,31,31,52,52,71,71,63,59,50,50,22,59,35,35,13,0],"gold":347,"neow_bonus":"THREE_CARDS","is_prod":false,"is_daily":false,"chose_seed":false,"campfire_upgraded":1,"win_rate":0,"timestamp":1553534839,"path_taken":["M","?","?","$","?","E","?","R","T","R","M","M","M","M","R","BOSS","M","?","M","M"],"build_version":"2019-01-23","purchased_purges":0,"victory":false,"max_hp_per_floor":[71,71,71,71,71,71,71,71,71,71,71,71,71,71,71,71,71,71,71,71,71],"card_choices":[{"not_picked":["Gash","Leap"],"picked":"Conserve Battery","floor":0},{"not_picked":["Leap","Beam Cell"],"picked":"Conserve Battery","floor":1},{"not_picked":["Capacitor","Leap"],"picked":"Ball Lightning","floor":3},{"not_picked":["Leap","Tempest"],"picked":"Reinforced Body","floor":6},{"not_picked":["Rebound","Ball Lightning"],"picked":"Seek","floor":8},{"not_picked":["Beam Cell","Steam Power+1"],"picked":"Gash","floor":10},{"not_picked":["Meteor Strike","Auto Shields+1"],"picked":"Rebound","floor":11},{"not_picked":["Barrage","Conserve Battery+1"],"picked":"Streamline","floor":12},{"not_picked":["Conserve Battery+1","Sweeping Beam"],"picked":"Gash","floor":13},{"not_picked":["Steam+1","Conserve Battery+1"],"picked":"Doom and Gloom","floor":14},{"not_picked":["Multi-Cast+1","Meteor Strike"],"picked":"Creative AI","floor":16},{"not_picked":["Hologram+1","Fusion+1"],"picked":"Storm","floor":18},{"not_picked":["Hologram+1","Tempest+1","Cold Snap"],"picked":"SKIP","floor":20}],"player_experience":774803,"relics_obtained":[{"floor":6,"key":"Pen Nib"},{"floor":9,"key":"Toxic Egg 2"}],"event_choices":[{"damage_healed":0,"gold_gain":0,"player_choice":"Trade","damage_taken":0,"relics_obtained":["SsserpentHead"],"max_hp_gain":0,"max_hp_loss":0,"event_name":"FaceTrader","floor":2,"gold_loss":0},{"damage_healed":0,"gold_gain":0,"player_choice":"Grow","damage_taken":0,"max_hp_gain":0,"max_hp_loss":0,"event_name":"Living Wall","floor":5,"gold_loss":0,"cards_upgraded":["Zap"]},{"damage_healed":0,"gold_gain":0,"player_choice":"Fled","damage_taken":0,"max_hp_gain":0,"max_hp_loss":0,"event_name":"Scrap Ooze","floor":7,"gold_loss":0},{"damage_healed":0,"gold_gain":0,"player_choice":"Opened","damage_taken":0,"relics_obtained":["Art of War"],"max_hp_gain":0,"max_hp_loss":0,"event_name":"The Mausoleum","floor":19,"gold_loss":0,"cards_obtained":["Writhe"]}],"is_beta":false,"boss_relics":[{"not_picked":["Philosopher\u0027s Stone","Coffee Dripper"],"picked":"Astrolabe"}],"items_purged_floors":[],"is_endless":false,"potions_floor_spawned":[3,11,12,13,14],"killed_by":"Snake Plant","ascension_level":19}