{"gold_per_floor":[114,114,129,144,159,9,21,63,75,102,129,141,168,180,192,304,316,343,280,391,403,430,442,454],"floor_reached":24,"playtime":884,"items_purged":[],"score":273,"play_id":"b8ee9332-2251-47d3-aadd-79941b8e20f5","local_time":"20181206202751","daily_mods":["Allstar","ControlledChaos","Lethality"],"is_ascension_mode":false,"campfire_choices":[{"data":"Hologram","floor":7,"key":"SMITH"},{"floor":12,"key":"REST"},{"data":"Machine Learning","floor":15,"key":"SMITH"},{"floor":23,"key":"REST"}],"neow_cost":"","seed_source_timestamp":0,"circlet_count":0,"master_deck":["Strike_B","Strike_B","Strike_B","Defend_B","Defend_B","Defend_B","Defend_B","Zap","Dualcast","Violence","Impatience","Mayhem+1","Panacea","Enlightenment","Gash","Hologram+1","Reprogram","Gash","Gash","Machine Learning+1","Parasite","Machine Learning","Gash","Gash"],"special_seed":17872,"relics":["Cracked Core","Frozen Eye","MawBank","Pear","Mummified Hand","Black Star"],"potions_floor_usage":[13,16,16,18],"damage_taken":[{"damage":13,"enemies":"Small Slimes","floor":1,"turns":2},{"damage":4,"enemies":"Cultist","floor":3,"turns":3},{"damage":0,"enemies":"2 Louse","floor":4,"turns":2},{"damage":0,"enemies":"2 Fungi Beasts","floor":5,"turns":1},{"damage":24,"enemies":"3 Sentries","floor":8,"turns":4},{"damage":12,"enemies":"Exordium Wildlife","floor":10,"turns":3},{"damage":14,"enemies":"Large Slime","floor":11,"turns":3},{"damage":8,"enemies":"2 Fungi Beasts","floor":13,"turns":2},{"damage":0,"enemies":"Slime Boss","floor":16,"turns":4},{"damage":63,"enemies":"3 Byrds","floor":18,"turns":2},{"damage":16,"enemies":"Shell Parasite","floor":22,"turns":3},{"damage":32,"enemies":"Snecko","floor":24,"turns":4}],"seed_played":"-1452955457845597649","potions_obtained":[{"floor":4,"key":"Explosive Potion"},{"floor":8,"key":"LiquidBronze"},{"floor":10,"key":"Dexterity Potion"},{"floor":13,"key":"Regen Potion"},{"floor":18,"key":"FocusPotion"}],"is_trial":false,"path_per_floor":["M","?","M","M","M","$","R","E","T","M","M","R","M","?","R","B",null,"M","?","?","$","M","R","M"],"character_chosen":"DEFECT","items_purchased":["MawBank"],"campfire_rested":2,"item_purchase_floors":[6],"current_hp_per_floor":[62,62,58,58,58,58,58,44,44,32,18,43,35,56,56,68,85,22,22,22,22,6,31,0],"gold":454,"neow_bonus":"","is_prod":false,"is_daily":true,"chose_seed":false,"campfire_upgraded":2,"win_rate":0,"timestamp":1544156871,"path_taken":["M","?","M","M","M","?","R","E","T","M","M","R","M","?","R","BOSS","M","?","?","$","M","R","M"],"build_version":"2018-12-06","purchased_purges":0,"victory":false,"max_hp_per_floor":[75,75,75,75,75,75,75,85,85,85,85,85,85,85,85,85,85,85,85,85,85,85,85,85],"card_choices":[{"not_picked":["Cold Snap","Redo"],"picked":"Gash","floor":1},{"not_picked":["Sweeping Beam","Compile Driver","Force Field"],"picked":"SKIP","floor":3},{"not_picked":["Meteor Strike","White Noise","Stack"],"picked":"SKIP","floor":4},{"not_picked":["Go for the Eyes","Double Energy"],"picked":"Hologram","floor":5},{"not_picked":["Cold Snap","Recycle"],"picked":"Reprogram","floor":8},{"not_picked":["Stack","Chill"],"picked":"Gash","floor":10},{"not_picked":["Barrage","Turbo"],"picked":"Gash","floor":11},{"not_picked":["Sweeping Beam","Stack"],"picked":"Machine Learning","floor":13},{"not_picked":["Thunder Strike","Meteor Strike"],"picked":"Machine Learning","floor":16},{"not_picked":["Hologram","Leap+1"],"picked":"Gash","floor":18},{"not_picked":["BootSequence","Steam+1"],"picked":"Gash","floor":22}],"player_experience":570116,"relics_obtained":[{"floor":8,"key":"Pear"},{"floor":9,"key":"Mummified Hand"}],"event_choices":[{"damage_healed":0,"gold_gain":0,"player_choice":"Upgraded","damage_taken":0,"max_hp_gain":0,"max_hp_loss":0,"event_name":"Upgrade Shrine","floor":2,"gold_loss":0,"cards_upgraded":["Mayhem"]},{"damage_healed":21,"gold_gain":0,"player_choice":"Healed and dodged fight","damage_taken":0,"max_hp_gain":0,"max_hp_loss":0,"event_name":"Mushrooms","floor":14,"gold_loss":0,"cards_obtained":["Parasite"]},{"cards_removed":["Strike_B"],"damage_healed":0,"gold_gain":0,"player_choice":"Gave Gold","damage_taken":0,"max_hp_gain":0,"max_hp_loss":0,"event_name":"Beggar","floor":19,"gold_loss":75},{"damage_healed":0,"gold_gain":99,"player_choice":"Stole From Cult","damage_taken":0,"max_hp_gain":0,"max_hp_loss":0,"event_name":"Nest","floor":20,"gold_loss":0}],"is_beta":false,"boss_relics":[{"not_picked":["Sozu","Coffee Dripper"],"picked":"Black Star"}],"items_purged_floors":[],"is_endless":false,"potions_floor_spawned":[4,8,10,13,18],"killed_by":"Snecko","ascension_level":0}