{"gold_per_floor":[109,119,134,134,145,145,179,179,179,209,209,384,398,398,398,499,499,511,521,446,459,487,487],"floor_reached":23,"playtime":1333,"items_purged":[],"score":201,"play_id":"120ab3d2-e25f-461a-b423-c586ebf3159e","local_time":"20190204052956","is_ascension_mode":false,"campfire_choices":[{"data":"A Thousand Cuts","floor":6,"key":"SMITH"},{"data":"Escape Plan","floor":8,"key":"SMITH"},{"floor":15,"key":"REST"}],"neow_cost":"NONE","seed_source_timestamp":507935410407,"circlet_count":0,"master_deck":["Defend_G+1","Defend_G","Defend_G","Defend_G","Defend_G","Strike_G","Strike_G","Strike_G","Strike_G+1","Survivor","Neutralize+1","A Thousand Cuts+1","Crippling Poison","Prepared+1","Well Laid Plans","Escape Plan+1","Adrenaline","Deadly Poison+1","Parasite","Adrenaline+1","Prepared+1","Cloak And Dagger+1","Deadly Poison+1"],"relics":["Ring of the Snake","Whetstone","War Paint","Toxic Egg 2","Black Star","Red Mask"],"potions_floor_usage":[7,7,16,16,18,21,23,23],"damage_taken":[{"damage":6,"enemies":"2 Louse","floor":1,"turns":3},{"damage":0,"enemies":"Jaw Worm","floor":2,"turns":5},{"damage":2,"enemies":"Small Slimes","floor":3,"turns":4},{"damage":12,"enemies":"Exordium Thugs","floor":5,"turns":6},{"damage":4,"enemies":"Lagavulin","floor":7,"turns":12},{"damage":16,"enemies":"3 Sentries","floor":10,"turns":5},{"damage":0,"enemies":"2 Fungi Beasts","floor":13,"turns":4},{"damage":16,"enemies":"Hexaghost","floor":16,"turns":8},{"damage":10,"enemies":"2 Thieves","floor":18,"turns":5},{"damage":7,"enemies":"Shell Parasite","floor":19,"turns":6},{"damage":10,"enemies":"Snake Plant","floor":21,"turns":3},{"damage":15,"enemies":"Masked Bandits","floor":22,"turns":3},{"damage":36,"enemies":"Slavers","floor":23,"turns":3}],"seed_played":"5592761738494655437","potions_obtained":[{"floor":1,"key":"SteroidPotion"},{"floor":3,"key":"Dexterity Potion"},{"floor":10,"key":"LiquidBronze"},{"floor":13,"key":"Strength Potion"},{"floor":16,"key":"Fruit Juice"},{"floor":18,"key":"SteroidPotion"},{"floor":19,"key":"Poison Potion"},{"floor":22,"key":"LiquidBronze"}],"is_trial":false,"path_per_floor":["M","M","M","?","M","R","E","R","T","E","?","?","M","?","R","B",null,"M","M","?","M","?","E"],"character_chosen":"THE_SILENT","items_purchased":[],"campfire_rested":1,"item_purchase_floors":[],"current_hp_per_floor":[64,64,62,55,43,43,39,39,39,23,23,23,23,40,61,45,70,65,58,58,48,33,0],"gold":487,"neow_bonus":"ONE_RANDOM_RARE_CARD","is_prod":false,"is_daily":false,"chose_seed":false,"campfire_upgraded":2,"win_rate":0,"timestamp":1549276196,"path_taken":["M","M","M","?","M","R","E","R","T","E","?","?","M","?","R","BOSS","M","M","?","M","?","E"],"build_version":"2019-01-23","purchased_purges":0,"victory":false,"max_hp_per_floor":[70,70,70,70,70,70,70,70,70,70,70,70,70,70,70,70,70,75,75,75,75,75,75],"card_choices":[{"not_picked":["Backflip","Underhanded Strike"],"picked":"Crippling Poison","floor":1},{"not_picked":["Acrobatics","Escape Plan"],"picked":"Prepared","floor":2},{"not_picked":["Setup","Blade Dance"],"picked":"Well Laid Plans","floor":3},{"not_picked":["Endless Agony","Prepared"],"picked":"Escape Plan","floor":5},{"not_picked":["Crippling Poison","Dash"],"picked":"Adrenaline","floor":7},{"not_picked":["Blur","Terror","Flechettes"],"picked":"SKIP","floor":10},{"not_picked":["Predator","Outmaneuver+1"],"picked":"Deadly Poison+1","floor":13},{"not_picked":["Grand Finale","After Image"],"picked":"Adrenaline+1","floor":16},{"not_picked":["PiercingWail+1","Acrobatics+1"],"picked":"Prepared+1","floor":18},{"not_picked":["Bouncing Flask+1","Accuracy+1"],"picked":"Cloak And Dagger+1","floor":19},{"not_picked":["Quick Slash","Tactician+1"],"picked":"Deadly Poison+1","floor":21}],"player_experience":617019,"relics_obtained":[{"floor":7,"key":"Whetstone"},{"floor":9,"key":"War Paint"},{"floor":10,"key":"Toxic Egg 2"},{"floor":22,"key":"Red Mask"}],"event_choices":[{"cards_removed":["Strike_G"],"damage_healed":0,"gold_gain":0,"player_choice":"Card Removal","damage_taken":7,"max_hp_gain":0,"max_hp_loss":0,"event_name":"Golden Wing","floor":4,"gold_loss":0},{"damage_healed":0,"gold_gain":0,"player_choice":"Searched \u00270\u0027 times","damage_taken":0,"max_hp_gain":0,"max_hp_loss":0,"event_name":"Dead Adventurer","floor":11,"gold_loss":0},{"damage_healed":0,"gold_gain":175,"player_choice":"AGREE","damage_taken":0,"max_hp_gain":0,"max_hp_loss":0,"event_name":"Liars Game","floor":12,"gold_loss":0,"cards_obtained":["Doubt"]},{"damage_healed":17,"gold_gain":0,"player_choice":"Healed and dodged fight","damage_taken":0,"max_hp_gain":0,"max_hp_loss":0,"event_name":"Mushrooms","floor":14,"gold_loss":0,"cards_obtained":["Parasite"]},{"cards_removed":["Doubt"],"damage_healed":0,"gold_gain":0,"player_choice":"Gave Gold","damage_taken":0,"max_hp_gain":0,"max_hp_loss":0,"event_name":"Beggar","floor":20,"gold_loss":75},{"damage_healed":0,"gold_gain":0,"player_choice":"Fought Bandits","damage_taken":0,"max_hp_gain":0,"max_hp_loss":0,"event_name":"Masked Bandits","floor":22,"gold_loss":0}],"is_beta":false,"boss_relics":[{"not_picked":["Runic Pyramid","HoveringKite"],"picked":"Black Star"}],"items_purged_floors":[],"is_endless":false,"potions_floor_spawned":[1,3,10,13,16,18,19,22],"killed_by":"Slavers","ascension_level":0}