{"gold_per_floor":[112,37,57,71,71,71,127,147,172,172,185,203,203,219,219,290,290,310,327,327,426,426,426,426,90,90,104,104,130,130,130,130,130],"floor_reached":33,"playtime":1353,"items_purged":["Defend_B","Strike_B"],"score":437,"play_id":"217fbe3b-7de4-4e4c-89db-b91a07515879","local_time":"20180921220023","is_ascension_mode":true,"campfire_choices":[{"data":"Zap","floor":6,"key":"SMITH"},{"floor":10,"key":"REST"},{"floor":13,"key":"REST"},{"floor":15,"key":"REST"},{"floor":23,"key":"REST"},{"floor":28,"key":"REST"},{"floor":32,"key":"REST"}],"neow_cost":"NONE","seed_source_timestamp":550981214053381,"circlet_count":0,"master_deck":["Strike_B","Strike_B","Strike_B","Defend_B","Defend_B","Defend_B","Zap+1","Dualcast+1","AscendersBane","FTL","Skim","Melter","Ball Lightning","Gash","Electrodynamics","Gash","Writhe","J.A.X.","Self Repair","Steam","Steam+1"],"relics":["Cracked Core","Tiny Chest","Juzu Bracelet","Orrery","Bronze Scales","Regal Pillow","Bottled Flame","Bag of Preparation"],"potions_floor_usage":[8,11,18,19,27,27,33],"damage_taken":[{"damage":0,"enemies":"Cultist","floor":1,"turns":4},{"damage":2,"enemies":"2 Louse","floor":3,"turns":3},{"damage":0,"enemies":"Small Slimes","floor":4,"turns":2},{"damage":20,"enemies":"Gremlin Nob","floor":7,"turns":4},{"damage":1,"enemies":"3 Louse","floor":8,"turns":2},{"damage":24,"enemies":"Large Slime","floor":11,"turns":5},{"damage":13,"enemies":"Blue Slaver","floor":12,"turns":3},{"damage":9,"enemies":"2 Fungi Beasts","floor":14,"turns":2},{"damage":57,"enemies":"Slime Boss","floor":16,"turns":9},{"damage":25,"enemies":"Shell Parasite","floor":18,"turns":3},{"damage":23,"enemies":"2 Thieves","floor":19,"turns":3},{"damage":12,"enemies":"Centurion and Healer","floor":27,"turns":5},{"damage":49,"enemies":"Slavers","floor":29,"turns":4},{"damage":111,"enemies":"Collector","floor":33,"turns":7}],"seed_played":"-5612075944477565742","potions_obtained":[{"floor":7,"key":"Explosive Potion"},{"floor":8,"key":"SpeedPotion"},{"floor":12,"key":"Ancient Potion"},{"floor":16,"key":"SteroidPotion"},{"floor":18,"key":"Swift Potion"},{"floor":19,"key":"SkillPotion"},{"floor":29,"key":"Regen Potion"}],"is_trial":false,"path_per_floor":["M","$","M","M","?","R","E","M","T","R","M","M","R","M","R","B",null,"M","M","?","?","?","R","?","$","T","M","R","E","?","?","R"],"character_chosen":"DEFECT","items_purchased":["Regal Pillow","Self Repair"],"campfire_rested":6,"item_purchase_floors":[25,25],"current_hp_per_floor":[68,68,66,66,71,71,51,50,50,74,50,37,61,52,76,19,65,40,17,17,17,17,41,41,41,41,36,75,33,33,33,72,0],"gold":130,"neow_bonus":"UPGRADE_CARD","is_prod":false,"is_daily":false,"chose_seed":false,"campfire_upgraded":1,"win_rate":0,"timestamp":1537560023,"path_taken":["M","$","M","M","?","R","E","M","T","R","M","M","R","M","R","BOSS","M","M","?","?","?","R","?","?","T","M","R","E","?","?","R","BOSS"],"build_version":"2018-09-20","purchased_purges":2,"victory":false,"max_hp_per_floor":[75,75,75,75,80,80,80,80,80,80,80,80,80,80,80,80,80,80,80,80,80,80,80,80,80,80,80,80,80,80,80,80,80],"card_choices":[{"not_picked":["Cold Snap","Leap","Force Field"],"picked":"SKIP","floor":1},{"not_picked":["Streamline","Chaos"],"picked":"FTL","floor":3},{"not_picked":["Stack","Multi-Cast","Streamline"],"picked":"SKIP","floor":4},{"not_picked":["Storm","Leap"],"picked":"Skim","floor":7},{"not_picked":["Barrage","Cold Snap"],"picked":"Melter","floor":8},{"not_picked":["Redo","Hello World","Hyperbeam"],"picked":"SKIP","floor":11},{"not_picked":["Rip and Tear","Stack"],"picked":"Ball Lightning","floor":12},{"not_picked":["Turbo","Lockon"],"picked":"Gash","floor":14},{"not_picked":["Thunder Strike","Seek"],"picked":"Electrodynamics","floor":16},{"not_picked":["Go for the Eyes","Steam Power"],"picked":"Gash","floor":17},{"not_picked":["Sweeping Beam","Heatsinks+1","Skim+1"],"picked":"SKIP","floor":18},{"not_picked":["Genetic Algorithm","Melter","Loop"],"picked":"SKIP","floor":19},{"not_picked":["Compile Driver","Sweeping Beam"],"picked":"Steam","floor":27},{"not_picked":["Beam Cell","Coolheaded"],"picked":"Steam+1","floor":29}],"player_experience":491453,"relics_obtained":[{"floor":7,"key":"Tiny Chest"},{"floor":9,"key":"Juzu Bracelet"},{"floor":26,"key":"Bottled Flame"},{"floor":29,"key":"Bag of Preparation"}],"event_choices":[{"event_name":"Big Fish","player_choice":"Donut","floor":5,"damage_taken":0},{"event_name":"Vampires","player_choice":"Ignored","floor":20,"damage_taken":0},{"event_name":"Nest","player_choice":"Stole From Cult","floor":21,"damage_taken":0},{"event_name":"The Mausoleum","player_choice":"Yes","floor":22,"damage_taken":0},{"event_name":"Drug Dealer","player_choice":"Got JAX","floor":24,"damage_taken":0},{"event_name":"Forgotten Altar","player_choice":"Smashed Altar","floor":30,"damage_taken":0},{"event_name":"Back to Basics","player_choice":"Elegance","floor":31,"damage_taken":0}],"is_beta":false,"boss_relics":[{"not_picked":["Pandora\u0027s Box","Snecko Eye"],"picked":"Orrery"}],"items_purged_floors":[2,25],"is_endless":false,"potions_floor_spawned":[7,8,12,16,18,19,29],"killed_by":"Collector","ascension_level":13}