{"gold_per_floor":[113,288,300,318,329,363,363,363,363,377,394,422,441,466,466,466],"floor_reached":16,"playtime":944,"items_purged":[],"score":124,"play_id":"d5b11bbf-4dc9-41c1-ad54-f49eaddc0eaa","local_time":"20190326085553","is_ascension_mode":false,"campfire_choices":[{"floor":8,"key":"REST"},{"floor":15,"key":"REST"}],"neow_cost":"NONE","seed_source_timestamp":203116127415468,"circlet_count":0,"master_deck":["Strike_B","Strike_B","Strike_B","Strike_B","Defend_B","Defend_B","Defend_B","Defend_B","Zap+1","Dualcast","Chill","Rip and Tear","Doubt","Coolheaded","Reinforced Body+1","Hologram+1","Fusion+1","Ball Lightning","Genetic Algorithm+1"],"relics":["Cracked Core","Toxic Egg 2","Shuriken","Pear","Mercury Hourglass"],"potions_floor_usage":[12,12,16],"damage_taken":[{"damage":6,"enemies":"Jaw Worm","floor":1,"turns":4},{"damage":5,"enemies":"2 Louse","floor":3,"turns":2},{"damage":2,"enemies":"Cultist","floor":4,"turns":4},{"damage":17,"enemies":"Exordium Thugs","floor":5,"turns":6},{"damage":24,"enemies":"3 Sentries","floor":6,"turns":11},{"damage":3,"enemies":"3 Louse","floor":10,"turns":3},{"damage":1,"enemies":"Looter","floor":11,"turns":3},{"damage":21,"enemies":"Lagavulin","floor":12,"turns":6},{"damage":1,"enemies":"Red Slaver","floor":13,"turns":4},{"damage":17,"enemies":"3 Sentries","floor":14,"turns":7},{"damage":37,"enemies":"Hexaghost","floor":16,"turns":9}],"seed_played":"6300762001864818399","potions_obtained":[{"floor":3,"key":"FearPotion"},{"floor":11,"key":"Strength Potion"},{"floor":12,"key":"Fire Potion"},{"floor":14,"key":"Poison Potion"}],"is_trial":false,"path_per_floor":["M","?","M","M","M","E","?","R","T","M","M","E","M","E","R","B"],"character_chosen":"DEFECT","items_purchased":[],"campfire_rested":2,"item_purchase_floors":[],"current_hp_per_floor":[69,69,64,62,45,21,21,43,43,40,39,28,27,10,35,0],"gold":466,"neow_bonus":"THREE_CARDS","is_prod":false,"is_daily":false,"chose_seed":false,"campfire_upgraded":0,"win_rate":0,"timestamp":1553604953,"path_taken":["M","?","M","M","M","E","?","R","T","M","M","E","M","E","R","BOSS"],"build_version":"2019-01-23","purchased_purges":0,"victory":false,"max_hp_per_floor":[75,75,75,75,75,75,75,75,75,75,75,85,85,85,85,85],"card_choices":[{"not_picked":["Heatsinks","Streamline"],"picked":"Chill","floor":0},{"not_picked":["Beam Cell","Chill"],"picked":"Rip and Tear","floor":1},{"not_picked":["Beam Cell","Hologram"],"picked":"Coolheaded","floor":3},{"not_picked":["Go for the Eyes","Chill","White Noise"],"picked":"SKIP","floor":4},{"not_picked":["Skim","Go for the Eyes","Steam"],"picked":"SKIP","floor":5},{"not_picked":["Buffer","Chaos"],"picked":"Reinforced Body","floor":6},{"not_picked":["Turbo+1","Beam Cell"],"picked":"Hologram+1","floor":10},{"not_picked":["Stack+1","Barrage","Go for the Eyes"],"picked":"SKIP","floor":11},{"not_picked":["Barrage","Multi-Cast+1"],"picked":"Fusion+1","floor":12},{"not_picked":["Self Repair","Lockon"],"picked":"Ball Lightning","floor":13},{"not_picked":["Reprogram+1","Cold Snap"],"picked":"Genetic Algorithm+1","floor":14}],"player_experience":643742,"relics_obtained":[{"floor":6,"key":"Toxic Egg 2"},{"floor":9,"key":"Shuriken"},{"floor":12,"key":"Pear"},{"floor":14,"key":"Mercury Hourglass"}],"event_choices":[{"damage_healed":0,"gold_gain":175,"player_choice":"AGREE","damage_taken":0,"max_hp_gain":0,"max_hp_loss":0,"event_name":"Liars Game","floor":2,"gold_loss":0,"cards_obtained":["Doubt"]},{"damage_healed":0,"gold_gain":0,"player_choice":"Grow","damage_taken":0,"max_hp_gain":0,"max_hp_loss":0,"event_name":"Living Wall","floor":7,"gold_loss":0,"cards_upgraded":["Zap"]}],"is_beta":false,"boss_relics":[],"items_purged_floors":[],"is_endless":false,"potions_floor_spawned":[3,11,12,14],"killed_by":"Hexaghost","ascension_level":0}