{"path_per_floor":["M","$","T","M","M","R","E","R","T","M","E","?","?","M","R","B",null,"M","?","M","$","?","E","M"],"character_chosen":"IRONCLAD","items_purchased":["Hemokinesis","Orichalcum"],"gold_per_floor":[111,2,2,21,40,40,65,65,92,112,138,100,157,171,171,249,249,266,266,283,39,39,64,83,83],"floor_reached":25,"campfire_rested":1,"playtime":968,"current_hp_per_floor":[70,70,70,66,69,69,51,51,51,46,25,25,25,29,51,21,62,46,46,42,42,42,17,12,0],"items_purged":["Strike_R","Perfected Strike"],"gold":83,"score":404,"play_id":"0c67ba30-6eba-4882-99c3-43bf887fc3e1","local_time":"20180418123413","is_prod":false,"is_daily":false,"chose_seed":false,"is_ascension_mode":true,"campfire_upgraded":2,"timestamp":1524047653,"path_taken":["M","$","?","M","M","R","E","R","T","M","E","?","?","?","R","BOSS","M","?","?","$","?","E","M","E"],"build_version":"2018-04-12","seed_source_timestamp":4342416779705,"purchased_purges":2,"victory":false,"master_deck":["Bash","AscendersBane","Headbutt","Armaments","Hemokinesis+1","Shrug It Off","Disarm","Rupture+1","Rampage","Reaper","Demon Form","Anger","Fire Breathing","Second Wind","Power Through","Whirlwind","Pommel Strike","Uppercut","Reckless Charge","Flex"],"max_hp_per_floor":[75,75,75,75,75,75,75,75,75,75,75,75,75,75,75,75,75,75,75,75,75,75,75,75,75],"relics":["Burning Blood","Bird Faced Urn","Matryoshka","Shuriken","Art of War","Mercury Hourglass","Pandora\u0027s Box","Orichalcum","Blood Vial"],"card_choices":[{"not_picked":["Havoc","Dropkick"],"picked":"Headbutt","floor":0},{"not_picked":["Twin Strike","Iron Wave"],"picked":"Armaments","floor":1},{"not_picked":["Armaments","Cleave"],"picked":"Shrug It Off","floor":4},{"not_picked":["Perfected Strike","Dropkick"],"picked":"Disarm","floor":5},{"not_picked":["Fire Breathing","Evolve"],"picked":"Rupture","floor":7},{"not_picked":["Uppercut","True Grit"],"picked":"Rampage","floor":10},{"not_picked":["Pummel","Perfected Strike"],"picked":"Reaper","floor":14},{"not_picked":["Barricade","Dark Embrace"],"picked":"Demon Form","floor":16},{"not_picked":["Inflame","Anger"],"picked":"Reckless Charge","floor":20},{"not_picked":["Thunderclap","Heavy Blade"],"picked":"Flex","floor":24}],"player_experience":315740,"potions_floor_usage":[16,25],"damage_taken":[{"damage":4,"enemies":"Cultist","floor":1,"turns":5},{"damage":10,"enemies":"Jaw Worm","floor":4,"turns":3},{"damage":3,"enemies":"Small Slimes","floor":5,"turns":3},{"damage":24,"enemies":"Gremlin Nob","floor":7,"turns":4},{"damage":13,"enemies":"3 Louse","floor":10,"turns":4},{"damage":29,"enemies":"3 Sentries","floor":11,"turns":9},{"damage":2,"enemies":"2 Fungi Beasts","floor":14,"turns":2},{"damage":44,"enemies":"Slime Boss","floor":16,"turns":8},{"damage":26,"enemies":"2 Thieves","floor":18,"turns":4},{"damage":14,"enemies":"Shell Parasite","floor":20,"turns":4},{"damage":39,"enemies":"Book of Stabbing","floor":23,"turns":7},{"damage":32,"enemies":"3 Cultists","floor":24,"turns":5},{"damage":19,"enemies":"Slavers","floor":25,"turns":1}],"event_choices":[{"event_name":"World of Goop","player_choice":"Left","floor":12,"damage_taken":0},{"event_name":"Golden Wing","player_choice":"Gained Gold","floor":13,"damage_taken":0},{"event_name":"Ghosts","player_choice":"Ignored","floor":19,"damage_taken":0},{"event_name":"The Mausoleum","player_choice":"No","floor":22,"damage_taken":0}],"boss_relics":[{"not_picked":["Black Star","Mark of Pain"],"picked":"Pandora\u0027s Box"}],"potions_floor_spawned":[7,10,11,14,18,24],"seed_played":"-3154081393683166227","killed_by":"Slavers","ascension_level":15,"is_trial":false}