{"gold_per_floor":[12,12,12,25,44,44,77,77,77,106,121,46,46,58,58,154,154,174,174,89,89,89,89,120,134,216,216,231,241,241,260,260,260],"floor_reached":33,"playtime":1762,"items_purged":["Strike_B"],"score":440,"play_id":"15bd971f-dde1-41ea-b241-cf3e696cb3bd","local_time":"20190218123653","is_ascension_mode":true,"campfire_choices":[{"data":"Zap","floor":6,"key":"SMITH"},{"data":"Flash of Steel","floor":8,"key":"SMITH"},{"data":"Go for the Eyes","floor":13,"key":"SMITH"},{"data":"Leap","floor":15,"key":"SMITH"},{"floor":23,"key":"REST"},{"floor":27,"key":"REST"},{"data":"Coolheaded","floor":30,"key":"SMITH"},{"floor":32,"key":"REST"}],"neow_cost":"NO_GOLD","seed_source_timestamp":753054495200,"circlet_count":0,"master_deck":["AscendersBane","Strike_B","Strike_B","Strike_B","Defend_B","Defend_B","Defend_B","Defend_B","Zap+1","Dualcast","Flash of Steel+1","Finesse","Sweeping Beam","Go for the Eyes+1","Core Surge","Ball Lightning+1","Gash+1","Leap+1","Machine Learning","Gash+1","Leap","Coolheaded+1","Coolheaded","Auto Shields"],"relics":["Cracked Core","Bird Faced Urn","Molten Egg 2","Pantograph","Black Star","Vajra","Dream Catcher","Smiling Mask","Gremlin Horn"],"potions_floor_usage":[18,24,24],"damage_taken":[{"damage":5,"enemies":"Jaw Worm","floor":1,"turns":3},{"damage":0,"enemies":"Cultist","floor":4,"turns":3},{"damage":0,"enemies":"Small Slimes","floor":5,"turns":3},{"damage":16,"enemies":"3 Sentries","floor":7,"turns":7},{"damage":16,"enemies":"Gremlin Nob","floor":10,"turns":3},{"damage":14,"enemies":"Blue Slaver","floor":11,"turns":3},{"damage":3,"enemies":"3 Louse","floor":14,"turns":3},{"damage":25,"enemies":"The Guardian","floor":16,"turns":12},{"damage":17,"enemies":"2 Thieves","floor":18,"turns":3},{"damage":36,"enemies":"Slavers","floor":24,"turns":6},{"damage":0,"enemies":"Chosen","floor":25,"turns":4},{"damage":4,"enemies":"Centurion and Healer","floor":28,"turns":7},{"damage":19,"enemies":"Snake Plant","floor":29,"turns":5},{"damage":16,"enemies":"Snecko","floor":31,"turns":5},{"damage":61,"enemies":"Automaton","floor":33,"turns":10}],"seed_played":"-7980747049698742582","potions_obtained":[{"floor":2,"key":"Ancient Potion"},{"floor":2,"key":"Regen Potion"},{"floor":10,"key":"Strength Potion"},{"floor":16,"key":"Explosive Potion"},{"floor":18,"key":"SkillPotion"}],"is_trial":false,"path_per_floor":["M","?","$","M","M","R","E","R","T","E","M","$","R","M","R","B",null,"M","?","?","?","?","R","E","M","T","R","M","M","R","M","R","B"],"character_chosen":"DEFECT","items_purchased":[],"campfire_rested":3,"item_purchase_floors":[],"current_hp_per_floor":[63,63,63,63,63,63,47,47,47,31,17,17,17,14,14,14,60,43,43,43,29,29,53,17,19,19,43,41,24,24,10,34,0],"gold":260,"neow_bonus":"RANDOM_COLORLESS_2","is_prod":false,"is_daily":false,"chose_seed":false,"campfire_upgraded":5,"win_rate":0,"timestamp":1550522213,"path_taken":["M","?","?","M","M","R","E","R","T","E","M","$","R","M","R","BOSS","M","?","?","?","?","R","E","M","T","R","M","M","R","?","R","BOSS"],"build_version":"2019-01-23","purchased_purges":1,"victory":false,"max_hp_per_floor":[75,75,75,75,75,75,75,75,75,75,75,75,75,75,75,75,75,75,75,75,80,80,80,80,80,80,80,80,80,80,80,80,80],"card_choices":[{"not_picked":["Self Repair","Barrage","Auto Shields"],"picked":"SKIP","floor":1},{"not_picked":["Auto Shields","Gash"],"picked":"Sweeping Beam","floor":4},{"not_picked":["Barrage","Chaos"],"picked":"Go for the Eyes","floor":5},{"not_picked":["Capacitor","Double Energy"],"picked":"Core Surge","floor":7},{"not_picked":["Hologram","Sunder+1"],"picked":"Ball Lightning+1","floor":10},{"not_picked":["Hologram","Rip and Tear+1"],"picked":"Gash+1","floor":11},{"not_picked":["Beam Cell+1","Melter+1"],"picked":"Leap","floor":14},{"not_picked":["Meteor Strike+1","Amplify"],"picked":"Machine Learning","floor":16},{"not_picked":["Skim","Go for the Eyes+1"],"picked":"Gash+1","floor":18},{"not_picked":["Steam","Streamline+1"],"picked":"Leap","floor":24},{"not_picked":["Scrape+1","Rebound+1"],"picked":"Coolheaded","floor":25},{"not_picked":["Steam Power+1","Reboot","Ball Lightning+1"],"picked":"SKIP","floor":28},{"not_picked":["Turbo","Barrage+1","Force Field"],"picked":"SKIP","floor":29},{"not_picked":["Blizzard+1","Loop+1"],"picked":"Coolheaded","floor":31},{"not_picked":["Steam Power","Force Field"],"picked":"Auto Shields","floor":32}],"player_experience":652310,"relics_obtained":[{"floor":7,"key":"Bird Faced Urn"},{"floor":9,"key":"Molten Egg 2"},{"floor":10,"key":"Pantograph"},{"floor":24,"key":"Dream Catcher"},{"floor":24,"key":"Smiling Mask"},{"floor":26,"key":"Gremlin Horn"}],"event_choices":[{"damage_healed":0,"gold_gain":0,"player_choice":"Got Potions","damage_taken":0,"max_hp_gain":0,"max_hp_loss":0,"event_name":"Lab","floor":2,"gold_loss":0},{"damage_healed":0,"gold_gain":0,"player_choice":"Ignored","damage_taken":0,"max_hp_gain":0,"max_hp_loss":0,"event_name":"Cursed Tome","floor":19,"gold_loss":0},{"damage_healed":0,"gold_gain":0,"player_choice":"Obtained Relic","damage_taken":0,"relics_obtained":["Vajra"],"max_hp_gain":0,"max_hp_loss":0,"event_name":"Addict","floor":20,"gold_loss":85},{"damage_healed":0,"gold_gain":0,"player_choice":"Shed Blood","damage_taken":19,"max_hp_gain":5,"max_hp_loss":0,"event_name":"Forgotten Altar","floor":21,"gold_loss":0},{"damage_healed":0,"gold_gain":0,"player_choice":"Ignored","damage_taken":0,"max_hp_gain":0,"max_hp_loss":0,"event_name":"N\u0027loth","floor":22,"gold_loss":0}],"is_beta":false,"boss_relics":[{"not_picked":["Snecko Eye","Coffee Dripper"],"picked":"Black Star"}],"items_purged_floors":[12],"is_endless":false,"potions_floor_spawned":[5,10,11,16,18],"killed_by":"Automaton","ascension_level":12}