{"gold_per_floor":[116,134,42,42,55,55,68,68,93,109,109,121,46,61,61,137,137,154,168,168,185,185,185,0,10,10,10,10,10,24,34,34,34],"floor_reached":33,"playtime":2053,"items_purged":["Strike_B","Strike_B"],"score":458,"play_id":"82a2863c-68ab-492b-a296-9de82250de99","local_time":"20180924224134","is_ascension_mode":true,"campfire_choices":[{"floor":6,"key":"REST"},{"data":"Zap","floor":8,"key":"SMITH"},{"data":"Dualcast","floor":15,"key":"SMITH"},{"floor":23,"key":"REST"},{"floor":28,"key":"REST"},{"floor":32,"key":"REST"}],"neow_cost":"NONE","seed_source_timestamp":811955514035585,"circlet_count":0,"master_deck":["Strike_B+1","Defend_B+1","Defend_B+1","Defend_B+1","Defend_B+1","Zap+1","Dualcast+1","AscendersBane","Ball Lightning","Self Repair+1","BootSequence","Gash","Conserve Battery","FTL","Reprogram","Gash","Buffer","Melter","Hologram","Conserve Battery+1","Reinforced Body","Static Discharge","Self Repair","Sweeping Beam"],"relics":["Cracked Core","Lantern","Lizard Tail","CultistMask","Mercury Hourglass"],"potions_floor_usage":[7,12,16,16,19,21,25,25],"damage_taken":[{"damage":1,"enemies":"Cultist","floor":1,"turns":3},{"damage":7,"enemies":"Small Slimes","floor":2,"turns":4},{"damage":12,"enemies":"Jaw Worm","floor":5,"turns":3},{"damage":2,"enemies":"Exordium Thugs","floor":7,"turns":4},{"damage":9,"enemies":"3 Louse","floor":10,"turns":4},{"damage":16,"enemies":"Gremlin Gang","floor":12,"turns":4},{"damage":0,"enemies":"Blue Slaver","floor":14,"turns":3},{"damage":35,"enemies":"Hexaghost","floor":16,"turns":9},{"damage":26,"enemies":"Shell Parasite","floor":18,"turns":6},{"damage":9,"enemies":"Chosen","floor":19,"turns":6},{"damage":30,"enemies":"Snake Plant","floor":21,"turns":5},{"damage":58,"enemies":"3 Cultists","floor":25,"turns":7},{"damage":27,"enemies":"Snecko","floor":30,"turns":6},{"damage":18,"enemies":"Snake Plant","floor":31,"turns":5},{"damage":89,"enemies":"Collector","floor":33,"turns":12}],"seed_played":"532089178949788751","potions_obtained":[{"floor":5,"key":"GamblersBrew"},{"floor":10,"key":"AttackPotion"},{"floor":12,"key":"PowerPotion"},{"floor":14,"key":"Dexterity Potion"},{"floor":18,"key":"Dexterity Potion"},{"floor":19,"key":"AttackPotion"},{"floor":22,"key":"Block Potion"},{"floor":22,"key":"Poison Potion"}],"is_trial":false,"path_per_floor":["M","M","$","?","M","R","M","R","T","M","?","M","$","M","R","B",null,"M","M","?","M","?","R","$","M","T","$","R","?","M","M","R"],"character_chosen":"DEFECT","items_purchased":["Self Repair","Reinforced Body"],"campfire_rested":4,"item_purchase_floors":[3,24],"current_hp_per_floor":[70,63,63,40,38,61,69,69,69,70,70,64,64,74,74,49,71,55,56,56,36,36,59,59,11,11,11,34,34,17,39,62,0],"gold":34,"neow_bonus":"TEN_PERCENT_HP_BONUS","is_prod":false,"is_daily":false,"chose_seed":false,"campfire_upgraded":2,"win_rate":0,"timestamp":1537821694,"path_taken":["M","?","$","?","M","R","M","R","T","M","?","?","$","M","R","BOSS","M","M","?","M","?","R","?","?","T","$","R","?","?","M","R","BOSS"],"build_version":"2018-09-20","purchased_purges":2,"victory":false,"max_hp_per_floor":[78,78,78,78,78,78,78,78,78,78,78,78,78,78,78,78,78,78,78,78,78,78,78,78,78,78,78,78,78,78,78,78,78],"card_choices":[{"not_picked":["Hologram","Aggregate","Barrage"],"picked":"SKIP","floor":1},{"not_picked":["Coolheaded","Rebound"],"picked":"Ball Lightning","floor":2},{"not_picked":["Steam","Tempest"],"picked":"BootSequence","floor":5},{"not_picked":["Redo","Beam Cell"],"picked":"Gash","floor":7},{"not_picked":["Sweeping Beam","Stack"],"picked":"Conserve Battery","floor":10},{"not_picked":["Cold Snap","Skim"],"picked":"Reprogram","floor":12},{"not_picked":["Streamline","Beam Cell"],"picked":"Gash","floor":14},{"not_picked":["Rainbow","Core Surge"],"picked":"Buffer","floor":16},{"not_picked":["Redo","Compile Driver"],"picked":"Melter","floor":18},{"not_picked":["Rip and Tear","Conserve Battery"],"picked":"Hologram","floor":19},{"not_picked":["Sweeping Beam","Loop"],"picked":"Conserve Battery+1","floor":21},{"not_picked":["Hologram","Cold Snap"],"picked":"Static Discharge","floor":25},{"not_picked":["FTL","Capacitor"],"picked":"Self Repair","floor":30},{"not_picked":["Leap","Melter"],"picked":"Sweeping Beam","floor":31}],"player_experience":645998,"relics_obtained":[{"floor":9,"key":"Lantern"},{"floor":26,"key":"Mercury Hourglass"}],"event_choices":[{"event_name":"Shining Light","player_choice":"Entered Light","floor":4,"damage_taken":0},{"event_name":"Transmorgrifier","player_choice":"Transform","floor":11,"damage_taken":0},{"event_name":"FaceTrader","player_choice":"Trade","floor":20,"damage_taken":0},{"event_name":"The Lab","player_choice":"Got Potions","floor":22,"damage_taken":0},{"event_name":"Back to Basics","player_choice":"Simplicity","floor":29,"damage_taken":0}],"is_beta":false,"boss_relics":[{"not_picked":["Velvet Choker","Sozu"],"picked":"Lizard Tail"}],"items_purged_floors":[13,24],"is_endless":false,"potions_floor_spawned":[5,10,12,14,18,19],"killed_by":"Collector","ascension_level":18}