{"gold_per_floor":[14,14,26,43,43,43,43,43,43,59,97,115,131,46,46,46],"floor_reached":16,"playtime":1034,"items_purged":[],"score":107,"play_id":"c64a02bf-a5c5-4330-9985-24d4c3f262fb","local_time":"20180905194240","is_ascension_mode":true,"campfire_choices":[{"data":"Redo","floor":6,"key":"SMITH"},{"data":"Electrodynamics","floor":8,"key":"SMITH"},{"data":"Chaos","floor":15,"key":"SMITH"}],"neow_cost":"NO_GOLD","seed_source_timestamp":447426906599004,"circlet_count":0,"master_deck":["Strike_B","Strike_B","Strike_B","Defend_B","Defend_B","Defend_B","Defend_B","Zap","Dualcast","Electrodynamics+1","Chill","FTL","Redo+1","Redo","Conserve Battery","Chaos+1","Hologram","Self Repair","Redo"],"relics":["Cracked Core","Golden Idol","Shuriken","Ginger"],"potions_floor_usage":[10,11,12,13,16,16],"damage_taken":[{"damage":6,"enemies":"Jaw Worm","floor":1,"turns":3},{"damage":0,"enemies":"Cultist","floor":3,"turns":3},{"damage":0,"enemies":"2 Louse","floor":4,"turns":2},{"damage":5,"enemies":"Looter","floor":10,"turns":2},{"damage":4,"enemies":"3 Sentries","floor":11,"turns":3},{"damage":6,"enemies":"Red Slaver","floor":12,"turns":3},{"damage":0,"enemies":"Lots of Slimes","floor":13,"turns":2},{"damage":36,"enemies":"Hexaghost","floor":16,"turns":9}],"seed_played":"-6202239813258897919","potions_obtained":[{"floor":1,"key":"SkillPotion"},{"floor":5,"key":"FocusPotion"},{"floor":5,"key":"Block Potion"},{"floor":10,"key":"Block Potion"},{"floor":11,"key":"SpeedPotion"},{"floor":13,"key":"Weak Potion"}],"is_trial":false,"path_per_floor":["M","?","M","M","?","R","?","R","T","M","E","M","M","$","R"],"character_chosen":"DEFECT","items_purchased":["Self Repair","Redo"],"campfire_rested":0,"item_purchase_floors":[14,14],"current_hp_per_floor":[69,69,69,69,69,69,51,51,51,46,42,36,36,36,36,0],"gold":46,"neow_bonus":"THREE_RARE_CARDS","is_prod":false,"is_daily":false,"chose_seed":false,"campfire_upgraded":3,"win_rate":0,"timestamp":1536169360,"path_taken":["M","?","M","M","?","R","?","R","T","M","E","M","M","?","R","BOSS"],"build_version":"2018-08-30","purchased_purges":0,"victory":false,"max_hp_per_floor":[75,75,75,75,75,75,75,75,75,75,75,75,75,75,75,75],"card_choices":[{"not_picked":["Creative AI","Meteor Strike"],"picked":"Electrodynamics","floor":0},{"not_picked":["Turbo","Gash"],"picked":"Chill","floor":1},{"not_picked":["Rip and Tear","Steam"],"picked":"FTL","floor":3},{"not_picked":["Leap","Auto Shields"],"picked":"Redo","floor":4},{"not_picked":["Loop","Gash"],"picked":"Redo","floor":10},{"not_picked":["Beam Cell","Loop"],"picked":"Conserve Battery","floor":11},{"not_picked":["Cold Snap","Barrage"],"picked":"Chaos","floor":12},{"not_picked":["Go for the Eyes","Streamline"],"picked":"Hologram","floor":13}],"player_experience":116368,"relics_obtained":[{"floor":9,"key":"Shuriken"},{"floor":11,"key":"Ginger"}],"event_choices":[{"event_name":"Bonfire Elementals","player_choice":"BASIC","floor":2,"damage_taken":0},{"event_name":"The Lab","player_choice":"Got Potions","floor":5,"damage_taken":0},{"event_name":"Golden Idol","player_choice":"Take Damage","floor":7,"damage_taken":0}],"is_beta":false,"boss_relics":[],"items_purged_floors":[],"is_endless":false,"potions_floor_spawned":[1,10,11,13],"killed_by":"Hexaghost","ascension_level":1}