{"path_per_floor":["M","M","M","?","?","R","E","R","T","M","M","E","R","E","R","B",null,"M","M","M","?","M","R","M","$","T","R","$","M","M","E","R","B",null,"M","M","$","M","M","E","R","M","T","R","E","R","?","$","R","B"],"character_chosen":"THE_SILENT","items_purchased":["Well Laid Plans","Expertise","Whetstone","Centennial Puzzle","Good Instincts","Accuracy"],"gold_per_floor":[109,124,135,135,135,135,168,168,168,184,201,227,227,262,262,357,357,377,397,416,416,429,429,445,339,339,339,184,203,216,243,243,342,342,357,370,18,28,44,77,77,90,90,90,120,120,172,58,58,58],"floor_reached":51,"campfire_rested":1,"playtime":5398,"current_hp_per_floor":[69,63,54,40,40,40,48,48,48,44,44,44,65,63,63,65,70,70,70,64,64,66,66,64,64,78,78,78,84,84,84,84,81,84,84,79,79,84,84,63,63,77,77,77,84,84,78,78,78,84],"items_purged":["Pain"],"gold":58,"score":1131,"play_id":"361aa089-4322-4aba-a406-da5f8a3c7a9f","local_time":"20180329221047","is_prod":false,"is_daily":false,"is_ascension_mode":true,"campfire_upgraded":10,"timestamp":1522386647,"path_taken":["M","M","M","?","?","R","E","R","T","M","M","E","R","E","R","BOSS","M","M","M","?","M","R","M","$","T","R","?","M","?","E","R","BOSS","M","M","$","M","M","E","R","?","T","R","E","R","?","?","R","BOSS"],"build_version":"2018-03-29","purchased_purges":1,"victory":true,"master_deck":["Defend_G","Defend_G","Defend_G","Defend_G+1","Strike_G+1","Survivor","Neutralize+1","Underhanded Strike","Heel Hook","Dagger Throw+1","Adrenaline+1","Escape Plan","Concentrate","Flying Knee","Noxious Fumes+1","Die Die Die","Accuracy+1","Die Die Die+1","Outmaneuver+1","Cloak And Dagger+1","Underhanded Strike+1","Accuracy+1","Cloak And Dagger+1","Burst+1","Well Laid Plans","Expertise","Slice+1","Accuracy+1","Prepared+1","Tools of the Trade+1","Distraction+1","Good Instincts","Prepared+1","Caltrops+1","Cloak And Dagger+1","Cloak And Dagger+1","Flying Knee","Backflip+1","Accuracy+1"],"max_hp_per_floor":[70,70,70,70,70,70,70,70,70,70,70,70,70,70,70,70,70,70,70,70,70,70,70,70,70,84,84,84,84,84,84,84,84,84,84,84,84,84,84,84,84,84,84,84,84,84,84,84,84,84],"relics":["Ring of the Snake","Ancient Tea Set","Thread and Needle","Unceasing Top","Bird Faced Urn","Tingsha","Astrolabe","Mango","Whetstone","Mercury Hourglass","Cursed Key","Centennial Puzzle","Anchor","Dead Branch","Mummified Hand","Calipers"],"card_choices":[{"not_picked":["Dodge and Roll","Sucker Punch"],"picked":"Underhanded Strike","floor":1.0},{"not_picked":["Bane","Deflect"],"picked":"Heel Hook","floor":2.0},{"not_picked":["Eviscerate","Sucker Punch"],"picked":"Dagger Throw","floor":3.0},{"not_picked":["Deadly Poison","Choke"],"picked":"Adrenaline","floor":7.0},{"not_picked":["Cloak And Dagger","Flying Knee"],"picked":"Escape Plan","floor":10.0},{"not_picked":["Cloak And Dagger","Dagger Spray"],"picked":"Concentrate","floor":11.0},{"not_picked":["Catalyst","Quick Slash"],"picked":"Flying Knee","floor":12.0},{"not_picked":["Malaise","Adrenaline"],"picked":"Noxious Fumes","floor":14.0},{"not_picked":["A Thousand Cuts","Doppelganger"],"picked":"Die Die Die","floor":16},{"not_picked":["Sucker Punch","Endless Agony"],"picked":"Cloak And Dagger","floor":18},{"not_picked":["Flying Knee","Poisoned Stab"],"picked":"Underhanded Strike","floor":19},{"not_picked":["Flying Knee","Poisoned Stab"],"picked":"Accuracy","floor":20},{"not_picked":["Blur","Acrobatics"],"picked":"Cloak And Dagger","floor":22},{"not_picked":["Deflect","Backflip"],"picked":"Burst","floor":24},{"not_picked":["Underhanded Strike","Bane"],"picked":"Slice","floor":29},{"not_picked":["Sucker Punch","Quick Slash"],"picked":"Accuracy","floor":30},{"not_picked":["Malaise","Doppelganger"],"picked":"Prepared","floor":31},{"not_picked":["Wraith Form","Doppelganger"],"picked":"Tools of the Trade","floor":33},{"not_picked":["Sucker Punch","Bane"],"picked":"Distraction","floor":35},{"not_picked":["Reflex","Flying Knee"],"picked":"Prepared","floor":38},{"not_picked":["Finisher","Blur"],"picked":"Caltrops","floor":39},{"not_picked":["Finisher","Bouncing Flask"],"picked":"Cloak And Dagger","floor":40},{"not_picked":["Poisoned Stab","Tactician"],"picked":"Cloak And Dagger","floor":42},{"not_picked":["Flechettes","Slice"],"picked":"Flying Knee","floor":45},{"not_picked":["Heel Hook","Choke"],"picked":"Backflip","floor":47}],"player_experience":124996,"potions_floor_usage":[38,50,50],"damage_taken":[{"damage":1.0,"enemies":"Cultist","floor":1.0,"turns":4.0},{"damage":6.0,"enemies":"Small Slimes","floor":2.0,"turns":4.0},{"damage":9.0,"enemies":"Jaw Worm","floor":3.0,"turns":4.0},{"damage":7.0,"enemies":"3 Sentries","floor":7.0,"turns":8.0},{"damage":4.0,"enemies":"Exordium Thugs","floor":10.0,"turns":5.0},{"damage":0.0,"enemies":"2 Fungi Beasts","floor":11.0,"turns":2.0},{"damage":0.0,"enemies":"Gremlin Nob","floor":12.0,"turns":3.0},{"damage":2.0,"enemies":"Lagavulin","floor":14.0,"turns":4.0},{"damage":0,"enemies":"The Guardian","floor":16,"turns":8},{"damage":0,"enemies":"Chosen","floor":18,"turns":4},{"damage":0,"enemies":"3 Byrds","floor":19,"turns":2},{"damage":6,"enemies":"Centurion and Healer","floor":20,"turns":5},{"damage":4,"enemies":"Sentry and Sphere","floor":22,"turns":4},{"damage":8,"enemies":"Cultist and Chosen","floor":24,"turns":4},{"damage":0,"enemies":"Centurion and Healer","floor":29,"turns":4},{"damage":0,"enemies":"Slaver and Parasite","floor":30,"turns":2},{"damage":0,"enemies":"Gremlin Leader","floor":31,"turns":5},{"damage":5,"enemies":"Champ","floor":33,"turns":6},{"damage":0,"enemies":"3 Shapes","floor":35,"turns":4},{"damage":11,"enemies":"Orb Walker","floor":36,"turns":2},{"damage":0,"enemies":"Sphere and 2 Shapes","floor":38,"turns":3},{"damage":0,"enemies":"3 Darklings","floor":39,"turns":3},{"damage":21,"enemies":"Nemesis","floor":40,"turns":5},{"damage":0,"enemies":"Maw","floor":42,"turns":4},{"damage":0,"enemies":"Giant Head","floor":45,"turns":4},{"damage":8,"enemies":"Mysterious Sphere","floor":47,"turns":3},{"damage":0,"enemies":"Donu and Deca","floor":50,"turns":3}],"event_choices":[{"event_name":"Shining Light","player_choice":"Entered Light","floor":4.0,"damage_taken":0.0},{"event_name":"Purifier","player_choice":"One Purge","floor":5.0,"damage_taken":0.0},{"event_name":"Bonfire Elementals","player_choice":"BASIC","floor":21,"damage_taken":0},{"event_name":"Mysterious Sphere","player_choice":"Fight","floor":47,"damage_taken":0}],"boss_relics":[{"not_picked":["Calling Bell","Velvet Choker"],"picked":"Astrolabe"},{"not_picked":["The Specimen","Runic Pyramid"],"picked":"Cursed Key"}],"potions_floor_spawned":[3,14,16,19,20,22,31,35,36,40,45,47],"seed_played":"8546167802311921630","ascension_level":4,"is_trial":false}