{"path_per_floor":["M","M","M","?","?","E","M","E","T","E","M","?","T","M","R","B",null,"M","?","T","M","M","E","R","M","T","R","E","?","E","M","R","B",null,"M","?","M","$","?","E","M","M","T","R","E","M","E","M","R","B"],"character_chosen":"IRONCLAD","items_purchased":["Mind Blast"],"gold_per_floor":[114,129,144,94,94,124,139,169,194,224,239,414,414,429,429,529,529,544,467,517,532,547,577,577,592,642,642,672,672,702,717,717,817,847,862,862,877,773,773,803,818,833,858,858,888,903,933,948,948,948],"floor_reached":51,"campfire_rested":0,"playtime":2686,"current_hp_per_floor":[80,72,83,83,76,82,88,86,86,86,98,98,98,98,98,87,100,102,102,102,104,88,94,94,105,105,105,101,101,75,91,91,51,127,129,129,132,132,132,132,137,138,138,138,119,117,132,134,134,142],"items_purged":[],"gold":948,"score":1319,"play_id":"943c7a73-b856-40eb-92a6-d259f93c9b6c","local_time":"20180426225341","daily_mods":["Shiny","Lethality","Hoarder"],"is_prod":false,"is_daily":true,"chose_seed":false,"is_ascension_mode":false,"campfire_upgraded":6,"timestamp":1524808421,"path_taken":["M","M","M","?","?","E","M","E","T","E","M","?","?","M","R","BOSS","M","?","?","M","M","E","R","?","T","R","E","?","E","M","R","BOSS","M","?","M","$","?","E","?","M","T","R","E","M","E","M","R","BOSS"],"build_version":"2018-04-26","seed_source_timestamp":0,"purchased_purges":0,"victory":true,"master_deck":["Double Tap","Double Tap","Double Tap","Demon Form","Demon Form","Demon Form","Bludgeon","Bludgeon","Bludgeon","Feed","Feed","Feed","Limit Break","Limit Break","Limit Break","Fiend Fire","Fiend Fire","Fiend Fire","Dark Embrace","Dark Embrace","Dark Embrace","Berserk","Berserk","Berserk","Impervious","Impervious","Impervious","Juggernaut","Juggernaut","Juggernaut","Brutality","Brutality","Brutality","Reaper","Reaper","Reaper+1","Exhume","Exhume","Exhume","Offering","Offering","Offering","Immolate","Immolate","Immolate","Flex","Flex","Flex","Pommel Strike+1","Pommel Strike+1","Pommel Strike","Twin Strike","Twin Strike","Twin Strike","Shrug It Off","Shrug It Off","Shrug It Off","Doubt","Doubt","Doubt","Heavy Blade","Heavy Blade","Heavy Blade","J.A.X.","J.A.X.","J.A.X.","Clumsy","Clumsy","Clumsy","Armaments+1","Armaments+1","Armaments+1","Cleave","Cleave","Cleave","Doubt","Doubt","Doubt","Pummel+1","Pummel+1","Pummel+1","Shrug It Off+1","Shrug It Off+1","Shrug It Off+1","Whirlwind","Whirlwind","Whirlwind","Mind Blast","Mind Blast","Mind Blast+1","Secret Technique","Secret Technique","Secret Technique","Headbutt+1","Headbutt+1","Headbutt+1","Regret","Regret","Regret","Reaper","Reaper","Reaper","Battle Trance","Battle Trance","Battle Trance"],"max_hp_per_floor":[80,80,83,83,83,83,88,91,91,93,98,98,98,98,98,100,100,102,102,102,104,107,112,112,112,112,112,112,112,116,118,118,120,127,129,129,132,132,132,132,137,142,142,142,144,144,144,146,146,146],"relics":["Burning Blood","Singing Bowl","Bottled Lightning","Bag of Marbles","Ancient Tea Set","Lantern","Cursed Key","Blood Vial","Anchor","Art of War","Bronze Scales","Bag of Preparation","Tiny House","Oddly Smooth Stone","Pen Nib","Kunai","Orichalcum"],"card_choices":[{"not_picked":["Shrug It Off","True Grit"],"picked":"Flex","floor":1},{"not_picked":["Armaments","Heavy Blade"],"picked":"Pommel Strike","floor":3},{"not_picked":["Evolve","Barricade"],"picked":"Twin Strike","floor":6},{"not_picked":["Iron Wave","Flex"],"picked":"Shrug It Off","floor":8},{"not_picked":["Twin Strike","Infernal Blade"],"picked":"Heavy Blade","floor":14},{"not_picked":["Warcry","Headbutt"],"picked":"Armaments","floor":22},{"not_picked":["Sword Boomerang","Clash"],"picked":"Cleave","floor":25},{"not_picked":["Metallicize","Armaments"],"picked":"Pummel","floor":28},{"not_picked":["Rupture","Clothesline"],"picked":"Shrug It Off","floor":30},{"not_picked":["Iron Wave","Reckless Charge"],"picked":"Whirlwind","floor":37},{"not_picked":["Madness","Jack Of All Trades"],"picked":"Secret Technique","floor":39},{"not_picked":["Corruption","Twin Strike"],"picked":"Headbutt","floor":40},{"not_picked":["Hemokinesis","Ghostly Armor"],"picked":"Reaper","floor":46},{"not_picked":["Shrug It Off","Wild Strike"],"picked":"Battle Trance","floor":47}],"player_experience":245678,"potions_floor_usage":[6,16,30],"damage_taken":[{"damage":4,"enemies":"Small Slimes","floor":1,"turns":2},{"damage":14,"enemies":"Jaw Worm","floor":2,"turns":3},{"damage":17,"enemies":"2 Louse","floor":3,"turns":2},{"damage":0,"enemies":"Lagavulin","floor":6,"turns":4},{"damage":4,"enemies":"Looter","floor":7,"turns":1},{"damage":26,"enemies":"3 Sentries","floor":8,"turns":3},{"damage":8,"enemies":"Gremlin Nob","floor":10,"turns":1},{"damage":4,"enemies":"2 Fungi Beasts","floor":11,"turns":1},{"damage":4,"enemies":"Large Slime","floor":14,"turns":1},{"damage":19,"enemies":"The Guardian","floor":16,"turns":5},{"damage":4,"enemies":"Spheric Guardian","floor":18,"turns":1},{"damage":8,"enemies":"2 Thieves","floor":21,"turns":1},{"damage":25,"enemies":"Centurion and Healer","floor":22,"turns":2},{"damage":14,"enemies":"Slavers","floor":23,"turns":2},{"damage":24,"enemies":"Cultist and Chosen","floor":25,"turns":3},{"damage":12,"enemies":"Book of Stabbing","floor":28,"turns":1},{"damage":43,"enemies":"Slavers","floor":30,"turns":5},{"damage":10,"enemies":"Snecko","floor":31,"turns":1},{"damage":60,"enemies":"Champ","floor":33,"turns":6},{"damage":4,"enemies":"Orb Walker","floor":35,"turns":2},{"damage":4,"enemies":"3 Shapes","floor":37,"turns":1},{"damage":4,"enemies":"2 Orb Walkers","floor":40,"turns":2},{"damage":4,"enemies":"Sphere and 2 Shapes","floor":41,"turns":1},{"damage":10,"enemies":"4 Shapes","floor":42,"turns":2},{"damage":29,"enemies":"Giant Head","floor":45,"turns":6},{"damage":10,"enemies":"Maw","floor":46,"turns":1},{"damage":4,"enemies":"2 Orb Walkers","floor":47,"turns":2},{"damage":8,"enemies":"Sphere and 2 Shapes","floor":48,"turns":1},{"damage":0,"enemies":"Time Eater","floor":50,"turns":1}],"event_choices":[{"event_name":"The Cleric","player_choice":"Card Removal","floor":4,"damage_taken":0},{"event_name":"Golden Wing","player_choice":"Card Removal","floor":5,"damage_taken":0},{"event_name":"Liars Game","player_choice":"agreed","floor":12,"damage_taken":0},{"event_name":"Drug Dealer","player_choice":"Got JAXXED","floor":19,"damage_taken":0},{"event_name":"Back to Basics","player_choice":"Elegance","floor":29,"damage_taken":0},{"event_name":"The Woman in Blue","player_choice":"Bought 0 Potions","floor":36,"damage_taken":0},{"event_name":"SensoryStone","player_choice":"Memory 1","floor":39,"damage_taken":0}],"boss_relics":[{"not_picked":["Ectoplasm","Runic Cube"],"picked":"Cursed Key"},{"not_picked":["Calling Bell","Black Star"],"picked":"Tiny House"}],"potions_floor_spawned":[1,7,8,10,11,18,23,25,30,35,41,45,47],"seed_played":"7526765206531724544","ascension_level":0,"is_trial":false}