{"gold_per_floor":[109,109,126,143,158,158,193,207,207,207,207,207,10,30,30,127,127,144,27,27,44,44,44],"floor_reached":23,"playtime":1545,"items_purged":[],"score":287,"play_id":"84c9182b-51f1-4ccf-8990-9105351eb8e4","local_time":"20180918000816","is_ascension_mode":true,"campfire_choices":[{"floor":6,"key":"REST"},{"floor":10,"key":"REST"},{"data":"Dualcast","floor":12,"key":"SMITH"},{"floor":15,"key":"REST"}],"neow_cost":"NONE","seed_source_timestamp":212858895773648,"circlet_count":0,"master_deck":["Strike_B","Strike_B+1","Defend_B","Defend_B","Defend_B","Defend_B","Zap+1","Dualcast+1","AscendersBane","Reboot","Gash","Chill","Sweeping Beam","Darkness","Hello World","Creative AI","Sunder","Buffer","Static Discharge","Writhe"],"relics":["Cracked Core","Mummified Hand","The Courier","Singing Bowl","Sozu","Pen Nib"],"potions_floor_usage":[7,7],"damage_taken":[{"damage":3,"enemies":"2 Louse","floor":1,"turns":2},{"damage":0,"enemies":"Small Slimes","floor":3,"turns":2},{"damage":0,"enemies":"Cultist","floor":4,"turns":3},{"damage":7,"enemies":"Red Slaver","floor":5,"turns":4},{"damage":9,"enemies":"3 Sentries","floor":7,"turns":7},{"damage":16,"enemies":"Large Slime","floor":8,"turns":5},{"damage":0,"enemies":"2 Fungi Beasts","floor":14,"turns":3},{"damage":41,"enemies":"Hexaghost","floor":16,"turns":9},{"damage":13,"enemies":"Shell Parasite","floor":18,"turns":5},{"damage":23,"enemies":"2 Thieves","floor":21,"turns":4},{"damage":41,"enemies":"Gremlin Leader","floor":23,"turns":2}],"seed_played":"-2682822893159098269","potions_obtained":[{"floor":4,"key":"GamblersBrew"},{"floor":5,"key":"FocusPotion"}],"is_trial":false,"path_per_floor":["M","?","M","M","M","R","E","M","T","R","?","R","$","M","R","B",null,"M","$","?","M","?"],"character_chosen":"DEFECT","items_purchased":["Singing Bowl","Buffer","Static Discharge"],"campfire_rested":3,"item_purchase_floors":[13,19,19],"current_hp_per_floor":[65,50,50,50,43,65,56,40,40,62,55,55,55,57,77,36,67,54,54,54,33,33,0],"gold":44,"neow_bonus":"ONE_RANDOM_RARE_CARD","is_prod":false,"is_daily":false,"chose_seed":false,"campfire_upgraded":1,"win_rate":0,"timestamp":1537222096,"path_taken":["M","?","M","?","M","R","E","M","T","R","?","R","$","M","R","BOSS","M","$","?","M","?","E"],"build_version":"2018-09-06","purchased_purges":0,"victory":false,"max_hp_per_floor":[75,75,75,75,75,75,75,75,75,75,75,75,75,77,77,77,77,77,77,77,79,79,79],"card_choices":[{"not_picked":["Streamline","Cold Snap","Stack"],"picked":"SKIP","floor":1},{"not_picked":["Cold Snap","Coolheaded"],"picked":"Gash","floor":3},{"not_picked":["Coolheaded","Blizzard"],"picked":"Chill","floor":4},{"not_picked":["Coolheaded","Tempest"],"picked":"Sweeping Beam","floor":5},{"not_picked":["Rebound","Glacier"],"picked":"Darkness","floor":7},{"not_picked":["Barrage","Streamline"],"picked":"Hello World","floor":8},{"not_picked":["Fission","Conserve Battery","Rip and Tear"],"picked":"Singing Bowl","floor":14},{"not_picked":["Buffer","Core Surge"],"picked":"Creative AI","floor":16},{"not_picked":["Cold Snap","FTL"],"picked":"Sunder","floor":18},{"not_picked":["Barrage","Steam","Rebound+1"],"picked":"Singing Bowl","floor":21}],"player_experience":313354,"relics_obtained":[{"floor":7,"key":"Mummified Hand"},{"floor":9,"key":"The Courier"}],"event_choices":[{"event_name":"Shining Light","player_choice":"Entered Light","floor":2,"damage_taken":0},{"event_name":"Golden Wing","player_choice":"Card Removal","floor":11,"damage_taken":0},{"event_name":"Back to Basics","player_choice":"Elegance","floor":20,"damage_taken":0},{"event_name":"The Mausoleum","player_choice":"Yes","floor":22,"damage_taken":0}],"is_beta":false,"boss_relics":[{"not_picked":["Eternal Feather","Empty Cage"],"picked":"Sozu"}],"items_purged_floors":[],"is_endless":false,"potions_floor_spawned":[4,5,21],"killed_by":"Gremlin Leader","ascension_level":10}