{"gold_per_floor":[15,30,30,41,60,60,86,98,124,150,150,75,88,88,88,162,162,174,99,14,14,30,30,40,40,40,58,58,75,88,88,88,88],"floor_reached":33,"playtime":1779,"items_purged":["Strike_B"],"score":440,"play_id":"d8de49c1-d632-4e52-9740-e5f67db4dcb7","local_time":"20181231172721","is_ascension_mode":true,"campfire_choices":[{"floor":6,"key":"REST"},{"floor":11,"key":"REST"},{"floor":15,"key":"REST"},{"floor":23,"key":"REST"},{"data":"RitualDagger","floor":25,"key":"SMITH"},{"floor":32,"key":"REST"}],"neow_cost":"NO_GOLD","seed_source_timestamp":751686930728521,"circlet_count":0,"master_deck":["AscendersBane","Defend_B","Defend_B","Defend_B","Zap+1","Dualcast","Conserve Battery","Genetic Algorithm","Barrage","Ball Lightning","Ball Lightning","Sweeping Beam","Leap","Streamline","Creative AI","Sunder","Steam","Compile Driver","BootSequence","Ball Lightning","RitualDagger+1","Cold Snap","Loop+1","Leap","Core Surge"],"relics":["Cracked Core","Letter Opener","DataDisk","PreservedInsect","Orrery","Boot"],"potions_floor_usage":[7,33],"damage_taken":[{"damage":0,"enemies":"Small Slimes","floor":1,"turns":3},{"damage":3,"enemies":"2 Louse","floor":2,"turns":3},{"damage":10,"enemies":"Jaw Worm","floor":4,"turns":5},{"damage":9,"enemies":"3 Louse","floor":5,"turns":4},{"damage":33,"enemies":"Gremlin Nob","floor":7,"turns":5},{"damage":5,"enemies":"Looter","floor":8,"turns":3},{"damage":9,"enemies":"Lagavulin","floor":10,"turns":5},{"damage":2,"enemies":"Blue Slaver","floor":13,"turns":3},{"damage":20,"enemies":"The Guardian","floor":16,"turns":10},{"damage":10,"enemies":"Shell Parasite","floor":18,"turns":5},{"damage":0,"enemies":"Chosen","floor":22,"turns":4},{"damage":23,"enemies":"Snake Plant","floor":24,"turns":4},{"damage":15,"enemies":"Chosen and Byrds","floor":27,"turns":6},{"damage":15,"enemies":"Shelled Parasite and Fungi","floor":29,"turns":4},{"damage":7,"enemies":"Sentry and Sphere","floor":30,"turns":4},{"damage":43,"enemies":"Collector","floor":33,"turns":3}],"seed_played":"1427343094084929116","potions_obtained":[{"floor":1,"key":"Weak Potion"},{"floor":2,"key":"LiquidBronze"},{"floor":8,"key":"Explosive Potion"},{"floor":10,"key":"AttackPotion"},{"floor":30,"key":"Regen Potion"}],"is_trial":false,"path_per_floor":["M","M","?","M","M","R","E","M","T","E","R","$","M","?","R","B",null,"M","?","?","?","M","R","M","R","T","M","$","M","M","$","R","B"],"character_chosen":"DEFECT","items_purchased":[],"campfire_rested":5,"item_purchase_floors":[],"current_hp_per_floor":[64,61,54,44,35,56,23,18,18,9,30,30,28,28,49,29,61,51,51,51,45,45,66,43,43,43,28,28,13,6,6,27,0],"gold":88,"neow_bonus":"REMOVE_TWO","is_prod":false,"is_daily":false,"chose_seed":false,"campfire_upgraded":1,"win_rate":0,"timestamp":1546298841,"path_taken":["M","M","?","M","M","R","E","M","T","E","R","$","M","?","R","BOSS","M","?","?","?","M","R","M","R","T","M","?","M","M","$","R","BOSS"],"build_version":"2018-12-20","purchased_purges":1,"victory":false,"max_hp_per_floor":[71,71,71,71,71,71,71,71,71,71,71,71,71,71,71,71,71,71,71,71,71,71,71,71,71,71,71,71,71,71,71,71,71],"card_choices":[{"not_picked":["Aggregate","Stack"],"picked":"Conserve Battery","floor":1},{"not_picked":["Lockon","Barrage"],"picked":"Genetic Algorithm","floor":2},{"not_picked":["Reinforced Body","Double Energy"],"picked":"Barrage","floor":4},{"not_picked":["Beam Cell","Recycle"],"picked":"Ball Lightning","floor":5},{"not_picked":["Consume","Turbo"],"picked":"Ball Lightning","floor":7},{"not_picked":["Lockon","Genetic Algorithm"],"picked":"Sweeping Beam","floor":8},{"not_picked":["Go for the Eyes","Steam"],"picked":"Leap","floor":10},{"not_picked":["Leap","FTL"],"picked":"Streamline","floor":13},{"not_picked":["Seek","Meteor Strike"],"picked":"Creative AI","floor":16},{"not_picked":["Streamline","Tempest"],"picked":"Sunder","floor":17},{"not_picked":["Steam Power","Turbo"],"picked":"Steam","floor":17},{"not_picked":["Sweeping Beam","Turbo"],"picked":"Compile Driver","floor":17},{"not_picked":["Turbo","Force Field"],"picked":"BootSequence","floor":17},{"not_picked":["Reprogram","Streamline"],"picked":"Ball Lightning","floor":17},{"not_picked":["Compile Driver","Ball Lightning","Turbo"],"picked":"SKIP","floor":18},{"not_picked":["Sweeping Beam","Conserve Battery"],"picked":"Cold Snap","floor":22},{"not_picked":["Barrage","Darkness","Aggregate+1"],"picked":"SKIP","floor":24},{"not_picked":["Gash","Fusion"],"picked":"Loop+1","floor":27},{"not_picked":["Double Energy","Stack"],"picked":"Leap","floor":29},{"not_picked":["Gash+1","Cold Snap"],"picked":"Core Surge","floor":30}],"player_experience":351401,"relics_obtained":[{"floor":7,"key":"Letter Opener"},{"floor":9,"key":"DataDisk"},{"floor":10,"key":"PreservedInsect"}],"event_choices":[{"cards_removed":["Strike_B"],"damage_healed":0,"gold_gain":0,"player_choice":"Card Removal","damage_taken":7,"max_hp_gain":0,"max_hp_loss":0,"event_name":"Golden Wing","floor":3,"gold_loss":0},{"damage_healed":0,"gold_gain":0,"player_choice":"Grow","damage_taken":0,"max_hp_gain":0,"max_hp_loss":0,"event_name":"Living Wall","floor":14,"gold_loss":0,"cards_upgraded":["Zap"]},{"cards_removed":["Defend_B"],"damage_healed":0,"gold_gain":0,"player_choice":"Gave Gold","damage_taken":0,"max_hp_gain":0,"max_hp_loss":0,"event_name":"Beggar","floor":19,"gold_loss":75},{"damage_healed":0,"gold_gain":0,"player_choice":"Obtained Relic","damage_taken":0,"relics_obtained":["Boot"],"max_hp_gain":0,"max_hp_loss":0,"event_name":"Addict","floor":20,"gold_loss":85},{"damage_healed":0,"gold_gain":0,"player_choice":"Joined the Cult","damage_taken":6,"max_hp_gain":0,"max_hp_loss":0,"event_name":"Nest","floor":21,"gold_loss":0,"cards_obtained":["RitualDagger"]}],"is_beta":false,"boss_relics":[{"not_picked":["Busted Crown","Philosopher\u0027s Stone"],"picked":"Orrery"}],"items_purged_floors":[12],"is_endless":false,"potions_floor_spawned":[1,2,4,8,10,18,27,30],"killed_by":"Collector","ascension_level":14}