{"gold_per_floor":[115,115,115,135,151,189,18,37,105,105,149,214,214,229,229,355,355,373,373,19,38,38,78,97,97,97,137,157,13,13,29,29,158,158,183,32,32,32,45,0,0,14,38,57,82,82,97,118,118,118],"floor_reached":51,"playtime":2384,"items_purged":["Strike_R","Strike_R","Strike_R"],"score":825,"play_id":"a7ba2f51-6703-4cf0-9556-5ad94da5867f","local_time":"20180925161418","is_ascension_mode":true,"campfire_choices":[{"floor":10,"key":"REST"},{"data":"Armaments","floor":13,"key":"SMITH"},{"data":"Discovery","floor":15,"key":"SMITH"},{"data":"True Grit","floor":25,"key":"SMITH"},{"data":"Clothesline","floor":32,"key":"SMITH"},{"data":"Inflame","floor":41,"key":"SMITH"},{"data":"Inflame","floor":46,"key":"SMITH"},{"data":"Spot Weakness","floor":49,"key":"SMITH"}],"neow_cost":"","seed_source_timestamp":973120315457803,"circlet_count":0,"master_deck":["Strike_R","Strike_R","Defend_R","Defend_R","Defend_R","Defend_R","Bash+1","Thunderclap","Armaments+1","Dropkick","Inflame+1","Discovery+1","Inflame+1","Offering","True Grit+1","Spot Weakness+1","Shrug It Off+1","Heavy Blade","Clothesline+1","Heavy Blade","Barricade","Ghostly Armor+1","Shrug It Off+1","Inflame+1","Warcry+1","Fire Breathing+1","True Grit+1","Burning Pact+1"],"relics":["Burning Blood","Golden Idol","Ice Cream","Mummified Hand","PreservedInsect","Mark of Pain","MutagenicStrength","Gremlin Horn","Smiling Mask","Bottled Lightning","Kunai","Sozu","Bag of Marbles","Red Mask","Strawberry"],"potions_floor_usage":[4,23,24,24,33,33,33,50,50,50],"damage_taken":[{"damage":10,"enemies":"Jaw Worm","floor":1,"turns":6},{"damage":10,"enemies":"Cultist","floor":4,"turns":5},{"damage":10,"enemies":"Small Slimes","floor":5,"turns":5},{"damage":43,"enemies":"Lagavulin","floor":6,"turns":9},{"damage":7,"enemies":"3 Louse","floor":8,"turns":4},{"damage":19,"enemies":"3 Sentries","floor":11,"turns":10},{"damage":6,"enemies":"Blue Slaver","floor":14,"turns":3},{"damage":9,"enemies":"Hexaghost","floor":16,"turns":9},{"damage":10,"enemies":"Shell Parasite","floor":18,"turns":4},{"damage":21,"enemies":"2 Thieves","floor":21,"turns":3},{"damage":18,"enemies":"Gremlin Leader","floor":23,"turns":4},{"damage":37,"enemies":"Sentry and Sphere","floor":24,"turns":7},{"damage":21,"enemies":"Slavers","floor":27,"turns":3},{"damage":18,"enemies":"Centurion and Healer","floor":28,"turns":4},{"damage":6,"enemies":"Shelled Parasite and Fungi","floor":31,"turns":2},{"damage":31,"enemies":"Champ","floor":33,"turns":8},{"damage":8,"enemies":"Orb Walker","floor":35,"turns":3},{"damage":6,"enemies":"3 Darklings","floor":39,"turns":3},{"damage":6,"enemies":"Jaw Worm Horde","floor":42,"turns":3},{"damage":9,"enemies":"Sphere and 2 Shapes","floor":44,"turns":6},{"damage":6,"enemies":"4 Shapes","floor":45,"turns":1},{"damage":6,"enemies":"Transient","floor":47,"turns":5},{"damage":23,"enemies":"3 Darklings","floor":48,"turns":3},{"damage":44,"enemies":"Donu and Deca","floor":50,"turns":6}],"seed_played":"5309766045040831921","potions_obtained":[{"floor":4,"key":"Fruit Juice"},{"floor":11,"key":"BloodPotion"},{"floor":14,"key":"SpeedPotion"},{"floor":21,"key":"Poison Potion"},{"floor":23,"key":"BloodPotion"},{"floor":28,"key":"GamblersBrew"},{"floor":31,"key":"EntropicBrew"},{"floor":33,"key":"Block Potion"}],"is_trial":false,"path_per_floor":["M","?","?","M","M","E","$","M","T","R","E","?","R","M","R","B",null,"M","?","$","M","?","E","M","R","T","E","M","$","?","M","R","B",null,"M","$","?","$","M","?","R","M","T","M","M","R","M","M","R","B"],"character_chosen":"IRONCLAD","items_purchased":["Discovery","Gremlin Horn","Dexterity Potion","Heavy Blade","Bag of Marbles"],"campfire_rested":1,"item_purchase_floors":[7,20,29,29,36],"current_hp_per_floor":[76,76,56,57,53,16,16,15,15,40,27,27,27,27,27,24,85,81,81,81,66,85,73,50,50,50,35,43,43,43,43,43,18,85,83,83,83,83,85,85,85,85,92,89,89,89,89,72,72,34],"gold":118,"neow_bonus":"","is_prod":false,"is_daily":false,"chose_seed":false,"campfire_upgraded":7,"win_rate":0,"timestamp":1537884858,"path_taken":["M","?","?","?","M","E","$","?","T","R","E","?","R","M","R","BOSS","M","?","$","?","?","E","M","R","T","E","M","$","?","M","R","BOSS","M","$","?","?","M","?","R","?","T","M","M","R","M","M","R","BOSS"],"build_version":"2018-09-24","purchased_purges":3,"victory":true,"max_hp_per_floor":[80,80,80,85,85,85,85,85,85,85,85,85,85,85,85,85,85,85,85,85,85,85,85,85,85,85,85,85,85,85,85,85,85,85,85,85,85,85,85,85,85,85,92,92,92,92,92,92,92,92],"card_choices":[{"not_picked":["Twin Strike","Iron Wave"],"picked":"Thunderclap","floor":1},{"not_picked":["Fire Breathing","Thunderclap"],"picked":"Armaments","floor":4},{"not_picked":["Anger","True Grit"],"picked":"Dropkick","floor":5},{"not_picked":["Iron Wave","Pommel Strike"],"picked":"Inflame","floor":6},{"not_picked":["Warcry","Armaments","Sword Boomerang"],"picked":"SKIP","floor":8},{"not_picked":["Pommel Strike","Intimidate"],"picked":"Inflame","floor":11},{"not_picked":["Anger","Fire Breathing","Warcry"],"picked":"SKIP","floor":14},{"not_picked":["Bludgeon","Reaper"],"picked":"Offering","floor":16},{"not_picked":["Sword Boomerang+1","Warcry"],"picked":"True Grit","floor":18},{"not_picked":["Sword Boomerang+1","Sever Soul"],"picked":"Spot Weakness","floor":21},{"not_picked":["Carnage","Wild Strike"],"picked":"Shrug It Off+1","floor":23},{"not_picked":["Sword Boomerang","Iron Wave+1"],"picked":"Heavy Blade","floor":24},{"not_picked":["Flex","Thunderclap+1"],"picked":"Clothesline","floor":27},{"not_picked":["Clash","Berserk","Headbutt"],"picked":"SKIP","floor":28},{"not_picked":["Perfected Strike+1","Warcry","Bloodletting"],"picked":"SKIP","floor":31},{"not_picked":["Double Tap","Juggernaut"],"picked":"Barricade","floor":33},{"not_picked":["Havoc","Clash+1"],"picked":"Ghostly Armor+1","floor":35},{"not_picked":["Clothesline+1","Armaments"],"picked":"Inflame+1","floor":39},{"not_picked":["Perfected Strike+1","Cleave+1"],"picked":"Warcry+1","floor":42},{"not_picked":["Entrench","Rupture+1"],"picked":"Fire Breathing+1","floor":44},{"not_picked":["Flex","Power Through","Sword Boomerang"],"picked":"SKIP","floor":45},{"not_picked":["Flex+1","Armaments+1"],"picked":"True Grit+1","floor":47},{"not_picked":["Dark Embrace","Flex"],"picked":"Burning Pact+1","floor":48}],"player_experience":143307,"relics_obtained":[{"floor":6,"key":"Ice Cream"},{"floor":9,"key":"Mummified Hand"},{"floor":11,"key":"PreservedInsect"},{"floor":23,"key":"Smiling Mask"},{"floor":26,"key":"Bottled Lightning"},{"floor":27,"key":"Kunai"},{"floor":43,"key":"Strawberry"}],"event_choices":[{"event_name":"Accursed Blacksmith","player_choice":"Forge","floor":2,"damage_taken":0},{"event_name":"Golden Idol","player_choice":"Take Damage","floor":3,"damage_taken":0},{"event_name":"Golden Wing","player_choice":"Gained Gold","floor":12,"damage_taken":0},{"event_name":"Drug Dealer","player_choice":"Inject Mutagens","floor":19,"damage_taken":0},{"event_name":"Wheel of Change","player_choice":"Full Heal","floor":22,"damage_taken":0},{"event_name":"Duplicator","player_choice":"One dupe","floor":37,"damage_taken":0},{"event_name":"Tomb of Lord Red Mask","player_choice":"Paid","floor":40,"damage_taken":0}],"is_beta":true,"boss_relics":[{"not_picked":["Tiny House","Eternal Feather"],"picked":"Mark of Pain"},{"not_picked":["Black Star","Lizard Tail"],"picked":"Sozu"}],"items_purged_floors":[7,20,29],"is_endless":false,"potions_floor_spawned":[4,11,14,21,23,28,31,33,35,39,44],"ascension_level":3}