{"gold_per_floor":[117,137,137,62,62,72,72,105,105,105],"floor_reached":10,"playtime":344,"items_purged":["Strike_B"],"score":129,"play_id":"f4aad602-3109-4963-9d79-5d45f018b423","local_time":"20190319170617","is_ascension_mode":true,"campfire_choices":[{"data":"Zap","floor":7,"key":"SMITH"}],"neow_cost":"CURSE","seed_source_timestamp":116703945596778,"circlet_count":0,"master_deck":["AscendersBane","Strike_B","Strike_B","Defend_B","Defend_B","Defend_B","Defend_B","Zap+1","Dualcast","Consume","Sweeping Beam","Rainbow"],"relics":["Cracked Core","Sundial","Lantern"],"potions_floor_usage":[8],"damage_taken":[{"damage":5,"enemies":"2 Louse","floor":1,"turns":2},{"damage":14,"enemies":"Jaw Worm","floor":2,"turns":4},{"damage":1,"enemies":"Cultist","floor":6,"turns":3},{"damage":25,"enemies":"Lagavulin","floor":8,"turns":6},{"damage":44,"enemies":"3 Sentries","floor":10,"turns":8}],"seed_played":"-1867275821391693310","potions_obtained":[{"floor":2,"key":"Ancient Potion"},{"floor":6,"key":"Regen Potion"},{"floor":8,"key":"Poison Potion"}],"is_trial":false,"path_per_floor":["M","M","?","$","?","M","R","E","T","E"],"character_chosen":"DEFECT","items_purchased":[],"campfire_rested":0,"item_purchase_floors":[],"current_hp_per_floor":[73,59,59,59,52,51,51,41,41,0],"gold":105,"neow_bonus":"TWENTY_PERCENT_HP_BONUS","is_prod":false,"is_daily":false,"chose_seed":false,"campfire_upgraded":1,"win_rate":0,"timestamp":1553033177,"path_taken":["M","M","?","$","?","M","R","E","T","E"],"build_version":"2019-01-23","purchased_purges":1,"victory":false,"max_hp_per_floor":[85,85,85,85,85,85,85,85,85,85],"card_choices":[{"not_picked":["Heatsinks","Steam"],"picked":"Consume","floor":1},{"not_picked":["Steam","Turbo","Melter"],"picked":"SKIP","floor":2},{"not_picked":["Conserve Battery","Scrape"],"picked":"Sweeping Beam","floor":6},{"not_picked":["Rebound","Hologram"],"picked":"Rainbow","floor":8}],"player_experience":623456,"relics_obtained":[{"floor":8,"key":"Sundial"},{"floor":9,"key":"Lantern"}],"event_choices":[{"cards_removed":["Shame"],"damage_healed":0,"gold_gain":0,"player_choice":"Forget","damage_taken":0,"max_hp_gain":0,"max_hp_loss":0,"event_name":"Living Wall","floor":3,"gold_loss":0},{"cards_removed":["Strike_B"],"damage_healed":0,"gold_gain":0,"player_choice":"Card Removal","damage_taken":7,"max_hp_gain":0,"max_hp_loss":0,"event_name":"Golden Wing","floor":5,"gold_loss":0}],"is_beta":false,"boss_relics":[],"items_purged_floors":[4],"is_endless":false,"potions_floor_spawned":[2,6,8],"killed_by":"3 Sentries","ascension_level":19}