{"path_per_floor":["M","M","M","?","M","R","?","?","T","$","E","M","E","M","R","B",null,"M","?","$","M","M","R","M","R","T","R"],"character_chosen":"THE_SILENT","items_purchased":["Noxious Fumes"],"gold_per_floor":[117,133,148,148,161,161,161,161,186,77,102,113,148,159,159,254,254,267,167,67,84,98,98,117,117,117,117],"floor_reached":28,"campfire_rested":1,"playtime":1736,"current_hp_per_floor":[77,77,76,76,68,68,68,68,68,68,42,31,14,14,52,9,87,65,65,65,55,36,36,31,31,31,31],"items_purged":["Normality","Decay"],"gold":117,"play_id":"52e9b5de-973a-4619-b399-c7c8a7d59057","is_prod":false,"is_daily":false,"is_ascension_mode":false,"campfire_upgraded":4,"path_taken":["M","M","M","?","M","R","?","?","T","$","E","M","E","?","R","BOSS","M","?","$","M","M","R","M","R","T","R","E"],"build_version":"2018-01-25-PROD3","purchased_purges":3,"victory":false,"master_deck":["Defend_G","Defend_G","Defend_G","Defend_G","Defend_G","Strike_G","Strike_G","Strike_G","Strike_G","Strike_G","Survivor","Neutralize+1","Bouncing Flask+1","Terror+1","Blade Dance","Poisoned Stab","Noxious Fumes+1","Unload","PiercingWail","Bane","Heel Hook","Adrenaline","Regret","Regret","Dodge and Roll+1","J.A.X.","Bouncing Flask+1","Backstab+1","Catalyst+1"],"max_hp_per_floor":[77,77,77,77,77,77,77,77,77,77,77,77,77,77,77,77,87,87,87,87,87,87,87,87,87,87,87],"relics":["Ring of the Snake","Pen Nib","Bag of Marbles","Toxic Egg","Gremlin Horn","Regal Pillow","Calling Bell","Pear","Peace Pipe","Lantern","Torii"],"card_choices":[{"not_picked":["Well Laid Plans","Poisoned Stab"],"picked":"Bouncing Flask"},{"not_picked":["Poisoned Stab","Footwork"],"picked":"Terror"},{"not_picked":["Deflect","Distraction"],"picked":"Blade Dance"},{"not_picked":["Quick Slash","Sucker Punch"],"picked":"Poisoned Stab"},{"not_picked":["A Thousand Cuts","Poisoned Stab"],"picked":"Unload"},{"not_picked":["Heel Hook","Dagger Spray"],"picked":"PiercingWail"},{"not_picked":["Backflip","Dagger Spray"],"picked":"Bane"},{"not_picked":["Deadly Poison","Backstab"],"picked":"Heel Hook"},{"not_picked":["After Image","Corpse Explosion"],"picked":"Adrenaline"},{"not_picked":["Noxious Fumes","Poisoned Stab"],"picked":"Dodge and Roll"},{"not_picked":["Dagger Spray","Poisoned Stab"],"picked":"Bouncing Flask"},{"not_picked":["Bane","Deadly Poison"],"picked":"Backstab"},{"not_picked":["Slice","Footwork"],"picked":"Catalyst"}],"player_experience":52696,"potions_floor_usage":[13,16,28,28,28],"damage_taken":[{"damage":0,"enemies":"Small Slimes","floor":1,"turns":3},{"damage":0,"enemies":"2 Louse","floor":2,"turns":3},{"damage":1,"enemies":"Cultist","floor":3,"turns":4},{"damage":8,"enemies":"Looter","floor":5,"turns":4},{"damage":26,"enemies":"Gremlin Nob","floor":11,"turns":4},{"damage":11,"enemies":"Lots of Slimes","floor":12,"turns":3},{"damage":17,"enemies":"Lagavulin","floor":13,"turns":4},{"damage":0,"enemies":"Exordium Thugs","floor":14,"turns":3},{"damage":43,"enemies":"Slime Boss","floor":16,"turns":10},{"damage":22,"enemies":"3 Byrds","floor":18,"turns":4},{"damage":10,"enemies":"Chosen","floor":21,"turns":3},{"damage":19,"enemies":"Snake Plant","floor":22,"turns":4},{"damage":5,"enemies":"3 Cultists","floor":24,"turns":4},{"damage":35,"enemies":"Book of Stabbing","floor":28,"turns":3}],"event_choices":[{"event_name":"Big Fish","player_choice":"Box","floor":4,"damage_taken":0},{"event_name":"Purifier","player_choice":"One Purge","floor":7,"damage_taken":0},{"event_name":"Accursed Blacksmith","player_choice":"Rummage","floor":8,"damage_taken":0},{"event_name":"Drug Dealer","player_choice":"Got JAXXED","floor":19,"damage_taken":0}],"boss_relics":[{"not_picked":["Runic Pyramid","Philosopher\u0027s Stone"],"picked":"Calling Bell"}],"potions_floor_spawned":[1,5,13,14,18,22,24],"seed_played":"7611529856062791776","killed_by":"Book of Stabbing","ascension_level":0,"is_trial":false}