{"path_per_floor":["M","?","?","M","M","E","M","R","T","R","M","?","M","E","R","B",null,"M","?","M","M","$","E","?","M","T","M","R","M","?","$","R","B",null,"M","?","$","M","M","E","R","E","T","?","R","M","R","?","R","B"],"character_chosen":"DEFECT","items_purchased":["Oddly Smooth Stone","Juzu Bracelet","Secret Technique","Singing Bowl","Hyperbeam","Hologram","Happy Flower"],"gold_per_floor":[114,364,314,329,344,374,389,389,414,414,429,604,619,649,649,749,749,764,764,779,794,292,322,343,358,383,398,398,413,338,112,112,212,212,227,227,51,66,81,111,111,141,141,141,141,156,156,116,116,116],"floor_reached":51,"campfire_rested":4,"playtime":2558,"item_purchase_floors":[22,22,22,31,31,37,37],"current_hp_per_floor":[66,66,66,57,57,56,43,43,43,43,45,45,47,63,63,65,89,89,89,89,89,89,89,89,89,89,89,89,89,89,89,89,65,89,89,89,89,91,91,75,91,35,35,35,62,64,91,91,93,45],"items_purged":[],"gold":116,"score":1037,"play_id":"c1e6139d-f21d-4a0a-8a80-320d7f74a0e6","local_time":"20180603222850","daily_mods":["Insanity","Time Dilation","Lethality"],"is_prod":false,"is_daily":true,"chose_seed":false,"is_ascension_mode":false,"campfire_upgraded":5,"win_rate":0,"timestamp":1528079330,"campfire_choices":[{"data":"Reboot","floor":8,"key":"SMITH"},{"data":"Seek","floor":10,"key":"SMITH"},{"data":"Steam Power","floor":15,"key":"SMITH"},{"data":"Aggregate","floor":28,"key":"SMITH"},{"data":"Seek","floor":32,"key":"SMITH"},{"floor":41,"key":"REST"},{"floor":45,"key":"REST"},{"floor":47,"key":"REST"},{"floor":49,"key":"REST"}],"path_taken":["M","?","?","M","M","E","M","R","T","R","M","?","?","E","R","BOSS","M","?","M","M","$","E","?","M","T","M","R","M","?","$","R","BOSS","M","?","$","M","M","E","R","E","T","?","R","M","R","?","R","BOSS"],"build_version":"2018-05-30v2","seed_source_timestamp":127698415510379,"purchased_purges":0,"victory":true,"master_deck":["Electrodynamics","Storm","Beam Cell","Reprogram","Glacier","Steam Power","Creative AI","BootSequence","Buffer","Redo","Sweeping Beam","White Noise","Core Surge","Buffer","Lockon","Aggregate","Hyperbeam","Blizzard","Echo Form","Ball Lightning","Machine Learning","Hello World","Coolheaded","Reboot+1","Undo","Double Energy","Capacitor","Aggregate+1","Turbo","Steam Power","Tempest","Conserve Battery","Conserve Battery","Seek+1","Capacitor","Electrodynamics","Creative AI","Rebound","Fission","Defragment","BootSequence","Echo Form","Biased Cognition","Steam Power","Loop","Rip and Tear","Turbo","Turbo","Sweeping Beam","FTL","Echo Form","Doubt","Steam Power+1","Seek+1","Hologram","Melter+1","Secret Technique","Machine Learning","Steam Power","Coolheaded","Scrape+1","Hyperbeam","Reboot","Turbo+1","Hologram","Static Discharge+1","Coolheaded+1","Tempest","Double Energy+1"],"max_hp_per_floor":[75,75,75,75,75,75,75,75,75,75,75,75,75,89,89,89,89,89,89,89,89,89,89,89,89,89,89,89,89,89,89,89,89,89,89,89,89,91,91,91,91,93,93,93,93,93,93,93,93,93],"relics":["Cracked Core","Toolbox","Blood Vial","Mango","Sozu","Oddly Smooth Stone","Juzu Bracelet","Dodecahedron","Red Mask","DataDisk","Singing Bowl","Black Star","Happy Flower","Smiling Mask","Bottled Tornado","Blue Candle","Gremlin Horn","Art of War"],"card_choices":[{"not_picked":["Redo","BootSequence"],"picked":"Turbo","floor":1},{"not_picked":["Go for the Eyes","Streamline","Ball Lightning"],"picked":"SKIP","floor":4},{"not_picked":["Auto Shields","Undo"],"picked":"Sweeping Beam","floor":5},{"not_picked":["Stack","Conserve Battery"],"picked":"FTL","floor":6},{"not_picked":["Barrage","BootSequence"],"picked":"Echo Form","floor":7},{"not_picked":["Barrage","Beam Cell","Redo"],"picked":"SKIP","floor":11},{"not_picked":["FTL","Streamline"],"picked":"Steam Power","floor":13},{"not_picked":["Go for the Eyes","Capacitor","Undo"],"picked":"SKIP","floor":14},{"not_picked":["Creative AI","Machine Learning"],"picked":"Seek","floor":16},{"not_picked":["Leap","Steam","Redo"],"picked":"SKIP","floor":18},{"not_picked":["Undo+1","Streamline"],"picked":"Melter+1","floor":20},{"not_picked":["Sunder","Ball Lightning+1","Cold Snap+1"],"picked":"SKIP","floor":21},{"not_picked":["Storm+1","Steam"],"picked":"Machine Learning","floor":23},{"not_picked":["Beam Cell","Rebound+1"],"picked":"Steam Power","floor":24},{"not_picked":["Hologram+1","Hello World"],"picked":"Coolheaded","floor":25},{"not_picked":["Static Discharge","Stack","Gash"],"picked":"SKIP","floor":27},{"not_picked":["Go for the Eyes","Cold Snap"],"picked":"Scrape+1","floor":29},{"not_picked":["Multi-Cast","Electrodynamics"],"picked":"Reboot","floor":33},{"not_picked":["Recycle+1","Conserve Battery"],"picked":"Turbo+1","floor":35},{"not_picked":["Chill","Rip and Tear","Cold Snap"],"picked":"Singing Bowl","floor":38},{"not_picked":["Redo","Undo"],"picked":"Static Discharge+1","floor":39},{"not_picked":["Chaos","Defragment"],"picked":"Coolheaded+1","floor":40},{"not_picked":["Rebound","Coolheaded","Ball Lightning"],"picked":"Singing Bowl","floor":42},{"not_picked":["Genetic Algorithm","Sweeping Beam+1"],"picked":"Double Energy+1","floor":46}],"player_experience":282759,"potions_floor_usage":[14,16,23,33],"damage_taken":[{"damage":9,"enemies":"Small Slimes","floor":1,"turns":3},{"damage":9,"enemies":"Cultist","floor":4,"turns":3},{"damage":0,"enemies":"2 Louse","floor":5,"turns":1},{"damage":1,"enemies":"3 Sentries","floor":6,"turns":2},{"damage":13,"enemies":"Looter","floor":7,"turns":3},{"damage":0,"enemies":"Blue Slaver","floor":11,"turns":2},{"damage":0,"enemies":"Large Slime","floor":13,"turns":2},{"damage":0,"enemies":"Lagavulin","floor":14,"turns":1},{"damage":0,"enemies":"Slime Boss","floor":16,"turns":6},{"damage":0,"enemies":"Spheric Guardian","floor":18,"turns":2},{"damage":0,"enemies":"Shell Parasite","floor":20,"turns":2},{"damage":0,"enemies":"Cultist and Chosen","floor":21,"turns":1},{"damage":0,"enemies":"Gremlin Leader","floor":23,"turns":2},{"damage":0,"enemies":"Masked Bandits","floor":24,"turns":2},{"damage":0,"enemies":"Centurion and Healer","floor":25,"turns":3},{"damage":0,"enemies":"Sentry and Sphere","floor":27,"turns":3},{"damage":0,"enemies":"Snecko","floor":29,"turns":2},{"damage":31,"enemies":"Collector","floor":33,"turns":5},{"damage":0,"enemies":"Flame Bruiser 1 Orb","floor":35,"turns":2},{"damage":0,"enemies":"3 Shapes","floor":38,"turns":2},{"damage":0,"enemies":"3 Darklings","floor":39,"turns":1},{"damage":16,"enemies":"Giant Head","floor":40,"turns":5},{"damage":58,"enemies":"Nemesis","floor":42,"turns":5},{"damage":0,"enemies":"Flame Bruiser 2 Orb","floor":46,"turns":2},{"damage":48,"enemies":"Awakened One","floor":50,"turns":6}],"relics_obtained":[{"floor":6,"key":"Toolbox"},{"floor":9,"key":"Blood Vial"},{"floor":14,"key":"Mango"},{"floor":23,"key":"Dodecahedron"},{"floor":24,"key":"Red Mask"},{"floor":26,"key":"DataDisk"},{"floor":40,"key":"Smiling Mask"},{"floor":40,"key":"Bottled Tornado"},{"floor":42,"key":"Blue Candle"},{"floor":42,"key":"Gremlin Horn"},{"floor":43,"key":"Art of War"}],"event_choices":[{"event_name":"Golden Shrine","player_choice":"Desecrate","floor":2,"damage_taken":0},{"event_name":"The Cleric","player_choice":"Card Removal","floor":3,"damage_taken":0},{"event_name":"Liars Game","player_choice":"agreed","floor":12,"damage_taken":0},{"event_name":"The Library","player_choice":"Read","floor":19,"damage_taken":0},{"event_name":"Masked Bandits","player_choice":"Fought over 322 gold","floor":24,"damage_taken":0},{"event_name":"Beggar","player_choice":"Gave Gold","floor":30,"damage_taken":0},{"event_name":"Transmorgrifier","player_choice":"Transform","floor":44,"damage_taken":0},{"event_name":"The Woman in Blue","player_choice":"Bought 3 Potions","floor":48,"damage_taken":0}],"boss_relics":[{"not_picked":["Pandora\u0027s Box","Cursed Key"],"picked":"Sozu"},{"not_picked":["Runic Dome","Philosopher\u0027s Stone"],"picked":"Black Star"}],"items_purged_floors":[],"potions_floor_spawned":[4,5,11,16,20,21,24,29,39,46],"seed_played":"-8821381142935448114","ascension_level":0,"potions_obtained":[{"floor":4,"key":"SpeedPotion"},{"floor":5,"key":"Energy Potion"},{"floor":11,"key":"Swift Potion"},{"floor":16,"key":"Regen Potion"}],"is_trial":false}