{"path_per_floor":["M","?","M","M","T","R","E","?","T","R","M","$","M","M","R"],"character_chosen":"IRONCLAD","items_purchased":["Art of War","Offering","Armaments"],"gold_per_floor":[115,115,133,145,192,192,226,401,477,477,494,78,88,102,102,102],"floor_reached":16,"campfire_rested":1,"playtime":712,"current_hp_per_floor":[72,65,64,66,66,66,41,41,41,41,27,27,29,30,51,0],"items_purged":["Doubt"],"gold":102,"score":107,"play_id":"71e819b3-9216-44f5-83f6-e6cd4fb4e267","local_time":"20180330152237","is_prod":false,"is_daily":false,"is_ascension_mode":true,"campfire_upgraded":2,"timestamp":1522416157,"path_taken":["M","?","M","?","?","R","E","?","T","R","M","$","M","M","R","BOSS"],"build_version":"2018-03-29v2","purchased_purges":1,"victory":false,"master_deck":["Strike_R","Strike_R","Strike_R","Strike_R","Defend_R","Defend_R","Defend_R","Defend_R","Bash","Juggernaut+1","Iron Wave","Pommel Strike","Warcry+1","Whirlwind","Bloodletting","Offering","Armaments","Infernal Blade","Immolate"],"max_hp_per_floor":[72,72,72,72,72,72,72,72,72,72,72,72,72,72,72,72],"relics":["Burning Blood","Vajra","Bag of Preparation","Question Card","Art of War"],"card_choices":[{"not_picked":["Dark Embrace","Brutality"],"picked":"Juggernaut","floor":0},{"not_picked":["Havoc","Wild Strike"],"picked":"Iron Wave","floor":1},{"not_picked":["Reckless Charge","Dark Embrace"],"picked":"Pommel Strike","floor":3},{"not_picked":["Clothesline","Wild Strike"],"picked":"Warcry","floor":4},{"not_picked":["Anger","Clothesline"],"picked":"Whirlwind","floor":7},{"not_picked":["Cleave","Uppercut","Havoc"],"picked":"Bloodletting","floor":11},{"not_picked":["Anger","Second Wind","Reckless Charge"],"picked":"Infernal Blade","floor":13},{"not_picked":["Thunderclap","Flex","Twin Strike"],"picked":"Immolate","floor":14}],"player_experience":153440,"potions_floor_usage":[11,16],"damage_taken":[{"damage":0,"enemies":"2 Louse","floor":1,"turns":3},{"damage":7,"enemies":"Small Slimes","floor":3,"turns":5},{"damage":4,"enemies":"Cultist","floor":4,"turns":4},{"damage":31,"enemies":"3 Sentries","floor":7,"turns":9},{"damage":20,"enemies":"Exordium Thugs","floor":11,"turns":5},{"damage":4,"enemies":"2 Fungi Beasts","floor":13,"turns":2},{"damage":5,"enemies":"Exordium Wildlife","floor":14,"turns":4},{"damage":51,"enemies":"The Guardian","floor":16,"turns":11}],"event_choices":[{"event_name":"Golden Wing","player_choice":"Card Removal","floor":2,"damage_taken":0},{"event_name":"Liars Game","player_choice":"agreed","floor":8,"damage_taken":0}],"boss_relics":[],"potions_floor_spawned":[3,4,7],"seed_played":"-5077051305550331326","killed_by":"The Guardian","ascension_level":1,"is_trial":false}