{"gold_per_floor":[116,116,128,128,403,428,428,446,446,77,89,89,123,133,133,233,233,243,243,258,5,5,34,46,46,46,46,46,64,13,59,59,59],"floor_reached":33,"playtime":1167,"items_purged":["Pain","Defend_R"],"score":298,"play_id":"a2ff4447-f5c7-42c9-a444-edd671b1ccad","local_time":"20190326030243","is_ascension_mode":false,"campfire_choices":[{"data":"Body Slam","floor":7,"key":"SMITH"},{"data":"Shrug It Off","floor":12,"key":"SMITH"},{"data":"Bash","floor":15,"key":"SMITH"},{"data":"Iron Wave","floor":25,"key":"SMITH"},{"floor":28,"key":"RECALL"},{"data":"Defend_R","floor":32,"key":"SMITH"}],"neow_cost":"NONE","seed_source_timestamp":0,"circlet_count":0,"master_deck":["Strike_R","Strike_R","Strike_R","Defend_R+1","Defend_R","Defend_R+1","Bash+1","Body Slam+1","Shrug It Off+1","Double Tap+1","Iron Wave+1","Ghostly Armor+1"],"special_seed":0,"relics":["Burning Blood","NeowsBlessing","WarpedTongs","Self Forming Clay","Matryoshka","Mercury Hourglass","Toxic Egg 2","Empty Cage","Potion Belt","Incense Burner","Bronze Scales","Dream Catcher","Art of War","Bottled Flame"],"potions_floor_usage":[16,18,23,23,23,24,33,33],"damage_taken":[{"damage":0,"enemies":"Jaw Worm","floor":1,"turns":1},{"damage":0,"enemies":"Cultist","floor":3,"turns":1},{"damage":0,"enemies":"Lagavulin","floor":6,"turns":1},{"damage":3,"enemies":"2 Louse","floor":8,"turns":3},{"damage":5,"enemies":"Exordium Thugs","floor":11,"turns":5},{"damage":14,"enemies":"Gremlin Nob","floor":13,"turns":3},{"damage":4,"enemies":"Looter","floor":14,"turns":3},{"damage":34,"enemies":"Hexaghost","floor":16,"turns":8},{"damage":1,"enemies":"Spheric Guardian","floor":18,"turns":4},{"damage":2,"enemies":"Chosen","floor":20,"turns":5},{"damage":15,"enemies":"Book of Stabbing","floor":23,"turns":5},{"damage":9,"enemies":"Snake Plant","floor":24,"turns":4},{"damage":4,"enemies":"Centurion and Healer","floor":29,"turns":5},{"damage":80,"enemies":"Collector","floor":33,"turns":11}],"seed_played":"2361790376150672385","potions_obtained":[{"floor":1,"key":"Explosive Potion"},{"floor":13,"key":"Fire Potion"},{"floor":14,"key":"PowerPotion"},{"floor":16,"key":"EssenceOfSteel"},{"floor":20,"key":"Fire Potion"},{"floor":23,"key":"FearPotion"},{"floor":29,"key":"Ancient Potion"}],"is_trial":false,"path_per_floor":["M","?","M","?","?","E","R","M","T","$","M","R","E","M","R","B",null,"M","?","M","$","?","E","M","R","T","T","R","M","$","T","R","B"],"character_chosen":"IRONCLAD","items_purchased":["Shrug It Off","Mercury Hourglass","Potion Belt","PowerPotion"],"campfire_rested":0,"item_purchase_floors":[10,10,21,30],"current_hp_per_floor":[80,80,80,80,80,80,80,80,80,80,80,80,72,74,74,46,80,80,80,80,80,80,71,68,68,68,68,68,70,70,70,70,0],"gold":59,"neow_bonus":"THREE_ENEMY_KILL","is_prod":false,"is_daily":false,"chose_seed":false,"campfire_upgraded":5,"win_rate":0,"timestamp":1553583763,"path_taken":["M","?","?","?","?","E","R","M","T","$","?","R","E","M","R","BOSS","M","?","?","$","?","E","?","R","T","?","R","M","$","?","R","BOSS"],"build_version":"2019-01-23","purchased_purges":2,"victory":false,"max_hp_per_floor":[80,80,80,80,80,80,80,80,80,80,80,80,80,80,80,80,80,80,80,80,80,80,80,80,80,80,80,80,80,80,80,80,80],"card_choices":[{"not_picked":["Clash","Hemokinesis","Cleave"],"picked":"SKIP","floor":1},{"not_picked":["Twin Strike","Clothesline"],"picked":"Body Slam","floor":3},{"not_picked":["Armaments","Corruption","Clash"],"picked":"SKIP","floor":6},{"not_picked":["Pommel Strike","Whirlwind","Metallicize"],"picked":"SKIP","floor":8},{"not_picked":["Twin Strike","Evolve","Iron Wave"],"picked":"SKIP","floor":11},{"not_picked":["Iron Wave","Reckless Charge","Burning Pact"],"picked":"SKIP","floor":13},{"not_picked":["Sword Boomerang","Flex+1","Seeing Red+1"],"picked":"SKIP","floor":14},{"not_picked":["Juggernaut","Demon Form"],"picked":"Double Tap+1","floor":16},{"not_picked":["Disarm+1","Second Wind+1","Armaments+1"],"picked":"SKIP","floor":18},{"not_picked":["Havoc+1","True Grit+1","Pommel Strike"],"picked":"SKIP","floor":20},{"not_picked":["Thunderclap","Fiend Fire","Shockwave+1"],"picked":"SKIP","floor":23},{"not_picked":["Carnage","Spot Weakness+1","Pommel Strike+1"],"picked":"SKIP","floor":24},{"not_picked":["Intimidate+1","Metallicize"],"picked":"Ghostly Armor+1","floor":29}],"player_experience":751171,"relics_obtained":[{"floor":6,"key":"Self Forming Clay"},{"floor":9,"key":"Matryoshka"},{"floor":13,"key":"Toxic Egg 2"},{"floor":23,"key":"Incense Burner"},{"floor":26,"key":"Bronze Scales"},{"floor":26,"key":"Dream Catcher"},{"floor":27,"key":"Art of War"},{"floor":27,"key":"Bottled Flame"}],"event_choices":[{"damage_healed":0,"gold_gain":0,"player_choice":"Rummage","damage_taken":0,"relics_obtained":["WarpedTongs"],"max_hp_gain":0,"max_hp_loss":0,"event_name":"Accursed Blacksmith","floor":2,"gold_loss":0,"cards_obtained":["Pain"]},{"damage_healed":0,"gold_gain":0,"player_choice":"Ignored","damage_taken":0,"max_hp_gain":0,"max_hp_loss":0,"event_name":"Golden Idol","floor":4,"gold_loss":0},{"damage_healed":0,"gold_gain":275,"player_choice":"Desecrate","damage_taken":0,"max_hp_gain":0,"max_hp_loss":0,"event_name":"Golden Shrine","floor":5,"gold_loss":0,"cards_obtained":["Regret"]},{"damage_healed":0,"gold_gain":0,"player_choice":"Upgraded","damage_taken":0,"max_hp_gain":0,"max_hp_loss":0,"event_name":"Upgrade Shrine","floor":19,"gold_loss":0,"cards_upgraded":["Defend_R"]},{"cards_removed":["Strike_R"],"damage_healed":0,"gold_gain":0,"player_choice":"Took Card","damage_taken":0,"max_hp_gain":0,"max_hp_loss":0,"event_name":"NoteForYourself","floor":22,"gold_loss":0,"cards_obtained":["Iron Wave"]}],"is_beta":false,"boss_relics":[{"not_picked":["Fusion Hammer","Eternal Feather"],"picked":"Empty Cage"}],"items_purged_floors":[10,21],"is_endless":false,"potions_floor_spawned":[1,13,14,16,20,23,29],"killed_by":"Collector","ascension_level":0}