{"gold_per_floor":[110,110,126,12,65,65,94,94,94,94,119,38,55,69,69,171,171,184,202,202,202,212,212,212],"floor_reached":24,"playtime":939,"items_purged":[],"score":204,"play_id":"0a30c3fa-cc16-477c-bf82-deb68822a79f","local_time":"20180722235509","is_ascension_mode":false,"campfire_choices":[{"data":"Static Discharge","floor":6,"key":"SMITH"},{"data":"Streamline","floor":8,"key":"SMITH"},{"floor":10,"key":"REST"},{"floor":15,"key":"REST"},{"floor":23,"key":"REST"}],"neow_cost":"NONE","seed_source_timestamp":1035211257639676,"circlet_count":0,"master_deck":["Strike_B","Strike_B","Strike_B+1","Strike_B+1","Defend_B","Defend_B","Defend_B","Defend_B","Zap","Dualcast","Defragment+1","Conserve Battery","Streamline+1","Static Discharge+1","FTL","Conserve Battery","Biased Cognition","Hello World","Streamline","Melter","Thunder Strike","Turbo","Ball Lightning","Creative AI"],"relics":["Cracked Core","Whetstone","Gremlin Horn","Peace Pipe","Black Star"],"potions_floor_usage":[11,16,16,19],"damage_taken":[{"damage":8,"enemies":"Jaw Worm","floor":1,"turns":4},{"damage":0,"enemies":"Cultist","floor":3,"turns":3},{"damage":19,"enemies":"Lagavulin","floor":7,"turns":5},{"damage":16,"enemies":"3 Sentries","floor":11,"turns":6},{"damage":5,"enemies":"Small Slimes","floor":13,"turns":3},{"damage":16,"enemies":"Gremlin Gang","floor":14,"turns":4},{"damage":4,"enemies":"The Guardian","floor":16,"turns":9},{"damage":47,"enemies":"3 Byrds","floor":18,"turns":4},{"damage":13,"enemies":"Chosen","floor":19,"turns":6},{"damage":15,"enemies":"Snake Plant","floor":22,"turns":3},{"damage":64,"enemies":"Cultist and Chosen","floor":24,"turns":4}],"seed_played":"5838043685091380482","potions_obtained":[{"floor":1,"key":"EssenceOfSteel"},{"floor":7,"key":"SmokeBomb"},{"floor":13,"key":"Block Potion"},{"floor":14,"key":"Block Potion"},{"floor":18,"key":"Weak Potion"}],"is_trial":false,"path_per_floor":["M","?","M","$","?","R","E","R","T","R","E","$","M","M","R","B",null,"M","M","?","?","M","R"],"character_chosen":"DEFECT","items_purchased":["Static Discharge","FTL","Hello World"],"campfire_rested":3,"item_purchase_floors":[4,4,12],"current_hp_per_floor":[67,67,67,67,67,67,48,48,48,70,54,54,49,33,55,51,75,28,15,15,40,25,47,0],"gold":212,"neow_bonus":"THREE_CARDS","is_prod":false,"is_daily":false,"chose_seed":false,"campfire_upgraded":2,"win_rate":0,"timestamp":1532296509,"path_taken":["M","?","M","$","?","R","E","R","T","R","E","$","M","M","R","BOSS","M","M","?","?","M","R","M"],"build_version":"2018-07-19v2","purchased_purges":0,"victory":false,"max_hp_per_floor":[75,75,75,75,75,75,75,75,75,75,75,75,75,75,75,75,75,75,75,75,75,75,75,75],"card_choices":[{"not_picked":["Undo","Doom and Gloom"],"picked":"Defragment","floor":0},{"not_picked":["Glacier","Sweeping Beam"],"picked":"Conserve Battery","floor":1},{"not_picked":["Cold Snap","Redo"],"picked":"Streamline","floor":3},{"not_picked":["Hologram","Rebound"],"picked":"Conserve Battery","floor":7},{"not_picked":["Sweeping Beam","Aggregate"],"picked":"Biased Cognition","floor":11},{"not_picked":["Coolheaded","Compile Driver"],"picked":"Streamline","floor":13},{"not_picked":["Coolheaded","Streamline"],"picked":"Melter","floor":14},{"not_picked":["Buffer","Fission"],"picked":"Thunder Strike","floor":16},{"not_picked":["Beam Cell","Hologram"],"picked":"Turbo","floor":18},{"not_picked":["Coolheaded","Stack"],"picked":"Ball Lightning","floor":19},{"not_picked":["Cold Snap","Steam"],"picked":"Creative AI","floor":22}],"player_experience":81916,"relics_obtained":[{"floor":7,"key":"Whetstone"},{"floor":9,"key":"Gremlin Horn"},{"floor":11,"key":"Peace Pipe"}],"event_choices":[{"event_name":"Upgrade Shrine","player_choice":"Upgraded","floor":2,"damage_taken":0},{"event_name":"Golden Wing","player_choice":"Gained Gold","floor":5,"damage_taken":0},{"event_name":"Vampires","player_choice":"Ignored","floor":20,"damage_taken":0},{"event_name":"The Library","player_choice":"Heal","floor":21,"damage_taken":0}],"is_beta":false,"boss_relics":[{"not_picked":["Philosopher\u0027s Stone","Snecko Eye"],"picked":"Black Star"}],"items_purged_floors":[],"is_endless":false,"potions_floor_spawned":[1,7,13,14,18],"killed_by":"Cultist and Chosen","ascension_level":0}