{"path_per_floor":["M","?","M","M","?","R","E","M","T","$","R","M","R","M","R","B",null,"M","M","?","?","M","R","E","R","T","M","?","$","M","M","R"],"character_chosen":"IRONCLAD","items_purchased":["Seeing Red","True Grit","Carnage","Cleave","Regen Potion"],"gold_per_floor":[112,112,124,138,138,138,167,181,235,12,12,30,30,47,47,149,149,168,180,80,80,98,98,132,132,132,152,152,26,41,61,61],"floor_reached":33,"campfire_rested":3,"playtime":3549,"current_hp_per_floor":[79,63,68,71,71,71,65,61,61,61,61,67,67,70,70,38,80,75,55,55,55,25,49,10,34,34,11,11,11,16,11,35],"items_purged":["Strike_R"],"gold":61,"score":269,"play_id":"5317d6c2-318d-431a-85ee-3c26b120eeff","local_time":"20180322141000","is_prod":false,"is_daily":false,"is_ascension_mode":false,"campfire_upgraded":4,"timestamp":1521724200,"path_taken":["M","?","?","M","?","R","E","M","T","$","R","?","R","M","R","BOSS","M","M","?","?","M","R","E","R","T","M","?","$","M","?","R","BOSS"],"build_version":"2018-03-15v3","purchased_purges":1,"victory":false,"master_deck":["Strike_R+1","Strike_R+1","Strike_R","Strike_R+1","Defend_R","Defend_R","Defend_R","Defend_R","Bash+1","Flame Barrier+1","Metallicize","Iron Wave+1","Pommel Strike+1","Second Wind+1","Seeing Red+1","True Grit+1","Carnage","Cleave","Perfected Strike","Uppercut","Double Tap+1","Uppercut","Sever Soul","Clothesline","Inflame","Iron Wave","Ghostly Armor+1","Armaments+1","Rampage","Anger","Dropkick+1","Shrug It Off+1","Ghostly Armor+1"],"max_hp_per_floor":[80,80,80,80,80,80,80,80,80,80,80,80,80,80,80,80,80,80,80,80,80,80,80,80,80,80,80,80,80,80,80,80],"relics":["Burning Blood","Toxic Egg 2","Anchor","Orrery","Bronze Scales","Ornamental Fan","Unceasing Top","Calipers"],"card_choices":[{"not_picked":["Sword Boomerang","Anger"],"picked":"Flame Barrier"},{"not_picked":["Corruption","Sword Boomerang"],"picked":"Metallicize"},{"not_picked":["Flex","Brutality"],"picked":"Iron Wave"},{"not_picked":["Clothesline","Searing Blow"],"picked":"Pommel Strike"},{"not_picked":["Cleave","Entrench"],"picked":"Second Wind"},{"not_picked":["Uppercut","Hemokinesis"],"picked":"Perfected Strike"},{"not_picked":["Rupture","Cleave"],"picked":"Uppercut"},{"not_picked":["Reaper","Feed"],"picked":"Double Tap"},{"not_picked":["Warcry","Clash"],"picked":"Uppercut"},{"not_picked":["Anger","Sword Boomerang"],"picked":"Sever Soul"},{"not_picked":["Flex","Perfected Strike"],"picked":"Clothesline"},{"not_picked":["Clothesline","Searing Blow"],"picked":"Inflame"},{"not_picked":["Flex","Blood for Blood"],"picked":"Iron Wave"},{"not_picked":["Offering","Armaments"],"picked":"Ghostly Armor"},{"not_picked":["Twin Strike","Perfected Strike"],"picked":"Armaments"},{"not_picked":["Bloodletting","Body Slam"],"picked":"Rampage"},{"not_picked":["Clothesline","Perfected Strike"],"picked":"Anger"},{"not_picked":["Sword Boomerang","Offering"],"picked":"Dropkick"},{"not_picked":["Rupture","Sword Boomerang"],"picked":"Shrug It Off"},{"not_picked":["Body Slam","Battle Trance"],"picked":"Ghostly Armor"}],"player_experience":0,"potions_floor_usage":[12,16,16,16,24,30,30],"damage_taken":[{"damage":7,"enemies":"2 Louse","floor":1,"turns":3},{"damage":1,"enemies":"Cultist","floor":3,"turns":3},{"damage":3,"enemies":"Jaw Worm","floor":4,"turns":5},{"damage":12,"enemies":"3 Sentries","floor":7,"turns":12},{"damage":10,"enemies":"Looter","floor":8,"turns":3},{"damage":0,"enemies":"Blue Slaver","floor":12,"turns":4},{"damage":3,"enemies":"Gremlin Gang","floor":14,"turns":5},{"damage":53,"enemies":"The Guardian","floor":16,"turns":10},{"damage":11,"enemies":"3 Byrds","floor":18,"turns":4},{"damage":26,"enemies":"Shell Parasite","floor":19,"turns":5},{"damage":36,"enemies":"Cultist and Chosen","floor":22,"turns":6},{"damage":45,"enemies":"Slavers","floor":24,"turns":6},{"damage":29,"enemies":"Slaver and Parasite","floor":27,"turns":7},{"damage":16,"enemies":"Centurion and Healer","floor":30,"turns":6},{"damage":11,"enemies":"Snecko","floor":31,"turns":4},{"damage":45,"enemies":"Champ","floor":33,"turns":14}],"event_choices":[{"event_name":"Shining Light","player_choice":"Entered Light","floor":2,"damage_taken":0},{"event_name":"Living Wall","player_choice":"Grow","floor":5,"damage_taken":0},{"event_name":"Drug Dealer","player_choice":"Got JAXXED","floor":20,"damage_taken":0},{"event_name":"The Mausoleum","player_choice":"Yes","floor":21,"damage_taken":0},{"event_name":"Addict","player_choice":"Gave JAX","floor":28,"damage_taken":0}],"boss_relics":[{"not_picked":["Black Blood","Lizard Tail"],"picked":"Orrery"}],"potions_floor_spawned":[3,7,8,12,19,27,31],"seed_played":"1984064501329168101","killed_by":"Champ","ascension_level":0,"is_trial":false}