{"gold_per_floor":[116,24,43,318,336,336,70,81,81,95,53,53,72,72,72,176,176,187,187,206,216,20,20,0,25,25,25,25,25],"floor_reached":29,"playtime":814,"items_purged":["Regret"],"score":233,"play_id":"5948d677-53f0-4ecc-a079-36390cfaf64a","local_time":"20190124131240","is_ascension_mode":false,"campfire_choices":[{"data":"White Noise","floor":6,"key":"SMITH"},{"data":"Defragment","floor":12,"key":"SMITH"},{"floor":15,"key":"REST"},{"data":"Creative AI","floor":23,"key":"SMITH"},{"floor":28,"key":"REST"}],"neow_cost":"NONE","seed_source_timestamp":40255843374748,"circlet_count":0,"master_deck":["Strike_B","Strike_B","Strike_B+1","Strike_B+1","Defend_B","Defend_B","Defend_B","Defend_B","Zap+1","Dualcast+1","Reinforced Body","Jack Of All Trades","White Noise+1","Defragment+1","Defragment","Defragment+1","Creative AI+1","All For One+1","BootSequence+1","Scrape+1"],"relics":["Cracked Core","Whetstone","Molten Egg 2","Sozu","Chemical X","Blue Candle","Ancient Tea Set"],"potions_floor_usage":[3,16,16],"damage_taken":[{"damage":1,"enemies":"Cultist","floor":1,"turns":3},{"damage":11,"enemies":"Jaw Worm","floor":3,"turns":4},{"damage":0,"enemies":"Small Slimes","floor":5,"turns":3},{"damage":5,"enemies":"Looter","floor":8,"turns":3},{"damage":20,"enemies":"Large Slime","floor":10,"turns":3},{"damage":16,"enemies":"3 Louse","floor":13,"turns":4},{"damage":27,"enemies":"Hexaghost","floor":16,"turns":9},{"damage":22,"enemies":"Spheric Guardian","floor":18,"turns":4},{"damage":6,"enemies":"Shell Parasite","floor":20,"turns":6},{"damage":28,"enemies":"Shelled Parasite and Fungi","floor":21,"turns":4},{"damage":22,"enemies":"Book of Stabbing","floor":25,"turns":6},{"damage":49,"enemies":"Slavers","floor":29,"turns":3}],"seed_played":"-2574310449758766044","potions_obtained":[{"floor":1,"key":"Fruit Juice"},{"floor":10,"key":"Weak Potion"},{"floor":13,"key":"FearPotion"}],"is_trial":false,"path_per_floor":["M","$","M","?","M","R","$","M","T","M","?","R","M","?","R","B",null,"M","?","M","M","$","R","?","E","T","$","R","E"],"character_chosen":"DEFECT","items_purchased":["Jack Of All Trades","Defragment","Whetstone","Chemical X"],"campfire_rested":2,"item_purchase_floors":[2,7,7,22],"current_hp_per_floor":[74,74,68,68,68,68,68,63,63,43,43,43,27,11,35,8,80,58,80,74,46,46,46,46,24,24,24,48,0],"gold":25,"neow_bonus":"UPGRADE_CARD","is_prod":false,"is_daily":false,"chose_seed":false,"campfire_upgraded":3,"win_rate":0,"timestamp":1548353560,"path_taken":["M","?","M","?","M","R","$","M","T","?","?","R","M","?","R","BOSS","M","?","M","M","$","R","?","E","T","$","R","E"],"build_version":"2019-01-23","purchased_purges":1,"victory":false,"max_hp_per_floor":[75,75,80,80,80,80,80,80,80,80,80,80,80,80,80,80,80,80,80,80,80,80,80,80,80,80,80,80,80],"card_choices":[{"not_picked":["BootSequence","Hologram"],"picked":"Reinforced Body","floor":1},{"not_picked":["Compile Driver","Storm"],"picked":"White Noise","floor":3},{"not_picked":["Storm","Conserve Battery"],"picked":"Defragment","floor":5},{"not_picked":["Reprogram","Ball Lightning"],"picked":"Defragment","floor":8},{"not_picked":["Hologram","Beam Cell+1","Melter+1"],"picked":"SKIP","floor":10},{"not_picked":["Ball Lightning+1","Hologram"],"picked":"Creative AI","floor":13},{"not_picked":["Hyperbeam+1","Biased Cognition"],"picked":"All For One+1","floor":16},{"not_picked":["Cold Snap+1","Conserve Battery"],"picked":"BootSequence+1","floor":18},{"not_picked":["Steam+1","Conserve Battery"],"picked":"Scrape+1","floor":20},{"not_picked":["Scrape+1","Skim","Loop+1"],"picked":"SKIP","floor":21},{"not_picked":["Chaos","Lockon+1","Conserve Battery"],"picked":"SKIP","floor":25}],"player_experience":580320,"relics_obtained":[{"floor":9,"key":"Molten Egg 2"},{"floor":25,"key":"Blue Candle"},{"floor":26,"key":"Ancient Tea Set"}],"event_choices":[{"damage_healed":0,"gold_gain":275,"player_choice":"Desecrate","damage_taken":0,"max_hp_gain":0,"max_hp_loss":0,"event_name":"Golden Shrine","floor":4,"gold_loss":0,"cards_obtained":["Regret"]},{"damage_healed":0,"gold_gain":0,"player_choice":"Left Gold","damage_taken":0,"max_hp_gain":0,"max_hp_loss":0,"event_name":"World of Goop","floor":11,"gold_loss":42},{"damage_healed":0,"gold_gain":0,"player_choice":"Entered Light","damage_taken":16,"max_hp_gain":0,"max_hp_loss":0,"event_name":"Shining Light","floor":14,"gold_loss":0,"cards_upgraded":["Defragment","Dualcast"]},{"damage_healed":26,"gold_gain":0,"player_choice":"Heal","damage_taken":0,"max_hp_gain":0,"max_hp_loss":0,"event_name":"The Library","floor":19,"gold_loss":0},{"damage_healed":0,"gold_gain":0,"player_choice":"Paid Fearfully","damage_taken":0,"max_hp_gain":0,"max_hp_loss":0,"event_name":"Masked Bandits","floor":24,"gold_loss":20}],"is_beta":false,"boss_relics":[{"not_picked":["Black Star","Cursed Key"],"picked":"Sozu"}],"items_purged_floors":[7],"is_endless":false,"potions_floor_spawned":[1,10,13,20],"killed_by":"Slavers","ascension_level":0}