{"path_per_floor":["M","M","M","M","$","R","E","R","T","R","?","M","M","?","R","B",null,"M","M","$","?","?","R","E","M","T","$","E","M","T","M","R"],"character_chosen":"THE_SILENT","items_purchased":["Deadly Poison","Calipers","Block Potion","Backflip"],"gold_per_floor":[364,380,390,408,17,17,50,50,77,77,77,96,107,107,107,181,181,191,210,83,83,83,83,117,129,156,56,83,100,100,114,114,114],"floor_reached":33,"campfire_rested":0,"playtime":1772,"current_hp_per_floor":[63,63,63,57,57,57,31,31,31,31,52,52,50,43,43,29,62,59,44,44,44,67,67,48,46,46,46,38,40,40,43,43,0],"items_purged":["Regret","Decay"],"gold":114,"score":474,"play_id":"99e1b316-610c-4fc4-9624-f3a0bd0d20bc","local_time":"20180420123533","is_prod":false,"is_daily":false,"chose_seed":false,"is_ascension_mode":true,"campfire_upgraded":5,"timestamp":1524220533,"path_taken":["M","M","M","M","$","R","E","R","T","R","?","?","M","?","R","BOSS","M","M","$","?","?","R","E","M","T","$","E","M","?","?","R","BOSS"],"build_version":"2018-04-19","seed_source_timestamp":44611418745209,"purchased_purges":2,"victory":false,"master_deck":["Defend_G","Defend_G","Defend_G","Defend_G","Defend_G","Strike_G","Strike_G","Strike_G","Strike_G","Survivor","Neutralize+1","AscendersBane","Flying Knee","Bane","Cloak And Dagger+1","Dagger Spray","Deadly Poison+1","Envenom+1","Adrenaline","Writhe","Well Laid Plans","Malaise+1","Backflip","Dagger Spray+1","Cloak And Dagger","PiercingWail"],"max_hp_per_floor":[63,63,63,63,63,63,63,63,63,63,63,63,63,63,63,63,70,70,70,70,70,70,70,70,70,70,70,70,70,70,70,70,70],"relics":["Ring of the Snake","Calipers","Bag of Preparation","Ancient Tea Set","Calling Bell","Strawberry","Meat on the Bone","Thread and Needle","Happy Flower","Blood Vial","Anchor","Shovel","Paper Crane"],"card_choices":[{"not_picked":["Escape Plan","Choke"],"picked":"Flying Knee","floor":1},{"not_picked":["Underhanded Strike","Acrobatics"],"picked":"Bane","floor":2},{"not_picked":["Bane","Sucker Punch"],"picked":"Cloak And Dagger","floor":3},{"not_picked":["Quick Slash","Dagger Throw"],"picked":"Dagger Spray","floor":4},{"not_picked":["Prepared","Poisoned Stab"],"picked":"Envenom","floor":7},{"not_picked":["Tools of the Trade","Die Die Die"],"picked":"Adrenaline","floor":16},{"not_picked":["Acrobatics","Dagger Spray"],"picked":"Well Laid Plans","floor":18},{"not_picked":["Flying Knee","Concentrate"],"picked":"Malaise","floor":19},{"not_picked":["Bane","Finisher"],"picked":"Dagger Spray","floor":24},{"not_picked":["Outmaneuver","Skewer"],"picked":"Cloak And Dagger","floor":28},{"not_picked":["Tactician","Caltrops"],"picked":"PiercingWail","floor":31}],"player_experience":324341,"potions_floor_usage":[16,16,28,28,33],"damage_taken":[{"damage":0,"enemies":"Jaw Worm","floor":1,"turns":6},{"damage":0,"enemies":"Small Slimes","floor":2,"turns":4},{"damage":0,"enemies":"Cultist","floor":3,"turns":4},{"damage":6,"enemies":"Red Slaver","floor":4,"turns":6},{"damage":26,"enemies":"3 Sentries","floor":7,"turns":9},{"damage":0,"enemies":"2 Fungi Beasts","floor":12,"turns":2},{"damage":2,"enemies":"Blue Slaver","floor":13,"turns":3},{"damage":14,"enemies":"The Guardian","floor":16,"turns":12},{"damage":3,"enemies":"3 Byrds","floor":18,"turns":6},{"damage":15,"enemies":"Chosen","floor":19,"turns":4},{"damage":19,"enemies":"Book of Stabbing","floor":24,"turns":7},{"damage":2,"enemies":"Snake Plant","floor":25,"turns":6},{"damage":10,"enemies":"Gremlin Leader","floor":28,"turns":7},{"damage":12,"enemies":"Slaver and Parasite","floor":29,"turns":8},{"damage":11,"enemies":"3 Cultists","floor":31,"turns":6},{"damage":62,"enemies":"Champ","floor":33,"turns":15}],"event_choices":[{"event_name":"Big Fish","player_choice":"Banana","floor":11,"damage_taken":0},{"event_name":"Golden Wing","player_choice":"Card Removal","floor":14,"damage_taken":0},{"event_name":"Cursed Tome","player_choice":"Ignored","floor":21,"damage_taken":0},{"event_name":"The Library","player_choice":"Heal","floor":22,"damage_taken":0}],"boss_relics":[{"not_picked":["Astrolabe","Pandora\u0027s Box"],"picked":"Calling Bell"}],"potions_floor_spawned":[1,3,13,19,28],"seed_played":"-3559808258009836825","killed_by":"Champ","ascension_level":13,"is_trial":false}