{"gold_per_floor":[118,118,135,135,155,155,171,189,237,237,237,257,27,55,55,159,159,173,186,186,199,209,209,227,246,295,329,329],"floor_reached":28,"playtime":1309,"items_purged":["Regret"],"score":269,"play_id":"8ee5d904-4fb3-4055-ad0f-e72d65adc8a0","local_time":"20190216013111","is_ascension_mode":false,"campfire_choices":[{"data":"Slimebound:CorrosiveSpit","floor":6,"key":"PURGE"},{"data":"Slimebound:SamplingLick","floor":10,"key":"SMITH"},{"data":"Slimebound:LeadByExample","floor":15,"key":"PURGE"},{"data":"Slimebound:SelfFormingGoo","floor":23,"key":"SMITH"}],"neow_cost":"NONE","seed_source_timestamp":131382127699022,"circlet_count":0,"master_deck":["Slimebound:Strike_Slimebound","Slimebound:Strike_Slimebound","Slimebound:Strike_Slimebound","Slimebound:Tackle","Slimebound:Defend_Slimebound","Slimebound:Defend_Slimebound+1","Slimebound:Defend_Slimebound+1","Slimebound:Defend_Slimebound","Slimebound:SamplingLick+1","Slimebound:TongueLash","Slimebound:ItLooksTasty","Slimebound:PoisonLick","Slimebound:StudyTheSpire","Injury","BlessedFruit","BlessedFruit","Slimebound:HauntingLick","Slimebound:SelfFormingGoo+1","Slimebound:PoisonLick","Slimebound:HauntingLick","Slimebound:SlimeTap+1"],"relics":["Slimebound:AbsorbEndCombat","NeowsBlessing","Slimebound:ScrapOozeRelic","Omamori","War Paint","Centennial Puzzle","Calling Bell","strawberrySpire:ElefentMask","hubris:DeckOfHolding","HeavenlyBonsai","Potion Belt","Toxic Egg 2"],"potions_floor_usage":[16,16,18,21,21,24,28],"damage_taken":[{"damage":6,"enemies":"Jaw Worm","floor":1,"turns":1},{"damage":3,"enemies":"2 Louse","floor":3,"turns":2},{"damage":3,"enemies":"Cultist","floor":5,"turns":1},{"damage":8,"enemies":"2 Fungi Beasts","floor":7,"turns":4},{"damage":11,"enemies":"Looter","floor":8,"turns":3},{"damage":12,"enemies":"Red Slaver","floor":12,"turns":3},{"damage":35,"enemies":"Gremlin Nob","floor":14,"turns":4},{"damage":7,"enemies":"Slime Boss","floor":16,"turns":8},{"damage":11,"enemies":"3 Byrds","floor":18,"turns":5},{"damage":9,"enemies":"Chosen","floor":19,"turns":4},{"damage":14,"enemies":"Centurion and Healer","floor":21,"turns":6},{"damage":22,"enemies":"Chosen and Byrds","floor":22,"turns":6},{"damage":6,"enemies":"Snake Plant","floor":24,"turns":2},{"damage":20,"enemies":"Cultist and Chosen","floor":25,"turns":7},{"damage":37,"enemies":"Gremlin Leader","floor":27,"turns":5},{"damage":15,"enemies":"Colosseum Slavers","floor":28,"turns":3},{"damage":45,"enemies":"Colosseum Nobs","floor":28,"turns":4}],"seed_played":"6119367919052439509","potions_obtained":[{"floor":3,"key":"Dexterity Potion"},{"floor":8,"key":"EssenceOfSteel"},{"floor":16,"key":"Fire Potion"},{"floor":18,"key":"GamblersBrew"},{"floor":19,"key":"Regen Potion"},{"floor":22,"key":"AttackPotion"},{"floor":27,"key":"Slimebound:SlimyTonguePotion"}],"is_trial":false,"path_per_floor":["M","?","M","?","M","R","M","M","T","R","?","M","$","E","R","B",null,"M","M","?","M","M","R","M","M","T","E","?"],"character_chosen":"SLIMEBOUND","items_purchased":["War Paint"],"campfire_rested":0,"item_purchase_floors":[13],"current_hp_per_floor":[67,67,67,67,67,67,67,64,64,64,64,57,57,30,30,31,70,72,71,71,71,69,69,73,64,64,39,0],"gold":329,"neow_bonus":"THREE_ENEMY_KILL","is_prod":false,"is_daily":false,"chose_seed":false,"campfire_upgraded":2,"win_rate":0,"timestamp":1550298671,"path_taken":["M","?","M","?","?","R","M","M","T","R","?","M","$","E","R","BOSS","M","M","?","M","?","R","?","M","T","E","?"],"build_version":"2019-01-23","purchased_purges":1,"victory":false,"max_hp_per_floor":[70,70,70,70,70,70,70,70,70,70,70,70,70,70,70,70,70,72,74,74,76,78,78,79,81,81,83,86],"card_choices":[{"not_picked":["Slimebound:PressTheAttack","Slimebound:LeechEnergy"],"picked":"Slimebound:LeadByExample","floor":1},{"not_picked":["Slimebound:SplitLeeching","Slimebound:Grow","Slimebound:FormOfPuddle"],"picked":"SKIP","floor":3},{"not_picked":["Slimebound:Dissolve","Slimebound:DisruptingSlam","Slimebound:ComboTackle"],"picked":"SKIP","floor":5},{"not_picked":["Slimebound:GoopSpray","Slimebound:SplitAcid"],"picked":"Slimebound:TongueLash","floor":7},{"not_picked":["Slimebound:MinionMaster","Slimebound:ServeAndProtect"],"picked":"Slimebound:ItLooksTasty","floor":8},{"not_picked":["Slimebound:SlimeSpikes","Slimebound:LeadByExample","Slimebound:SplitLeeching"],"picked":"SKIP","floor":12},{"not_picked":["Slimebound:SlimeTap","Slimebound:GoopTackle"],"picked":"Slimebound:PoisonLick","floor":14},{"not_picked":["Slimebound:MassRepurpose","Slimebound:SlimeBrawl"],"picked":"Slimebound:StudyTheSpire","floor":16},{"not_picked":["Slimebound:Lick","Slimebound:ViciousTackle"],"picked":"Slimebound:HauntingLick","floor":18},{"not_picked":["Slimebound:SplitBruiser","Slimebound:GoopTackle","Slimebound:VenomTackle+1"],"picked":"SKIP","floor":19},{"not_picked":["Slimebound:FlameTackle","Slimebound:ServeAndProtect","Slimebound:DivideAndConquer"],"picked":"SKIP","floor":21},{"not_picked":["Slimebound:GoopTackle+1","Slimebound:ComboTackle"],"picked":"Slimebound:PoisonLick","floor":22},{"not_picked":["Slimebound:SplitMire","Slimebound:SlimeTap"],"picked":"Slimebound:HauntingLick","floor":24},{"not_picked":["Slimebound:ProtectTheBoss+1","Slimebound:ViciousTackle+1"],"picked":"Slimebound:SlimeTap+1","floor":25},{"not_picked":["Slimebound:SlimeBrawl","Slimebound:SplitMire+1","Slimebound:FirmFortitude"],"picked":"SKIP","floor":27}],"player_experience":710446,"relics_obtained":[{"floor":14,"key":"Centennial Puzzle"},{"floor":17,"key":"strawberrySpire:ElefentMask"},{"floor":17,"key":"hubris:DeckOfHolding"},{"floor":17,"key":"HeavenlyBonsai"},{"floor":26,"key":"Potion Belt"},{"floor":27,"key":"Toxic Egg 2"}],"event_choices":[{"damage_healed":0,"gold_gain":0,"player_choice":"Box","damage_taken":0,"relics_obtained":["Omamori"],"max_hp_gain":0,"max_hp_loss":0,"event_name":"Big Fish","floor":11,"gold_loss":0,"cards_obtained":["Regret"]},{"damage_healed":0,"gold_gain":0,"cards_transformed":["Slimebound:Split"],"player_choice":"Transformed","damage_taken":0,"max_hp_gain":0,"max_hp_loss":0,"event_name":"Transmorgrifier","floor":20,"gold_loss":0,"cards_obtained":["Slimebound:SelfFormingGoo"]},{"damage_healed":0,"gold_gain":0,"player_choice":"Fight","damage_taken":0,"max_hp_gain":0,"max_hp_loss":0,"event_name":"Colosseum","floor":28,"gold_loss":0},{"damage_healed":0,"gold_gain":0,"player_choice":"Fought Nobs","damage_taken":0,"max_hp_gain":0,"max_hp_loss":0,"event_name":"Colosseum","floor":28,"gold_loss":0}],"is_beta":false,"boss_relics":[{"not_picked":["Sozu","hubris:HollowSoul"],"picked":"Calling Bell"}],"items_purged_floors":[13],"is_endless":false,"potions_floor_spawned":[3,8,16,18,19,22,27,28],"killed_by":"Colosseum Nobs","ascension_level":0}