{"path_per_floor":["M","?","?","$","M","R","M","M","T","E","M","M","R","M","R","B",null,"M","$","M","?","M","R","?","R","T","E","M","M","M","$","R","B",null,"M","?","?","M","T","R","M","?","T","R","$","R","$","M","R"],"character_chosen":"DEFECT","items_purchased":["Leap","Go for the Eyes","Gash","Madness","Strength Potion","Streamline","Panache+1","Hologram","EssenceOfSteel","Weak Potion"],"gold_per_floor":[119,119,119,47,66,66,84,99,123,162,183,203,203,218,218,337,337,356,54,73,73,86,86,86,86,136,179,199,213,227,82,82,201,201,221,221,521,534,561,561,582,582,582,582,457,457,77,90,90,90],"floor_reached":50,"campfire_rested":3,"playtime":2397,"item_purchase_floors":[4,4,19,19,19,31,47,47,47,47],"current_hp_per_floor":[65,65,65,65,64,64,64,60,60,39,41,39,39,40,40,21,57,59,59,53,53,55,55,55,55,55,5,4,34,26,26,46,7,54,50,41,41,21,21,41,19,19,19,39,39,39,39,41,41,0],"items_purged":["Strike_B","Defend_B","Defend_B"],"gold":90,"score":721,"play_id":"a325374c-727b-4240-b701-3968056dc7de","local_time":"20180526233906","is_prod":false,"is_daily":false,"chose_seed":false,"is_ascension_mode":true,"campfire_upgraded":7,"win_rate":0,"timestamp":1527370746,"campfire_choices":[{"data":"Zap","floor":6,"key":"SMITH"},{"data":"Go for the Eyes","floor":13,"key":"SMITH"},{"data":"Beam Cell","floor":15,"key":"SMITH"},{"data":"Buffer","floor":23,"key":"SMITH"},{"data":"Hologram","floor":25,"key":"SMITH"},{"floor":32,"key":"REST"},{"floor":40,"key":"REST"},{"floor":44,"key":"REST"},{"data":"Gash","floor":46,"key":"SMITH"},{"data":"Hologram","floor":49,"key":"SMITH"}],"path_taken":["M","?","?","?","M","R","M","M","T","E","M","M","R","M","R","BOSS","M","$","M","?","M","R","?","R","T","E","M","M","?","$","R","BOSS","M","?","?","M","?","R","M","?","T","R","$","R","$","M","R","BOSS"],"build_version":"2018-05-25","seed_source_timestamp":51711760991309,"purchased_purges":3,"victory":false,"master_deck":["Defend_B","Zap+1","Dualcast","AscendersBane","Beam Cell+1","Leap","Go for the Eyes+1","Cold Snap","Steam+1","FTL","Genetic Algorithm+1","Hologram+1","Leap","Buffer+1","Gash+1","Steam Power+1","Scrape+1","Gash+1","Madness","Steam","Steam","Static Discharge+1","Streamline","Core Surge","Chill+1","Madness","Madness","Glacier","Panache+1","Hologram+1","Ball Lightning"],"max_hp_per_floor":[75,69,69,69,69,69,69,69,69,69,69,69,69,69,69,69,69,69,69,69,69,69,69,69,69,69,69,69,69,69,69,69,69,69,69,69,69,69,69,69,69,69,69,69,69,69,69,69,69,69],"relics":["Lizard Tail","Golden Idol","Blood Vial","Ancient Tea Set","Astrolabe","Frozen Egg 2","War Paint","Dodecahedron","Runic Dome","Juzu Bracelet","Ice Cream"],"card_choices":[{"not_picked":["Storm","Fusion"],"picked":"Beam Cell","floor":1},{"not_picked":["Sweeping Beam","Lockon"],"picked":"Cold Snap","floor":5},{"not_picked":["Stack","Cold Snap"],"picked":"Steam","floor":7},{"not_picked":["Amplify","Beam Cell"],"picked":"FTL","floor":8},{"not_picked":["Multi-Cast","Cold Snap","Turbo"],"picked":"SKIP","floor":10},{"not_picked":["Barrage","Beam Cell"],"picked":"Genetic Algorithm","floor":11},{"not_picked":["Beam Cell","Steam"],"picked":"Hologram","floor":12},{"not_picked":["Stack","Cold Snap"],"picked":"Leap","floor":14},{"not_picked":["Electrodynamics","Amplify"],"picked":"Buffer","floor":16},{"not_picked":["Coolheaded","Sweeping Beam","Rebound"],"picked":"SKIP","floor":18},{"not_picked":["Lockon","Doom and Gloom"],"picked":"Steam","floor":20},{"not_picked":["Coolheaded","Rebound","Turbo"],"picked":"SKIP","floor":22},{"not_picked":["Darkness+1","Genetic Algorithm+1","Steam Power"],"picked":"SKIP","floor":27},{"not_picked":["Hologram","Steam","Coolheaded"],"picked":"SKIP","floor":28},{"not_picked":["Stack","Tempest"],"picked":"Static Discharge+1","floor":29},{"not_picked":["White Noise","Loop+1","Hologram"],"picked":"SKIP","floor":30},{"not_picked":["Reboot","Amplify"],"picked":"Core Surge","floor":33},{"not_picked":["Rebound+1","White Noise+1"],"picked":"Chill+1","floor":35},{"not_picked":["Streamline","Sweeping Beam","Capacitor+1"],"picked":"SKIP","floor":38},{"not_picked":["Rebound+1","Recycle+1"],"picked":"Glacier","floor":41},{"not_picked":["Cold Snap+1","Doom and Gloom"],"picked":"Ball Lightning","floor":48}],"player_experience":122760,"potions_floor_usage":[10,11,16,33,33,35,50,50],"damage_taken":[{"damage":3,"enemies":"Jaw Worm","floor":1,"turns":4},{"damage":1,"enemies":"Cultist","floor":5,"turns":4},{"damage":0,"enemies":"2 Louse","floor":7,"turns":1},{"damage":4,"enemies":"Red Slaver","floor":8,"turns":5},{"damage":35,"enemies":"Gremlin Nob","floor":10,"turns":5},{"damage":0,"enemies":"Lots of Slimes","floor":11,"turns":2},{"damage":4,"enemies":"Blue Slaver","floor":12,"turns":3},{"damage":1,"enemies":"Looter","floor":14,"turns":3},{"damage":21,"enemies":"The Guardian","floor":16,"turns":15},{"damage":0,"enemies":"Chosen","floor":18,"turns":6},{"damage":8,"enemies":"Spheric Guardian","floor":20,"turns":5},{"damage":0,"enemies":"Centurion and Healer","floor":22,"turns":8},{"damage":52,"enemies":"Gremlin Leader","floor":27,"turns":9},{"damage":3,"enemies":"Snake Plant","floor":28,"turns":7},{"damage":12,"enemies":"Snecko","floor":29,"turns":7},{"damage":10,"enemies":"Cultist and Chosen","floor":30,"turns":7},{"damage":41,"enemies":"Automaton","floor":33,"turns":13},{"damage":6,"enemies":"3 Shapes","floor":35,"turns":8},{"damage":22,"enemies":"3 Darklings","floor":38,"turns":9},{"damage":24,"enemies":"4 Shapes","floor":41,"turns":9},{"damage":0,"enemies":"Maw","floor":48,"turns":8},{"damage":45,"enemies":"Time Eater","floor":50,"turns":5}],"relics_obtained":[{"floor":9,"key":"Blood Vial"},{"floor":10,"key":"Ancient Tea Set"},{"floor":26,"key":"War Paint"},{"floor":27,"key":"Dodecahedron"},{"floor":39,"key":"Juzu Bracelet"},{"floor":43,"key":"Ice Cream"}],"event_choices":[{"event_name":"Golden Idol","player_choice":"Lose Max HP","floor":2,"damage_taken":0},{"event_name":"Bonfire Elementals","player_choice":"BASIC","floor":3,"damage_taken":0},{"event_name":"Match and Keep!","player_choice":"1 cards matched","floor":21,"damage_taken":0},{"event_name":"The Mausoleum","player_choice":"Yes","floor":24,"damage_taken":0},{"event_name":"Winding Halls","player_choice":"Embrace Madness","floor":36,"damage_taken":0},{"event_name":"Wheel of Change","player_choice":"Gold","floor":37,"damage_taken":0},{"event_name":"Mysterious Sphere","player_choice":"Ignore","floor":42,"damage_taken":0}],"boss_relics":[{"not_picked":["Philosopher\u0027s Stone","Inserter"],"picked":"Astrolabe"},{"not_picked":["Runic Pyramid","Black Star"],"picked":"Runic Dome"}],"items_purged_floors":[19,31,45],"potions_floor_spawned":[5,10,11,16,22,27,30,35,48],"seed_played":"-3977985112333461296","killed_by":"Time Eater","ascension_level":10,"potions_obtained":[{"floor":5,"key":"Regen Potion"},{"floor":10,"key":"Explosive Potion"},{"floor":11,"key":"GamblersBrew"},{"floor":16,"key":"GamblersBrew"},{"floor":22,"key":"Dexterity Potion"},{"floor":35,"key":"SteroidPotion"},{"floor":48,"key":"GamblersBrew"}],"is_trial":false}