{"gold_per_floor":[110,124,199,199,199,199,233,111,157,157,157,157,176,189,189,189],"floor_reached":16,"playtime":388,"items_purged":["Strike_R"],"score":98,"play_id":"081642a9-4658-4c68-b9ef-3d6b56689bdc","local_time":"20190326182824","is_ascension_mode":false,"campfire_choices":[{"floor":6,"key":"REST"},{"data":"Body Slam","floor":10,"key":"SMITH"},{"data":"Bash","floor":12,"key":"SMITH"},{"floor":15,"key":"REST"}],"neow_cost":"NONE","seed_source_timestamp":75251784602774,"circlet_count":0,"master_deck":["Strike_R","Strike_R","Strike_R","Strike_R","Defend_R","Defend_R","Defend_R+1","Defend_R+1","Bash+1","Body Slam+1","Body Slam+1","Dropkick"],"relics":["Mark of Pain","Nunchaku","Juzu Bracelet"],"potions_floor_usage":[16,16,16],"damage_taken":[{"damage":6,"enemies":"Jaw Worm","floor":1,"turns":3},{"damage":1,"enemies":"2 Louse","floor":2,"turns":3},{"damage":41,"enemies":"3 Sentries","floor":7,"turns":9},{"damage":1,"enemies":"Cultist","floor":13,"turns":3},{"damage":2,"enemies":"Lots of Slimes","floor":14,"turns":4},{"damage":52,"enemies":"Hexaghost","floor":16,"turns":9}],"seed_played":"-6509457921061806618","potions_obtained":[{"floor":2,"key":"Block Potion"},{"floor":11,"key":"FairyPotion"},{"floor":11,"key":"SkillPotion"},{"floor":11,"key":"Fire Potion"}],"is_trial":false,"path_per_floor":["M","M","?","?","?","R","E","$","T","R","?","R","M","M","R","B"],"character_chosen":"IRONCLAD","items_purchased":["Body Slam"],"campfire_rested":2,"item_purchase_floors":[8],"current_hp_per_floor":[74,73,62,62,46,70,29,29,29,29,29,29,28,26,50,0],"gold":189,"neow_bonus":"BOSS_RELIC","is_prod":false,"is_daily":false,"chose_seed":false,"campfire_upgraded":2,"win_rate":0,"timestamp":1553639304,"path_taken":["M","M","?","?","?","R","E","$","T","R","?","R","M","M","R","BOSS"],"build_version":"2019-01-23","purchased_purges":1,"victory":false,"max_hp_per_floor":[80,80,80,80,80,80,80,80,80,80,80,80,80,80,80,80],"card_choices":[{"not_picked":["Shrug It Off","Feel No Pain"],"picked":"Body Slam","floor":1},{"not_picked":["Pommel Strike","Fire Breathing","Iron Wave"],"picked":"SKIP","floor":2},{"not_picked":["Disarm","Wild Strike","Sword Boomerang"],"picked":"SKIP","floor":7},{"not_picked":["Evolve","Infernal Blade"],"picked":"Dropkick","floor":13},{"not_picked":["Thunderclap","Berserk","Heavy Blade"],"picked":"SKIP","floor":14}],"player_experience":753532,"relics_obtained":[{"floor":7,"key":"Nunchaku"},{"floor":9,"key":"Juzu Bracelet"}],"event_choices":[{"damage_healed":0,"gold_gain":75,"player_choice":"Gather Gold","damage_taken":11,"max_hp_gain":0,"max_hp_loss":0,"event_name":"World of Goop","floor":3,"gold_loss":0},{"damage_healed":0,"gold_gain":0,"player_choice":"Grow","damage_taken":0,"max_hp_gain":0,"max_hp_loss":0,"event_name":"Living Wall","floor":4,"gold_loss":0,"cards_upgraded":["Body Slam"]},{"damage_healed":0,"gold_gain":0,"player_choice":"Entered Light","damage_taken":16,"max_hp_gain":0,"max_hp_loss":0,"event_name":"Shining Light","floor":5,"gold_loss":0,"cards_upgraded":["Defend_R","Defend_R"]},{"damage_healed":0,"gold_gain":0,"player_choice":"Got Potions","damage_taken":0,"max_hp_gain":0,"max_hp_loss":0,"event_name":"Lab","floor":11,"gold_loss":0}],"is_beta":false,"boss_relics":[],"items_purged_floors":[8],"is_endless":false,"potions_floor_spawned":[2],"killed_by":"Hexaghost","ascension_level":0}