{"gold_per_floor":[123,135,247,278,300,312,356,12,35,47,47,47,47,63,63,63],"floor_reached":16,"playtime":656,"items_purged":[],"score":100,"play_id":"29d1a479-b662-4134-83d5-8adadd3725a6","local_time":"20180912215055","is_ascension_mode":false,"campfire_choices":[{"floor":6,"key":"REST"},{"floor":12,"key":"REST"},{"data":"Gash","floor":15,"key":"SMITH"}],"neow_cost":"NONE","seed_source_timestamp":55880995812980,"circlet_count":0,"master_deck":["Strike_B","Strike_B","Strike_B","Strike_B","Defend_B+1","Defend_B+1","Defend_B","Defend_B","Zap","Dualcast","Steam Power","Gash+1","Conserve Battery","Streamline","Genetic Algorithm"],"relics":["Cracked Core","MawBank","Centennial Puzzle","TheAbacus","Anchor","Omamori","Bronze Scales"],"potions_floor_usage":[16],"damage_taken":[{"damage":0,"enemies":"Small Slimes","floor":1,"turns":3},{"damage":0,"enemies":"2 Louse","floor":4,"turns":2},{"damage":1,"enemies":"Jaw Worm","floor":5,"turns":3},{"damage":37,"enemies":"Gremlin Nob","floor":7,"turns":5},{"damage":11,"enemies":"Large Slime","floor":10,"turns":5},{"damage":4,"enemies":"Gremlin Gang","floor":14,"turns":3},{"damage":72,"enemies":"Slime Boss","floor":16,"turns":10}],"seed_played":"8488745269204044921","potions_obtained":[{"floor":1,"key":"Energy Potion"},{"floor":5,"key":"Dexterity Potion"},{"floor":7,"key":"FearPotion"}],"is_trial":false,"path_per_floor":["M","?","?","M","M","R","E","$","T","M","?","R","T","M","R"],"character_chosen":"DEFECT","items_purchased":["TheAbacus","Anchor"],"campfire_rested":2,"item_purchase_floors":[8,8],"current_hp_per_floor":[75,60,60,60,59,75,38,38,38,27,45,67,67,63,63,0],"gold":63,"neow_bonus":"RANDOM_COMMON_RELIC","is_prod":false,"is_daily":false,"chose_seed":false,"campfire_upgraded":1,"win_rate":0.0,"timestamp":1536785455,"path_taken":["M","?","?","?","M","R","E","?","T","M","?","R","?","M","R","BOSS"],"build_version":"2018-09-06","purchased_purges":0,"victory":false,"max_hp_per_floor":[75,75,75,75,75,75,75,75,75,75,75,75,75,75,75,75],"card_choices":[{"not_picked":["Rip and Tear","Reinforced Body"],"picked":"Steam Power","floor":1},{"not_picked":["Hologram","Loop"],"picked":"Gash","floor":4},{"not_picked":["Ball Lightning","Undo"],"picked":"Conserve Battery","floor":5},{"not_picked":["Reinforced Body","Rainbow"],"picked":"Streamline","floor":7},{"not_picked":["Stack","Skim","Undo"],"picked":"SKIP","floor":10},{"not_picked":["Chaos","Cold Snap"],"picked":"Genetic Algorithm","floor":14}],"player_experience":152194,"relics_obtained":[{"floor":7,"key":"Centennial Puzzle"},{"floor":9,"key":"Omamori"},{"floor":13,"key":"Bronze Scales"}],"event_choices":[{"event_name":"Shining Light","player_choice":"Entered Light","floor":2,"damage_taken":0},{"event_name":"Golden Shrine","player_choice":"Pray","floor":3,"damage_taken":0},{"event_name":"Mushrooms","player_choice":"Healed and dodged fight","floor":11,"damage_taken":0}],"is_beta":false,"boss_relics":[],"items_purged_floors":[],"is_endless":false,"potions_floor_spawned":[1,5,7],"killed_by":"Slime Boss","ascension_level":0}