{"path_per_floor":["M","M","M","M","?","R","?","?","T","R","E","R","E","M","R"],"character_chosen":"THE_SILENT","items_purchased":[],"gold_per_floor":[116,130,145,158,158,158,233,198,225,225,266,266,299,320,320],"floor_reached":16,"campfire_rested":1,"playtime":944,"current_hp_per_floor":[69,69,65,61,44,44,33,50,50,50,35,56,52,52,52],"items_purged":[],"gold":320,"score":116,"play_id":"d8ea52ab-524a-4ddc-87d4-3322bebff069","local_time":"20180318144754","is_prod":false,"is_daily":false,"is_ascension_mode":true,"campfire_upgraded":3,"timestamp":1521409674,"path_taken":["M","M","M","M","?","R","?","?","T","R","E","R","E","M","R","BOSS"],"build_version":"2018-03-15v3","purchased_purges":0,"victory":false,"master_deck":["Defend_G","Defend_G","Defend_G","Defend_G","Defend_G","Strike_G","Strike_G","Strike_G","Strike_G","Strike_G","Survivor","Neutralize+1","Dagger Throw","Calculated Gamble+1","Underhanded Strike","Backstab+1","Dagger Throw","Infinite Blades"],"max_hp_per_floor":[70,70,70,70,70,70,70,70,70,70,70,70,70,70,70],"relics":["Ring of the Snake","Golden Idol","Snake Skull","Meat on the Bone","Anchor"],"card_choices":[{"not_picked":["All Out Attack","Dodge and Roll"],"picked":"Dagger Throw"},{"not_picked":["Envenom","Underhanded Strike"],"picked":"Calculated Gamble"},{"not_picked":["Finisher","Poisoned Stab"],"picked":"Underhanded Strike"},{"not_picked":["Slice","Dagger Spray"],"picked":"Backstab"},{"not_picked":["Deflect","Bane"],"picked":"Dagger Throw"},{"not_picked":["Dagger Spray","Predator"],"picked":"Infinite Blades"}],"player_experience":104483,"potions_floor_usage":[13],"damage_taken":[{"damage":1.0,"enemies":"Small Slimes","floor":1.0,"turns":3.0},{"damage":0.0,"enemies":"2 Louse","floor":2.0,"turns":3.0},{"damage":4.0,"enemies":"Jaw Worm","floor":3.0,"turns":6.0},{"damage":4.0,"enemies":"3 Louse","floor":4.0,"turns":5.0},{"damage":15,"enemies":"3 Sentries","floor":11,"turns":10},{"damage":4,"enemies":"Gremlin Nob","floor":13,"turns":3},{"damage":0,"enemies":"Looter","floor":14,"turns":2},{"damage":52,"enemies":"The Guardian","floor":16,"turns":12}],"event_choices":[{"event_name":"Golden Idol","player_choice":"Take Damage","floor":5,"damage_taken":0},{"event_name":"World of Goop","player_choice":"Gather Gold","floor":7,"damage_taken":0},{"event_name":"The Cleric","player_choice":"Healed","floor":8,"damage_taken":0}],"boss_relics":[],"potions_floor_spawned":[1,13],"seed_played":"8316078395678859349","killed_by":"The Guardian","ascension_level":1,"is_trial":false}