{"gold_per_floor":[117,136,147,147,162,162,187,199,254,266,293,305],"floor_reached":12,"playtime":515,"items_purged":[],"score":144,"play_id":"ea37884c-68a9-4d43-b4ce-fe5e54c6fceb","local_time":"20180722190754","is_ascension_mode":true,"campfire_choices":[{"floor":6,"key":"REST"},{"floor":10,"key":"REST"}],"neow_cost":"","seed_source_timestamp":866325070739763,"circlet_count":0,"master_deck":["Defend_G","Defend_G","Defend_G","Defend_G","Defend_G","Strike_G","Strike_G","Strike_G","Strike_G","Strike_G","Survivor","Neutralize","AscendersBane","Poisoned Stab","Quick Slash","Backflip","Noxious Fumes","Backflip"],"relics":["Ring of the Snake","Blue Candle","Paper Crane","MawBank"],"potions_floor_usage":[7,7],"damage_taken":[{"damage":3,"enemies":"Cultist","floor":1,"turns":6},{"damage":0,"enemies":"2 Louse","floor":2,"turns":2},{"damage":2,"enemies":"Small Slimes","floor":3,"turns":4},{"damage":4,"enemies":"Red Slaver","floor":5,"turns":4},{"damage":35,"enemies":"Lagavulin","floor":7,"turns":8},{"damage":4,"enemies":"Large Slime","floor":8,"turns":6},{"damage":1,"enemies":"Blue Slaver","floor":11,"turns":4},{"damage":22,"enemies":"Gremlin Gang","floor":12,"turns":3}],"seed_played":"449094277306388684","potions_obtained":[{"floor":2,"key":"Explosive Potion"},{"floor":3,"key":"PowerPotion"},{"floor":5,"key":"Block Potion"}],"is_trial":false,"path_per_floor":["M","M","M","?","M","R","E","M","T","R","M"],"character_chosen":"THE_SILENT","items_purchased":[],"campfire_rested":2,"item_purchase_floors":[],"current_hp_per_floor":[56,56,54,28,24,43,8,4,4,23,22,0],"gold":305,"neow_bonus":"","is_prod":false,"is_daily":false,"chose_seed":false,"campfire_upgraded":0,"win_rate":0,"timestamp":1532311674,"path_taken":["M","M","M","?","?","R","E","M","T","R","M","M"],"build_version":"2018-07-19v2","purchased_purges":0,"victory":false,"max_hp_per_floor":[66,66,66,66,66,66,66,66,66,66,66,66],"card_choices":[{"not_picked":["Blur","Predator"],"picked":"Poisoned Stab","floor":1},{"not_picked":["Underhanded Strike","Distraction"],"picked":"Quick Slash","floor":2},{"not_picked":["Flying Knee","Accuracy"],"picked":"Backflip","floor":3},{"not_picked":["Setup","Storm of Steel","PiercingWail"],"picked":"SKIP","floor":5},{"not_picked":["All Out Attack","Caltrops"],"picked":"Noxious Fumes","floor":7},{"not_picked":["Flechettes","Underhanded Strike"],"picked":"Backflip","floor":8},{"not_picked":["Acrobatics","Finisher","Bane"],"picked":"SKIP","floor":11}],"player_experience":373609,"relics_obtained":[{"floor":7,"key":"Paper Crane"},{"floor":9,"key":"MawBank"}],"event_choices":[{"event_name":"Scrap Ooze","player_choice":"success","floor":4,"damage_taken":26}],"is_beta":false,"boss_relics":[],"items_purged_floors":[],"is_endless":false,"potions_floor_spawned":[2,3,5],"killed_by":"Gremlin Gang","ascension_level":15}