{"gold_per_floor":[110,121,121,121,152,164,187,199,211,223,265,277,306,350,362,478,490,512,506,793,342,355,355],"floor_reached":23,"playtime":1240,"items_purged":["Regret"],"score":231,"play_id":"f3b0053e-ccd9-44aa-88ce-5b9c4a47e751","local_time":"20180904190347","is_ascension_mode":true,"campfire_choices":[{"data":"Bash","floor":6,"key":"SMITH"},{"data":"Limit Break","floor":8,"key":"SMITH"},{"data":"Anger","floor":10,"key":"SMITH"},{"data":"Anger","floor":12,"key":"SMITH"},{"floor":15,"key":"REST"}],"neow_cost":"NONE","seed_source_timestamp":358485338225425,"circlet_count":0,"master_deck":["Strike_R","Strike_R","Strike_R","Strike_R","Strike_R","Defend_R","Defend_R","Defend_R","Defend_R","Bash+1","Anger+1","Twin Strike","Anger+1","Limit Break+1","Cleave","Heavy Blade","Rage","Barricade","Iron Wave","Body Slam+1"],"relics":["Burning Blood","MawBank","Meat on the Bone","Bird Faced Urn","Orichalcum","Mark of Pain","Pantograph","Blood Vial"],"potions_floor_usage":[2,11,11,11,14,19],"damage_taken":[{"damage":11,"enemies":"2 Louse","floor":1,"turns":3},{"damage":8,"enemies":"Jaw Worm","floor":2,"turns":2},{"damage":8,"enemies":"Small Slimes","floor":5,"turns":4},{"damage":2,"enemies":"Looter","floor":7,"turns":3},{"damage":10,"enemies":"3 Sentries","floor":11,"turns":4},{"damage":9,"enemies":"2 Fungi Beasts","floor":13,"turns":3},{"damage":15,"enemies":"Lagavulin","floor":14,"turns":5},{"damage":27,"enemies":"Slime Boss","floor":16,"turns":10},{"damage":22,"enemies":"Spheric Guardian","floor":18,"turns":4},{"damage":32,"enemies":"2 Thieves","floor":19,"turns":4},{"damage":34,"enemies":"Centurion and Healer","floor":22,"turns":7},{"damage":45,"enemies":"Gremlin Leader","floor":23,"turns":2}],"seed_played":"-4650855158908391920","potions_obtained":[{"floor":0,"key":"PowerPotion"},{"floor":0,"key":"Swift Potion"},{"floor":0,"key":"AttackPotion"},{"floor":1,"key":"SteroidPotion"},{"floor":5,"key":"Strength Potion"},{"floor":11,"key":"SpeedPotion"},{"floor":18,"key":"Dexterity Potion"}],"is_trial":false,"path_per_floor":["M","M","?","?","M","R","M","R","T","R","E","R","M","E","R","B",null,"M","M","?","$","M"],"character_chosen":"IRONCLAD","items_purchased":["Pantograph","Blood Vial"],"campfire_rested":1,"item_purchase_floors":[21,21],"current_hp_per_floor":[75,73,73,70,68,68,72,72,72,72,68,68,65,56,80,59,80,64,50,50,50,38,0],"gold":355,"neow_bonus":"THREE_SMALL_POTIONS","is_prod":false,"is_daily":false,"chose_seed":false,"campfire_upgraded":4,"win_rate":0,"timestamp":1536080627,"path_taken":["M","M","?","?","M","R","M","R","T","R","E","R","M","E","R","BOSS","M","M","?","$","M","E"],"build_version":"2018-08-30","purchased_purges":1,"victory":false,"max_hp_per_floor":[80,80,80,80,80,80,80,80,80,80,80,80,80,80,80,80,80,80,80,80,80,80,80],"card_choices":[{"not_picked":["Reckless Charge","Twin Strike"],"picked":"Anger","floor":1},{"not_picked":["Sentinel","Seeing Red"],"picked":"Twin Strike","floor":2},{"not_picked":["Perfected Strike","Clothesline"],"picked":"Anger","floor":5},{"not_picked":["Inflame","Dual Wield"],"picked":"Limit Break","floor":7},{"not_picked":["Fiend Fire","Sword Boomerang"],"picked":"Cleave","floor":11},{"not_picked":["Havoc","Pummel"],"picked":"Heavy Blade","floor":13},{"not_picked":["Carnage","Spot Weakness"],"picked":"Rage","floor":14},{"not_picked":["Double Tap","Dark Embrace"],"picked":"Barricade","floor":16},{"not_picked":["Wild Strike","Headbutt+1","Clothesline"],"picked":"SKIP","floor":18},{"not_picked":["Twin Strike","True Grit"],"picked":"Iron Wave","floor":19},{"not_picked":["Clothesline","Sentinel"],"picked":"Body Slam+1","floor":22}],"player_experience":98549,"relics_obtained":[{"floor":9,"key":"Meat on the Bone"},{"floor":11,"key":"Bird Faced Urn"},{"floor":14,"key":"Orichalcum"}],"event_choices":[{"event_name":"Golden Wing","player_choice":"Ignored","floor":3,"damage_taken":0},{"event_name":"Scrap Ooze","player_choice":"success","floor":4,"damage_taken":3},{"event_name":"Golden Shrine","player_choice":"Desecrate","floor":20,"damage_taken":0}],"is_beta":false,"boss_relics":[{"not_picked":["Calling Bell","Ectoplasm"],"picked":"Mark of Pain"}],"items_purged_floors":[21],"is_endless":false,"potions_floor_spawned":[1,5,11,18],"killed_by":"Gremlin Leader","ascension_level":3}