{"gold_per_floor":[215,235,252,27,47,47,57,77,77,77,93,93,93,18,18,89,89,107,107,7,7,7,7,41,41,65,100,100,100],"floor_reached":29,"playtime":1099,"items_purged":["Strike_B","Strike_B"],"score":489,"play_id":"4cced4e7-9d87-45a2-9385-f0fb534ba92a","local_time":"20190320131827","is_ascension_mode":true,"campfire_choices":[{"data":"Static Discharge","floor":6,"key":"SMITH"},{"floor":10,"key":"REST"},{"floor":13,"key":"REST"},{"data":"Static Discharge","floor":15,"key":"SMITH"},{"floor":23,"key":"REST"},{"floor":25,"key":"REST"},{"floor":28,"key":"REST"}],"neow_cost":"NONE","seed_source_timestamp":81670658839677,"circlet_count":0,"master_deck":["AscendersBane","Strike_B+1","Defend_B","Defend_B","Defend_B","Defend_B","Zap","Dualcast","Static Discharge+1","Glacier","Conserve Battery","Static Discharge+1","Barrage+1","Conserve Battery","Melter","Conserve Battery","Buffer","Reinforced Body"],"relics":["Cracked Core","Omamori","Cursed Key","Enchiridion","Whetstone","Potion Belt","Anchor"],"potions_floor_usage":[5,8,24,27],"damage_taken":[{"damage":0,"enemies":"Cultist","floor":1,"turns":3},{"damage":7,"enemies":"Jaw Worm","floor":2,"turns":3},{"damage":7,"enemies":"Small Slimes","floor":3,"turns":4},{"damage":4,"enemies":"Looter","floor":5,"turns":3},{"damage":8,"enemies":"2 Fungi Beasts","floor":7,"turns":5},{"damage":3,"enemies":"Lots of Slimes","floor":8,"turns":4},{"damage":16,"enemies":"3 Louse","floor":11,"turns":4},{"damage":19,"enemies":"Hexaghost","floor":16,"turns":7},{"damage":15,"enemies":"3 Byrds","floor":18,"turns":3},{"damage":15,"enemies":"Book of Stabbing","floor":24,"turns":6},{"damage":57,"enemies":"Slavers","floor":27,"turns":5},{"damage":37,"enemies":"Gremlin Leader","floor":29,"turns":2}],"seed_played":"-4394244258669618001","potions_obtained":[{"floor":2,"key":"FearPotion"},{"floor":3,"key":"Strength Potion"},{"floor":7,"key":"Ancient Potion"},{"floor":16,"key":"Weak Potion"},{"floor":27,"key":"SpeedPotion"}],"is_trial":false,"path_per_floor":["M","M","M","$","M","R","M","M","T","R","M","?","R","?","R","B",null,"M","?","$","?","$","R","E","R","T","E","R","E"],"character_chosen":"DEFECT","items_purchased":["Static Discharge","Barrage","Conserve Battery"],"campfire_rested":5,"item_purchase_floors":[4,4,4],"current_hp_per_floor":[64,57,50,50,46,46,38,35,35,56,40,40,61,61,61,42,64,49,63,63,42,42,63,48,69,69,12,33,0],"gold":100,"neow_bonus":"HUNDRED_GOLD","is_prod":false,"is_daily":false,"chose_seed":false,"campfire_upgraded":2,"win_rate":0,"timestamp":1553084307,"path_taken":["M","M","M","$","M","R","M","?","T","R","M","?","R","?","R","BOSS","M","?","$","?","$","R","E","R","T","E","R","E"],"build_version":"2019-01-23","purchased_purges":2,"victory":false,"max_hp_per_floor":[71,71,71,71,71,71,71,71,71,71,71,71,71,71,71,71,71,71,71,71,71,71,71,71,71,71,71,71,71],"card_choices":[{"not_picked":["Beam Cell","Defragment"],"picked":"Static Discharge","floor":1},{"not_picked":["Beam Cell","Leap"],"picked":"Glacier","floor":2},{"not_picked":["Steam","Rebound"],"picked":"Conserve Battery","floor":3},{"not_picked":["FTL","Streamline"],"picked":"Melter","floor":5},{"not_picked":["Steam Power","Fusion","Redo"],"picked":"SKIP","floor":7},{"not_picked":["Steam","Genetic Algorithm"],"picked":"Conserve Battery","floor":8},{"not_picked":["Force Field","Coolheaded","Hologram"],"picked":"SKIP","floor":11},{"not_picked":["Amplify","Machine Learning"],"picked":"Buffer","floor":16},{"not_picked":["Steam","Redo","Rebound"],"picked":"SKIP","floor":18},{"not_picked":["Sweeping Beam","Streamline","Barrage"],"picked":"SKIP","floor":24},{"not_picked":["Heatsinks","Beam Cell"],"picked":"Reinforced Body","floor":27}],"player_experience":766149,"relics_obtained":[{"floor":9,"key":"Omamori"},{"floor":21,"key":"Enchiridion"},{"floor":24,"key":"Whetstone"},{"floor":26,"key":"Potion Belt"},{"floor":27,"key":"Anchor"}],"event_choices":[{"damage_healed":0,"gold_gain":0,"player_choice":"Ignored","damage_taken":0,"max_hp_gain":0,"max_hp_loss":0,"event_name":"Shining Light","floor":12,"gold_loss":0},{"cards_removed":["Strike_B"],"damage_healed":0,"gold_gain":0,"player_choice":"Card Removal","damage_taken":0,"max_hp_gain":0,"max_hp_loss":0,"event_name":"The Cleric","floor":14,"gold_loss":75},{"damage_healed":14,"gold_gain":0,"player_choice":"Heal","damage_taken":0,"max_hp_gain":0,"max_hp_loss":0,"event_name":"The Library","floor":19,"gold_loss":0},{"damage_healed":0,"gold_gain":0,"player_choice":"Obtained Book","damage_taken":21,"max_hp_gain":0,"max_hp_loss":0,"event_name":"Cursed Tome","floor":21,"gold_loss":0}],"is_beta":false,"boss_relics":[{"not_picked":["White Beast Statue","FrozenCore"],"picked":"Cursed Key"}],"items_purged_floors":[4,20],"is_endless":false,"potions_floor_spawned":[2,3,7,16,27],"killed_by":"Gremlin Leader","ascension_level":19}