{"path_per_floor":["M","M","$","M","M","R","E","R","T","E","?","R","?","?","R"],"character_chosen":"THE_SILENT","items_purchased":["Well Laid Plans"],"gold_per_floor":[211,224,114,126,136,136,164,164,164,194,194,194,194,158,158,158],"floor_reached":16,"campfire_rested":2,"playtime":481,"item_purchase_floors":[3],"current_hp_per_floor":[70,70,70,61,59,59,13,34,44,21,21,21,5,5,29,0],"items_purged":["Strike_G"],"gold":158,"score":135,"play_id":"f7295816-0e90-46be-867e-6aaffcf0fd3f","local_time":"20180603185846","is_prod":false,"is_daily":false,"chose_seed":false,"is_ascension_mode":true,"campfire_upgraded":2,"win_rate":0,"timestamp":1528066726,"campfire_choices":[{"data":"Neutralize","floor":6,"key":"SMITH"},{"floor":8,"key":"REST"},{"data":"Phantasmal Killer","floor":12,"key":"SMITH"},{"floor":15,"key":"REST"}],"path_taken":["M","M","$","M","M","R","E","R","T","E","?","R","?","?","R","BOSS"],"build_version":"2018-05-30v2","seed_source_timestamp":118787638733087,"purchased_purges":1,"victory":false,"master_deck":["Defend_G+1","Defend_G","Defend_G","Defend_G","Defend_G","Strike_G","Strike_G+1","Strike_G","Strike_G","Survivor","Neutralize+1","Dagger Spray","Well Laid Plans","Dash","Outmaneuver","Phantasmal Killer+1","Tactician"],"max_hp_per_floor":[70,70,70,70,70,70,70,70,80,80,80,80,80,80,80,80],"relics":["Ring of the Snake","Dodecahedron","Pear","Matryoshka"],"card_choices":[{"not_picked":["Underhanded Strike","Outmaneuver"],"picked":"Dagger Spray","floor":1},{"not_picked":["Deflect","Bane","PiercingWail"],"picked":"SKIP","floor":2},{"not_picked":["Expertise","Deadly Poison"],"picked":"Dash","floor":4},{"not_picked":["Flying Knee","Blur"],"picked":"Outmaneuver","floor":5},{"not_picked":["Endless Agony","Slice"],"picked":"Phantasmal Killer","floor":7},{"not_picked":["Poisoned Stab","Dodge and Roll"],"picked":"Tactician","floor":10}],"player_experience":276548,"potions_floor_usage":[7,7,16],"damage_taken":[{"damage":0,"enemies":"Jaw Worm","floor":1,"turns":4},{"damage":0,"enemies":"Cultist","floor":2,"turns":4},{"damage":9,"enemies":"Small Slimes","floor":4,"turns":4},{"damage":2,"enemies":"Exordium Thugs","floor":5,"turns":5},{"damage":46,"enemies":"Gremlin Nob","floor":7,"turns":5},{"damage":23,"enemies":"3 Sentries","floor":10,"turns":7},{"damage":31,"enemies":"Slime Boss","floor":16,"turns":10}],"relics_obtained":[{"floor":7,"key":"Dodecahedron"},{"floor":9,"key":"Pear"},{"floor":10,"key":"Matryoshka"}],"event_choices":[{"event_name":"The Woman in Blue","player_choice":"Bought 0 Potions","floor":11,"damage_taken":0},{"event_name":"Shining Light","player_choice":"Entered Light","floor":13,"damage_taken":0},{"event_name":"World of Goop","player_choice":"Left","floor":14,"damage_taken":0}],"boss_relics":[],"items_purged_floors":[3],"potions_floor_spawned":[2,5,10],"seed_played":"1028895426074777798","killed_by":"Slime Boss","ascension_level":5,"potions_obtained":[{"floor":2,"key":"Swift Potion"},{"floor":5,"key":"SteroidPotion"},{"floor":10,"key":"Explosive Potion"}],"is_trial":false}