{"gold_per_floor":[114,189,204,129,144,174,174,349,374,374,404,419,419,434,434,534,534,549,564,164,164,244,244,274,289,314,329,359,374,389,404,404,504,504,519,169,184,199,214,244,244,259,284,314,314,344,344],"floor_reached":47,"playtime":2439,"items_purged":["Dark Embrace","Doubt"],"score":819,"play_id":"a3bfc51d-5bfc-4087-9349-2e8952cb6821","local_time":"20181023181217","daily_mods":["Shiny","ControlledChaos","DeadlyEvents"],"is_ascension_mode":false,"campfire_choices":[{"data":"Feed","floor":10,"key":"SMITH"},{"data":"Offering","floor":13,"key":"SMITH"},{"data":"Double Tap","floor":15,"key":"SMITH"},{"data":"Feed","floor":23,"key":"SMITH"},{"data":"Whirlwind","floor":32,"key":"SMITH"},{"floor":41,"key":"REST"}],"neow_cost":"","seed_source_timestamp":0,"circlet_count":0,"master_deck":["Double Tap+1","Demon Form","Bludgeon+1","Feed+1","Limit Break","Barricade","Fiend Fire","Berserk","Impervious","Brutality","Reaper","Exhume+1","Offering+1","Immolate+1","Cleave","Battle Trance+1","Pommel Strike","Shrug It Off","Feed+1","Disarm","Whirlwind+1","Feed","Pommel Strike+1","Madness","Madness"],"special_seed":17828,"relics":["Black Blood","Frozen Eye","PreservedInsect","Oddly Smooth Stone","Whetstone","Busted Crown","Bag of Marbles","Anchor","GremlinMask","Tiny Chest","Boot","Red Skull","Champion Belt","OrangePellets","Lantern","Bag of Preparation","Blood Vial","War Paint","Omamori"],"potions_floor_usage":[16],"damage_taken":[{"damage":11,"enemies":"Jaw Worm","floor":1,"turns":3},{"damage":5,"enemies":"Small Slimes","floor":3,"turns":2},{"damage":0,"enemies":"Cultist","floor":5,"turns":2},{"damage":24,"enemies":"3 Sentries","floor":6,"turns":3},{"damage":6,"enemies":"Gremlin Nob","floor":11,"turns":2},{"damage":11,"enemies":"Exordium Wildlife","floor":12,"turns":3},{"damage":6,"enemies":"2 Fungi Beasts","floor":14,"turns":2},{"damage":12,"enemies":"Hexaghost","floor":16,"turns":11},{"damage":11,"enemies":"2 Thieves","floor":18,"turns":3},{"damage":17,"enemies":"Shell Parasite","floor":19,"turns":3},{"damage":6,"enemies":"Book of Stabbing","floor":24,"turns":1},{"damage":6,"enemies":"Snake Plant","floor":25,"turns":1},{"damage":11,"enemies":"Shelled Parasite and Fungi","floor":27,"turns":2},{"damage":6,"enemies":"Slavers","floor":28,"turns":1},{"damage":6,"enemies":"Snecko","floor":29,"turns":1},{"damage":7,"enemies":"Chosen and Byrds","floor":30,"turns":3},{"damage":0,"enemies":"Cultist and Chosen","floor":31,"turns":3},{"damage":17,"enemies":"Champ","floor":33,"turns":7},{"damage":1,"enemies":"Orb Walker","floor":35,"turns":2},{"damage":19,"enemies":"3 Shapes","floor":37,"turns":2},{"damage":0,"enemies":"Jaw Worm Horde","floor":38,"turns":1},{"damage":38,"enemies":"Sphere and 2 Shapes","floor":39,"turns":4},{"damage":49,"enemies":"Giant Head","floor":40,"turns":8},{"damage":12,"enemies":"Spire Growth","floor":42,"turns":3},{"damage":8,"enemies":"Nemesis","floor":44,"turns":3},{"damage":51,"enemies":"Giant Head","floor":46,"turns":7},{"damage":6,"enemies":"Maw","floor":47,"turns":2}],"seed_played":"1393091193090415519","potions_obtained":[{"floor":3,"key":"SpeedPotion"},{"floor":5,"key":"EssenceOfSteel"},{"floor":11,"key":"Weak Potion"},{"floor":16,"key":"SpeedPotion"},{"floor":19,"key":"Poison Potion"}],"is_trial":false,"path_per_floor":["M","?","M","$","M","E","?","?","T","R","E","M","R","M","R","B",null,"M","M","$","?","T","R","E","M","T","M","E","M","M","M","R","B",null,"M","$","M","M","M","E","R","M","T","E","?","E"],"character_chosen":"IRONCLAD","items_purchased":["Bag of Marbles","Anchor","OrangePellets","Lantern"],"campfire_rested":1,"item_purchase_floors":[20,20,36,36],"current_hp_per_floor":[75,64,65,65,71,80,93,93,93,93,97,96,96,109,109,103,109,112,101,101,101,101,101,101,105,105,108,112,116,121,135,135,124,145,149,149,147,156,132,93,141,139,139,153,132,93,89],"gold":344,"neow_bonus":"","is_prod":false,"is_daily":true,"chose_seed":false,"campfire_upgraded":5,"win_rate":0,"timestamp":1540343537,"path_taken":["M","?","M","$","M","E","?","?","T","R","E","?","R","M","R","BOSS","M","M","$","?","?","R","E","M","T","M","?","M","M","M","R","BOSS","M","$","M","M","M","E","R","M","T","E","?","?","M"],"build_version":"2018-10-18","purchased_purges":2,"victory":false,"max_hp_per_floor":[80,80,80,80,80,83,93,93,93,93,97,101,101,109,109,109,109,117,117,117,117,117,117,117,121,121,129,133,137,137,145,145,145,145,149,149,156,156,160,160,160,160,160,164,164,164,164],"card_choices":[{"not_picked":["Flex","Sentinel","Heavy Blade"],"picked":"SKIP","floor":1},{"not_picked":["Spot Weakness","Shockwave"],"picked":"Cleave","floor":3},{"not_picked":["Havoc","Carnage"],"picked":"Battle Trance","floor":5},{"not_picked":["Wild Strike","Corruption","Heavy Blade"],"picked":"SKIP","floor":6},{"not_picked":["Twin Strike","Immolate"],"picked":"Pommel Strike","floor":11},{"not_picked":["Flex","Rage"],"picked":"Shrug It Off","floor":12},{"not_picked":["Combust","Clash","True Grit"],"picked":"SKIP","floor":14},{"not_picked":["Fiend Fire","Berserk"],"picked":"Feed","floor":16},{"not_picked":[],"picked":"Disarm","floor":18},{"not_picked":["Sword Boomerang"],"picked":"SKIP","floor":19},{"not_picked":["Warcry"],"picked":"SKIP","floor":24},{"not_picked":["Flex"],"picked":"SKIP","floor":25},{"not_picked":["Rage"],"picked":"SKIP","floor":27},{"not_picked":["True Grit"],"picked":"SKIP","floor":28},{"not_picked":["Headbutt"],"picked":"SKIP","floor":29},{"not_picked":[],"picked":"Whirlwind","floor":30},{"not_picked":["Searing Blow"],"picked":"SKIP","floor":31},{"not_picked":[],"picked":"Feed","floor":33},{"not_picked":["Clothesline+1"],"picked":"SKIP","floor":35},{"not_picked":["Twin Strike+1"],"picked":"SKIP","floor":37},{"not_picked":[],"picked":"Pommel Strike+1","floor":38},{"not_picked":["Whirlwind"],"picked":"SKIP","floor":39},{"not_picked":["Thunderclap"],"picked":"SKIP","floor":40},{"not_picked":["Corruption"],"picked":"SKIP","floor":42},{"not_picked":["Anger+1"],"picked":"SKIP","floor":44},{"not_picked":["Flex"],"picked":"SKIP","floor":46}],"player_experience":514731,"relics_obtained":[{"floor":6,"key":"PreservedInsect"},{"floor":9,"key":"Oddly Smooth Stone"},{"floor":11,"key":"Whetstone"},{"floor":22,"key":"Tiny Chest"},{"floor":24,"key":"Boot"},{"floor":26,"key":"Red Skull"},{"floor":28,"key":"Champion Belt"},{"floor":40,"key":"Bag of Preparation"},{"floor":43,"key":"Blood Vial"},{"floor":44,"key":"War Paint"},{"floor":46,"key":"Omamori"}],"event_choices":[{"damage_healed":0,"gold_gain":75,"player_choice":"Gather Gold","damage_taken":11,"max_hp_gain":0,"max_hp_loss":0,"event_name":"World of Goop","floor":2,"gold_loss":0},{"cards_removed":["Juggernaut"],"damage_healed":3,"gold_gain":0,"player_choice":"Offered Rare","damage_taken":0,"max_hp_gain":10,"max_hp_loss":0,"event_name":"Bonfire Elementals","floor":7,"gold_loss":0},{"damage_healed":0,"gold_gain":175,"player_choice":"AGREE","damage_taken":0,"max_hp_gain":0,"max_hp_loss":0,"event_name":"Liars Game","floor":8,"gold_loss":0,"cards_obtained":["Doubt"]},{"damage_healed":0,"gold_gain":0,"player_choice":"Trade","damage_taken":0,"relics_obtained":["GremlinMask"],"max_hp_gain":0,"max_hp_loss":0,"event_name":"FaceTrader","floor":21,"gold_loss":0},{"damage_healed":0,"gold_gain":0,"player_choice":"Embrace Madness","damage_taken":21,"max_hp_gain":0,"max_hp_loss":0,"event_name":"Winding Halls","floor":45,"gold_loss":0,"cards_obtained":["Madness","Madness"]}],"is_beta":false,"boss_relics":[{"not_picked":["Snecko Eye","Calling Bell"],"picked":"Busted Crown"},{"not_picked":["Runic Dome","White Beast Statue"],"picked":"Black Blood"}],"items_purged_floors":[4,20],"is_endless":false,"potions_floor_spawned":[3,5,11,16,19,24,29,30,37,44,46],"killed_by":"Maw","ascension_level":0}