{"path_per_floor":["M","?","$","M","?","E","R","E","T","?","M","M","E","$","R","B",null,"M","M","?","$","M","E","R","E","T","M","?","$","M"],"character_chosen":"IRONCLAD","items_purchased":["Shrug It Off","Tiny Chest","Shrug It Off","Strength Potion","Spot Weakness","Heavy Blade","Regen Potion"],"gold_per_floor":[110,182,42,58,58,83,83,108,108,108,125,142,173,47,47,121,121,132,150,150,27,42,77,77,109,132,147,147,2,22,22],"floor_reached":31,"campfire_rested":1,"playtime":1647,"current_hp_per_floor":[68,68,68,71,59,37,37,23,23,41,47,45,20,20,41,27,61,63,53,46,46,45,46,46,18,18,33,33,33,23,0],"items_purged":["Parasite","Defend_R","Seeing Red"],"gold":22,"score":498,"play_id":"3bc6ceea-00f2-4e70-992b-0b0a0d69bc46","local_time":"20180412105112","is_prod":false,"is_daily":false,"is_ascension_mode":true,"campfire_upgraded":2,"timestamp":1523523072,"path_taken":["M","?","$","M","?","E","R","E","T","?","?","M","E","?","R","BOSS","M","?","?","$","M","E","R","E","T","M","?","$","M","M"],"build_version":"2018-04-05v2","purchased_purges":5,"victory":false,"master_deck":["Strike_R","Strike_R","Strike_R","Strike_R+1","Strike_R","Defend_R","Defend_R","Defend_R","Bash+1","AscendersBane","Body Slam+1","Shrug It Off","Spot Weakness","Shockwave+1","Warcry+1","Exhume+1","Rampage+1","Shrug It Off+1","Limit Break+1","Dropkick","Headbutt+1","Spot Weakness+1","Sword Boomerang","Battle Trance+1","Reaper+1","Inflame","Heavy Blade"],"max_hp_per_floor":[75,75,75,75,75,75,75,75,75,75,75,75,75,72,72,72,72,72,72,72,72,72,72,72,72,72,72,72,72,72,72],"relics":["Burning Blood","Tiny Chest","Smiling Mask","Toxic Egg 2","Happy Flower","Pen Nib","Centennial Puzzle","Velvet Choker","Prayer Wheel","Omamori","Whetstone"],"card_choices":[{"not_picked":["Combust","Second Wind"],"picked":"Body Slam","floor":1},{"not_picked":["Headbutt","Anger"],"picked":"Spot Weakness","floor":4},{"not_picked":["Wild Strike","Pummel"],"picked":"Shockwave","floor":6},{"not_picked":["Havoc","Metallicize"],"picked":"Seeing Red","floor":8},{"not_picked":["Sword Boomerang","Blood for Blood"],"picked":"Warcry","floor":11},{"not_picked":["Pommel Strike","Evolve"],"picked":"Exhume","floor":12},{"not_picked":["Body Slam","Combust"],"picked":"Rampage","floor":13},{"not_picked":["Exhume","Offering"],"picked":"Limit Break","floor":16},{"not_picked":["Thunderclap","Twin Strike"],"picked":"Dropkick","floor":18},{"not_picked":["Seeing Red","Entrench"],"picked":"Headbutt","floor":19},{"not_picked":["Headbutt","Anger"],"picked":"Sword Boomerang","floor":22},{"not_picked":["Pommel Strike","Flex"],"picked":"Battle Trance","floor":23},{"not_picked":["Thunderclap","Evolve"],"picked":"Reaper","floor":25},{"not_picked":["Body Slam","Spot Weakness"],"picked":"Inflame","floor":27}],"player_experience":294683,"potions_floor_usage":[8,16,16,25,30,31],"damage_taken":[{"damage":6,"enemies":"Jaw Worm","floor":1,"turns":8},{"damage":3,"enemies":"2 Louse","floor":4,"turns":3},{"damage":28,"enemies":"3 Sentries","floor":6,"turns":10},{"damage":20,"enemies":"Lagavulin","floor":8,"turns":8},{"damage":0,"enemies":"Cultist","floor":11,"turns":3},{"damage":8,"enemies":"Blue Slaver","floor":12,"turns":2},{"damage":31,"enemies":"Gremlin Nob","floor":13,"turns":5},{"damage":20,"enemies":"Slime Boss","floor":16,"turns":9},{"damage":4,"enemies":"3 Byrds","floor":18,"turns":5},{"damage":16,"enemies":"Shell Parasite","floor":19,"turns":6},{"damage":7,"enemies":"3 Cultists","floor":22,"turns":4},{"damage":5,"enemies":"Gremlin Leader","floor":23,"turns":4},{"damage":34,"enemies":"Slavers","floor":25,"turns":3},{"damage":4,"enemies":"Chosen and Byrds","floor":27,"turns":3},{"damage":22,"enemies":"Centurion and Healer","floor":30,"turns":3},{"damage":23,"enemies":"Slaver and Parasite","floor":31,"turns":4}],"event_choices":[{"event_name":"Golden Wing","player_choice":"Gained Gold","floor":2,"damage_taken":0},{"event_name":"Scrap Ooze","player_choice":"success","floor":5,"damage_taken":12},{"event_name":"Mushrooms","player_choice":"Healed and dodged fight","floor":10,"damage_taken":0},{"event_name":"Wheel of Change","player_choice":"Damage","floor":20,"damage_taken":0},{"event_name":"Forgotten Altar","player_choice":"Smashed Altar","floor":28,"damage_taken":0}],"boss_relics":[{"not_picked":["Calling Bell","Black Blood"],"picked":"Velvet Choker"}],"potions_floor_spawned":[1,8,11,18,19,30],"seed_played":"315731272066021570","killed_by":"Slaver and Parasite","ascension_level":14,"is_trial":false}