{"gold_per_floor":[131,161,188,125,137,149,194,219,231,254,266,296,308,330,342,428,440,464,501,528,540,393,393,405,405,405,405,144,155,171,185,185,262,312,323,323,333,343,343,343,357,377,401,401,401,416,416,146,146,146],"floor_reached":50,"playtime":4809,"items_purged":["Strike_B"],"score":833,"play_id":"edf145cb-437d-4ec8-bd41-17a6fb28d11f","local_time":"20190107215345","is_ascension_mode":true,"campfire_choices":[{"data":"Zap","floor":6.0,"key":"SMITH"},{"data":"Dualcast","floor":11.0,"key":"SMITH"},{"data":"Capacitor","floor":13.0,"key":"SMITH"},{"data":"Glacier","floor":15.0,"key":"SMITH"},{"data":"Sunder","floor":23.0,"key":"SMITH"},{"data":"Loop","floor":25.0,"key":"SMITH"},{"floor":32.0,"key":"REST"},{"floor":40.0,"key":"REST"},{"floor":44.0,"key":"REST"},{"floor":47.0,"key":"REST"},{"floor":49,"key":"REST"}],"neow_cost":"NONE","seed_source_timestamp":0,"circlet_count":0,"master_deck":["AscendersBane","Strike_B+1","Defend_B+1","Defend_B+1","Defend_B+1","Defend_B+1","Zap+1","Dualcast+1","Self Repair","Leap","Cold Snap","Skim","Cold Snap","Hologram+1","Capacitor+1","Glacier+1","Electrodynamics","FTL","Loop+1","Sunder+1","Conserve Battery","Compile Driver","Ball Lightning+1","Rebound","Consume","Reboot","Stack+1","Defragment","Barrage"],"special_seed":0,"relics":["FrozenCore","MawBank","DataDisk","Lantern","Red Mask","MutagenicStrength","OrangePellets","Tiny House","Juzu Bracelet","Oddly Smooth Stone"],"potions_floor_usage":[50],"damage_taken":[{"damage":3.0,"enemies":"2 Louse","floor":1.0,"turns":4.0},{"damage":0.0,"enemies":"Small Slimes","floor":2.0,"turns":3.0},{"damage":2.0,"enemies":"Jaw Worm","floor":3.0,"turns":5.0},{"damage":10.0,"enemies":"Lagavulin","floor":7.0,"turns":9.0},{"damage":12.0,"enemies":"3 Louse","floor":8.0,"turns":3.0},{"damage":2.0,"enemies":"Blue Slaver","floor":10.0,"turns":3.0},{"damage":1.0,"enemies":"2 Fungi Beasts","floor":12.0,"turns":3.0},{"damage":9.0,"enemies":"Exordium Wildlife","floor":14.0,"turns":5.0},{"damage":61.0,"enemies":"Hexaghost","floor":16.0,"turns":20.0},{"damage":17.0,"enemies":"2 Thieves","floor":18.0,"turns":4.0},{"damage":4.0,"enemies":"Masked Bandits","floor":19.0,"turns":3.0},{"damage":0.0,"enemies":"3 Byrds","floor":20.0,"turns":3.0},{"damage":20.0,"enemies":"Shelled Parasite and Fungi","floor":24.0,"turns":11.0},{"damage":12.0,"enemies":"3 Cultists","floor":29.0,"turns":3.0},{"damage":2.0,"enemies":"Snake Plant","floor":30.0,"turns":6.0},{"damage":0.0,"enemies":"Shelled Parasite and Fungi","floor":31.0,"turns":6.0},{"damage":20.0,"enemies":"Collector","floor":33.0,"turns":12.0},{"damage":6.0,"enemies":"Orb Walker","floor":35.0,"turns":5.0},{"damage":4.0,"enemies":"3 Shapes","floor":37.0,"turns":6.0},{"damage":5.0,"enemies":"Sphere and 2 Shapes","floor":38.0,"turns":5.0},{"damage":51.0,"enemies":"Transient","floor":39.0,"turns":5.0},{"damage":25.0,"enemies":"3 Darklings","floor":41.0,"turns":7.0},{"damage":13.0,"enemies":"Writhing Mass","floor":42.0,"turns":10.0},{"damage":47.0,"enemies":"Jaw Worm Horde","floor":46.0,"turns":7.0},{"damage":87,"enemies":"Time Eater","floor":50,"turns":14}],"seed_played":"-2663570622667048566","potions_obtained":[{"floor":1.0,"key":"Fire Potion"},{"floor":8.0,"key":"Ancient Potion"},{"floor":18.0,"key":"Block Potion"},{"floor":19.0,"key":"SmokeBomb"},{"floor":34.0,"key":"FairyPotion"},{"floor":41.0,"key":"SteroidPotion"},{"floor":46.0,"key":"AttackPotion"}],"is_trial":false,"path_per_floor":["M","M","M","?","?","R","E","M","T","M","R","M","R","M","R","B",null,"M","?","M","?","$","R","M","R","T","?","$","M","M","M","R","B",null,"M","?","M","M","M","R","M","M","T","R","?","M","R","$","R","B"],"character_chosen":"DEFECT","items_purchased":["Sunder","OrangePellets","Conserve Battery","Defragment","Barrage","Oddly Smooth Stone"],"campfire_rested":5,"item_purchase_floors":[22,28,28,48,48,48],"current_hp_per_floor":[61,68,71,71,71,71,68,63,63,68,68,71,71,69,69,15,57,47,50,57,57,57,57,44,44,44,44,44,32,37,44,65,52,71,72,72,75,76,32,54,36,30,30,52,52,12,34,34,56,0],"gold":146,"neow_bonus":"RANDOM_COMMON_RELIC","is_prod":false,"is_daily":false,"chose_seed":false,"campfire_upgraded":6,"win_rate":0,"timestamp":1546919625,"path_taken":["M","M","M","?","?","R","E","M","T","M","R","M","R","M","R","BOSS","M","?","M","?","$","R","M","R","T","?","$","M","?","M","R","BOSS","M","?","M","M","M","R","M","M","T","R","?","M","R","$","R","BOSS"],"build_version":"2019-01-03v4","purchased_purges":1,"victory":false,"max_hp_per_floor":[71,71,71,71,71,71,71,71,71,71,71,71,71,71,71,71,71,71,71,71,71,71,71,71,71,71,71,71,71,71,71,71,71,76,76,76,76,76,76,76,76,76,76,76,76,76,76,76,76,76],"card_choices":[{"not_picked":["Reinforced Body","Barrage"],"picked":"Self Repair","floor":1.0},{"not_picked":["Rebound","Streamline"],"picked":"Leap","floor":2.0},{"not_picked":["Loop","Heatsinks"],"picked":"Cold Snap","floor":3.0},{"not_picked":["Barrage","Go for the Eyes"],"picked":"Skim","floor":7.0},{"not_picked":["Go for the Eyes","Chaos"],"picked":"Cold Snap","floor":8.0},{"not_picked":["Lockon","Redo"],"picked":"Hologram","floor":10.0},{"not_picked":["Undo","Skim"],"picked":"Capacitor","floor":12.0},{"not_picked":["Reboot","Cold Snap"],"picked":"Glacier","floor":14.0},{"not_picked":["Meteor Strike","Rainbow"],"picked":"Electrodynamics","floor":16.0},{"not_picked":["Rebound","Auto Shields"],"picked":"FTL","floor":18.0},{"not_picked":["Barrage","Go for the Eyes"],"picked":"Loop","floor":19.0},{"not_picked":["Redo","Fusion","Sweeping Beam"],"picked":"SKIP","floor":20.0},{"not_picked":["Hello World","Hologram","Tempest"],"picked":"SKIP","floor":24.0},{"not_picked":["Beam Cell","Cold Snap"],"picked":"Go for the Eyes","floor":29.0},{"not_picked":["Leap+1","Hello World"],"picked":"Compile Driver","floor":30.0},{"not_picked":["Cold Snap","Fission"],"picked":"Ball Lightning+1","floor":31.0},{"not_picked":["Undo","FTL+1"],"picked":"Rebound","floor":34.0},{"not_picked":["Leap+1","Conserve Battery"],"picked":"Consume","floor":35.0},{"not_picked":["Heatsinks","Sweeping Beam","Go for the Eyes"],"picked":"SKIP","floor":37.0},{"not_picked":["Hello World+1","Steam Power+1","Skim"],"picked":"SKIP","floor":38.0},{"not_picked":["Go for the Eyes","Cold Snap"],"picked":"Reboot","floor":41.0},{"not_picked":["Sweeping Beam+1","Beam Cell"],"picked":"Stack+1","floor":42.0},{"not_picked":["Beam Cell","Rebound","Steam Power+1"],"picked":"SKIP","floor":46.0}],"player_experience":429214,"relics_obtained":[{"floor":7.0,"key":"DataDisk"},{"floor":9.0,"key":"Lantern"},{"floor":19.0,"key":"Red Mask"},{"floor":43.0,"key":"Juzu Bracelet"}],"event_choices":[{"cards_removed":["Strike_B"],"damage_healed":0.0,"max_hp_gain":0.0,"max_hp_loss":0.0,"gold_gain":0.0,"event_name":"The Cleric","player_choice":"Card Removal","floor":4.0,"gold_loss":75.0,"damage_taken":0.0},{"cards_removed":["Strike_B"],"damage_healed":0.0,"max_hp_gain":0.0,"max_hp_loss":0.0,"gold_gain":0.0,"event_name":"Living Wall","player_choice":"Forget","floor":5.0,"gold_loss":0.0,"damage_taken":0.0},{"damage_healed":0.0,"max_hp_gain":0.0,"max_hp_loss":0.0,"gold_gain":0.0,"event_name":"Masked Bandits","player_choice":"Fought Bandits","floor":19.0,"gold_loss":0.0,"damage_taken":0.0},{"damage_healed":0.0,"max_hp_gain":0.0,"max_hp_loss":0.0,"gold_gain":0.0,"event_name":"Drug Dealer","player_choice":"Inject Mutagens","floor":21.0,"gold_loss":0.0,"damage_taken":0.0,"relics_obtained":["MutagenicStrength"]},{"damage_healed":0.0,"max_hp_gain":0.0,"max_hp_loss":0.0,"gold_gain":0.0,"event_name":"Back to Basics","player_choice":"Simplicity","floor":27.0,"gold_loss":0.0,"damage_taken":0.0,"cards_upgraded":["Strike_B","Defend_B","Defend_B","Defend_B","Defend_B"]},{"damage_healed":0.0,"max_hp_gain":0.0,"max_hp_loss":0.0,"gold_gain":0.0,"event_name":"Mysterious Sphere","player_choice":"Ignored","floor":36.0,"gold_loss":0.0,"damage_taken":0.0},{"cards_removed":["Go for the Eyes"],"damage_healed":0.0,"max_hp_gain":0.0,"max_hp_loss":0.0,"gold_gain":0.0,"event_name":"Falling","player_choice":"Removed Attack","floor":45.0,"gold_loss":0.0,"damage_taken":0.0}],"is_beta":false,"boss_relics":[{"not_picked":["Eternal Feather","Velvet Choker"],"picked":"FrozenCore"},{"not_picked":["Runic Dome","Empty Cage"],"picked":"Tiny House"}],"items_purged_floors":[22],"is_endless":false,"potions_floor_spawned":[1,8,18,19,30,33,35,41,46],"killed_by":"Time Eater","ascension_level":17}