{"path_per_floor":["M","M","M","M","M","R","M","R","T","$","E","?","?","?","R","B",null,"M","?","$","?","M","E","R","M","T","E","?","?","M","?","R","B",null,"M","M","M","M","M","E","R","E","T","M","M","M","R","M","R","B"],"character_chosen":"IRONCLAD","items_purchased":["Blood Vial","Flex","Heavy Blade"],"gold_per_floor":[215,232,243,259,271,271,285,285,285,11,37,37,37,37,37,162,162,162,162,10,10,10,10,10,10,10,10,10,10,10,10,10,10,10,10,10,10,10,10,10,10,10,10,10,10,10,10,10,10,10],"floor_reached":51,"campfire_rested":1,"playtime":3412,"current_hp_per_floor":[71,77,80,62,59,59,56,56,56,56,39,39,63,49,49,18,74,74,74,74,74,72,72,72,74,74,74,74,74,74,74,74,63,74,74,74,74,60,70,66,66,17,17,26,32,33,33,43,65,35],"items_purged":["Strike_R","Writhe"],"gold":10,"play_id":"f5c8db60-a6ad-4c14-91d9-79de2bbd1e01","is_prod":false,"is_daily":false,"is_ascension_mode":false,"campfire_upgraded":7,"path_taken":["M","M","M","?","M","R","?","R","T","$","E","?","?","?","R","BOSS","M","?","$","?","M","E","R","M","T","E","?","?","M","?","R","BOSS","M","M","M","M","M","E","R","E","T","M","M","M","R","M","R","BOSS"],"build_version":"2018-01-25-PROD3","purchased_purges":2,"victory":true,"master_deck":["Defend_R","Defend_R","Defend_R+1","Defend_R","Bash+1","Headbutt+1","Flex+1","Offering+1","Twin Strike+1","Headbutt","Flex+1","Cleave","Offering+1","Inflame+1","Heavy Blade+1","Bite_R","Bite_R","Bite_R+1","Bite_R","Bite_R","Heavy Blade+1","Offering","Pommel Strike+1","Demon Form+1","Warcry+1","Offering","Headbutt+1","Battle Trance+1","Wild Strike+1","Shrug It Off","Flame Barrier","Twin Strike+1","Shrug It Off+1","Metallicize+1"],"max_hp_per_floor":[80,80,80,80,80,80,80,80,80,80,80,74,74,74,74,74,74,74,74,74,74,74,74,74,74,74,74,74,74,74,74,74,74,74,74,74,74,74,74,74,74,74,74,74,74,74,74,74,74,74],"relics":["Burning Blood","Anchor","Magic Flower","Golden Idol","Ectoplasm","Mummified Hand","War Paint","Juzu Bracelet","Whetstone","Runic Dome","Old Coin","Molten Egg","Bird Faced Urn"],"card_choices":[{"not_picked":["Combust","Anger"],"picked":"Dropkick"},{"not_picked":["Armaments","Sword Boomerang"],"picked":"Headbutt"},{"not_picked":["Fire Breathing","True Grit"],"picked":"Flex"},{"not_picked":["Perfected Strike","Fire Breathing"],"picked":"Offering"},{"not_picked":["Feel No Pain","Body Slam"],"picked":"Twin Strike"},{"not_picked":["Seeing Red","Body Slam"],"picked":"Headbutt"},{"not_picked":["Twin Strike","Metallicize"],"picked":"Cleave"},{"not_picked":["Bludgeon","Limit Break"],"picked":"Offering"},{"not_picked":["Corruption","Wild Strike"],"picked":"Inflame"},{"not_picked":["Intimidate","True Grit"],"picked":"Heavy Blade"},{"not_picked":["Intimidate","Heavy Blade"],"picked":"Offering"},{"not_picked":["Twin Strike","True Grit"],"picked":"Pommel Strike"},{"not_picked":["Searing Blow","Pummel"],"picked":"Demon Form"},{"not_picked":["Burning Pact","Flame Barrier"],"picked":"Warcry"},{"not_picked":["Fiend Fire","Barricade"],"picked":"Offering"},{"not_picked":["Battle Trance","Shockwave"],"picked":"Headbutt"},{"not_picked":["Rampage","Sword Boomerang"],"picked":"Battle Trance"},{"not_picked":["Twin Strike","Armaments"],"picked":"Wild Strike"},{"not_picked":["Infernal Blade","Clash"],"picked":"Shrug It Off"},{"not_picked":["True Grit","Sword Boomerang"],"picked":"Flame Barrier"},{"not_picked":["True Grit","Clash"],"picked":"Twin Strike"},{"not_picked":["Dual Wield","Iron Wave"],"picked":"Shrug It Off"},{"not_picked":["True Grit","Combust"],"picked":"Metallicize"}],"player_experience":16855,"potions_floor_usage":[4,11,16,23,30,30,39,42,42,50],"damage_taken":[{"damage":15,"enemies":"Blue Slaver","floor":1,"turns":6},{"damage":0,"enemies":"Small Slimes","floor":2,"turns":3},{"damage":0,"enemies":"Cultist","floor":3,"turns":2},{"damage":24,"enemies":"Exordium Thugs","floor":4,"turns":4},{"damage":9,"enemies":"Looter","floor":5,"turns":2},{"damage":9,"enemies":"2 Fungi Beasts","floor":7,"turns":3},{"damage":25,"enemies":"3 Sentries","floor":11,"turns":6},{"damage":43,"enemies":"The Guardian","floor":16,"turns":6},{"damage":9,"enemies":"Spheric Guardian","floor":18,"turns":3},{"damage":18,"enemies":"3 Byrds","floor":22,"turns":3},{"damage":22,"enemies":"Book of Stabbing","floor":23,"turns":4},{"damage":8,"enemies":"Snake Plant","floor":25,"turns":2},{"damage":8,"enemies":"Gremlin Leader","floor":27,"turns":2},{"damage":8,"enemies":"Centurion and Healer","floor":30,"turns":1},{"damage":36,"enemies":"Collector","floor":33,"turns":4},{"damage":13,"enemies":"3 Shapes","floor":35,"turns":1},{"damage":8,"enemies":"Orb Walker","floor":36,"turns":2},{"damage":8,"enemies":"3 Darklings","floor":37,"turns":3},{"damage":34,"enemies":"4 Shapes","floor":38,"turns":3},{"damage":16,"enemies":"Maw","floor":39,"turns":2},{"damage":22,"enemies":"2 Orb Walkers","floor":40,"turns":2},{"damage":81,"enemies":"Nemesis","floor":42,"turns":7},{"damage":12,"enemies":"Sphere and 2 Shapes","floor":44,"turns":2},{"damage":12,"enemies":"3 Darklings","floor":45,"turns":1},{"damage":31,"enemies":"Maw","floor":46,"turns":5},{"damage":8,"enemies":"Sphere and 2 Shapes","floor":48,"turns":1},{"damage":76,"enemies":"Time Eater","floor":50,"turns":7}],"event_choices":[{"event_name":"Golden Idol","player_choice":"Lose Max HP","floor":12,"damage_taken":0},{"event_name":"Big Fish","player_choice":"Banana","floor":13,"damage_taken":0},{"event_name":"Shining Light","player_choice":"Entered Light","floor":14,"damage_taken":0},{"event_name":"The Mausoleum","player_choice":"Yes","floor":19,"damage_taken":0},{"event_name":"Vampires","player_choice":"Became a vampire (Vial)","floor":21,"damage_taken":0},{"event_name":"Back to Basics","player_choice":"Elegance","floor":28,"damage_taken":0},{"event_name":"Addict","player_choice":"Ignored","floor":29,"damage_taken":0},{"event_name":"Beggar","player_choice":"Ignored","floor":31,"damage_taken":0}],"boss_relics":[{"not_picked":["Mark of Pain","Orrery"],"picked":"Ectoplasm"},{"not_picked":["Black Blood","Philosopher\u0027s Stone"],"picked":"Runic Dome"}],"potions_floor_spawned":[1,2,7,18,22,25,36,37,38,44],"seed_played":"5664847873111645663","ascension_level":0,"is_trial":false}