{"gold_per_floor":[112,31,31,31,45,45,73,73,144,175,175,190,190,210,210,287,287,302,321,321],"floor_reached":20,"playtime":1887,"items_purged":[],"score":346,"play_id":"cb16f861-900b-46c6-9be7-d4060dd3473e","local_time":"20180925105508","is_ascension_mode":true,"campfire_choices":[{"floor":6,"key":"REST"},{"floor":8,"key":"REST"},{"floor":11,"key":"REST"},{"floor":15,"key":"REST"}],"neow_cost":"NONE","seed_source_timestamp":856139740751522,"circlet_count":0,"master_deck":["Defend_B","Defend_B","Defend_B","Zap+1","Dualcast","AscendersBane","Ball Lightning","Consume","Rip and Tear","Auto Shields","Buffer","Multi-Cast+1","Creative AI+1","Rip and Tear+1","Turbo"],"relics":["Cracked Core","Letter Opener","Dodecahedron","Sundial","Astrolabe"],"potions_floor_usage":[7,7,16,19],"damage_taken":[{"damage":7,"enemies":"Small Slimes","floor":1,"turns":3},{"damage":1,"enemies":"Cultist","floor":5,"turns":3},{"damage":20,"enemies":"3 Sentries","floor":7,"turns":5},{"damage":43,"enemies":"Lagavulin","floor":10,"turns":6},{"damage":4,"enemies":"Jaw Worm","floor":12,"turns":3},{"damage":10,"enemies":"Exordium Thugs","floor":14,"turns":3},{"damage":27,"enemies":"The Guardian","floor":16,"turns":9},{"damage":0,"enemies":"Spheric Guardian","floor":18,"turns":3},{"damage":28,"enemies":"Shell Parasite","floor":19,"turns":6},{"damage":44,"enemies":"Chosen and Byrds","floor":20,"turns":3}],"seed_played":"2190065488770947174","potions_obtained":[{"floor":1,"key":"LiquidBronze"},{"floor":5,"key":"Fire Potion"},{"floor":14,"key":"PowerPotion"},{"floor":18,"key":"Weak Potion"}],"is_trial":false,"path_per_floor":["M","$","?","$","M","R","E","R","T","E","R","M","?","M","R","B",null,"M","M"],"character_chosen":"DEFECT","items_purchased":["Consume"],"campfire_rested":4,"item_purchase_floors":[2],"current_hp_per_floor":[57,57,57,57,56,71,51,71,71,28,49,45,45,35,56,29,61,61,33,0],"gold":321,"neow_bonus":"UPGRADE_CARD","is_prod":false,"is_daily":false,"chose_seed":false,"campfire_upgraded":0,"win_rate":0,"timestamp":1537865708,"path_taken":["M","$","?","?","M","R","E","R","T","E","R","M","?","?","R","BOSS","M","M","M"],"build_version":"2018-09-20","purchased_purges":0,"victory":false,"max_hp_per_floor":[71,71,71,71,71,71,71,71,71,71,71,71,71,71,71,71,71,71,71,71],"card_choices":[{"not_picked":["Storm","Stack"],"picked":"Ball Lightning","floor":1},{"not_picked":["Rebound","Hello World"],"picked":"Rip and Tear","floor":5},{"not_picked":["Steam","Barrage"],"picked":"Auto Shields","floor":7},{"not_picked":["Go for the Eyes","Leap","Gash"],"picked":"SKIP","floor":10},{"not_picked":["Hologram","Redo","Leap"],"picked":"SKIP","floor":12},{"not_picked":["Compile Driver","Beam Cell","Sweeping Beam"],"picked":"SKIP","floor":14},{"not_picked":["Machine Learning","Multi-Cast"],"picked":"Buffer","floor":16},{"not_picked":["Stack","Sweeping Beam"],"picked":"Turbo","floor":18},{"not_picked":["Rebound","Compile Driver","Blizzard"],"picked":"SKIP","floor":19}],"player_experience":663580,"relics_obtained":[{"floor":7,"key":"Letter Opener"},{"floor":9,"key":"Dodecahedron"},{"floor":10,"key":"Sundial"}],"event_choices":[{"event_name":"Purifier","player_choice":"One Purge","floor":3,"damage_taken":0},{"event_name":"Bonfire Elementals","player_choice":"BASIC","floor":13,"damage_taken":0}],"is_beta":false,"boss_relics":[{"not_picked":["Tiny House","Snecko Eye"],"picked":"Astrolabe"}],"items_purged_floors":[],"is_endless":false,"potions_floor_spawned":[1,5,14,18],"killed_by":"Chosen and Byrds","ascension_level":18}