{"gold_per_floor":[116,116,139,69,69,92,105,121,121,121,46,46,46,59,59,154,217,230,230,155,155,180,216,243,243,243,257,43,43,43,59,59,59],"floor_reached":33,"playtime":1426,"items_purged":["Strike_B"],"score":446,"play_id":"372203a0-df6d-450b-9bac-94975815f8b6","local_time":"20180922205652","is_ascension_mode":true,"campfire_choices":[{"floor":10,"key":"REST"},{"floor":12,"key":"REST"},{"data":"Consume","floor":15,"key":"SMITH"},{"floor":25,"key":"REST"},{"floor":30,"key":"REST"},{"floor":32,"key":"REST"}],"neow_cost":"","seed_source_timestamp":633499371875846,"circlet_count":0,"master_deck":["Strike_B","Strike_B","Strike_B","Defend_B","Defend_B","Defend_B","Zap","Dualcast","AscendersBane","Sunder","Static Discharge+1","Consume+1","Cold Snap+1","Echo Form","Conserve Battery+1","RitualDagger","Chill+1","Capacitor","Static Discharge+1","Echo Form","Leap+1"],"relics":["Cracked Core","Golden Idol","Toxic Egg 2","Tiny House","Boot","Dream Catcher","Bottled Flame","Oddly Smooth Stone"],"potions_floor_usage":[3,7,22,23,31,33],"damage_taken":[{"damage":0,"enemies":"Cultist","floor":1,"turns":3},{"damage":8,"enemies":"Small Slimes","floor":3,"turns":3},{"damage":1,"enemies":"2 Louse","floor":6,"turns":2},{"damage":14,"enemies":"Exordium Thugs","floor":7,"turns":3},{"damage":3,"enemies":"3 Louse","floor":8,"turns":2},{"damage":11,"enemies":"Blue Slaver","floor":14,"turns":3},{"damage":32,"enemies":"Slime Boss","floor":16,"turns":12},{"damage":8,"enemies":"Spheric Guardian","floor":18,"turns":5},{"damage":6,"enemies":"3 Byrds","floor":22,"turns":3},{"damage":42,"enemies":"Slavers","floor":23,"turns":3},{"damage":14,"enemies":"Cultist and Chosen","floor":27,"turns":7},{"damage":25,"enemies":"Shelled Parasite and Fungi","floor":31,"turns":3},{"damage":31,"enemies":"Champ","floor":33,"turns":11}],"seed_played":"7085972017118290118","potions_obtained":[{"floor":1,"key":"Regen Potion"},{"floor":6,"key":"Poison Potion"},{"floor":7,"key":"Ancient Potion"},{"floor":17,"key":"Explosive Potion"},{"floor":18,"key":"Poison Potion"},{"floor":27,"key":"LiquidBronze"},{"floor":31,"key":"SkillPotion"}],"is_trial":false,"path_per_floor":["M","?","M","$","?","M","M","M","T","R","$","R","$","M","R","B",null,"M","?","?","?","M","E","T","R","T","M","$","?","R","M","R"],"character_chosen":"DEFECT","items_purchased":["Static Discharge","Capacitor","Oddly Smooth Stone"],"campfire_rested":5,"item_purchase_floors":[4,28,28],"current_hp_per_floor":[64,40,41,41,41,40,26,23,23,44,44,65,65,54,54,22,64,56,56,56,50,44,2,2,24,24,10,10,10,32,7,29,0],"gold":59,"neow_bonus":"","is_prod":false,"is_daily":false,"chose_seed":false,"campfire_upgraded":1,"win_rate":0,"timestamp":1537642612,"path_taken":["M","?","M","$","?","M","M","M","T","R","$","R","?","M","R","BOSS","M","?","?","?","?","E","?","R","T","M","?","?","R","M","R","BOSS"],"build_version":"2018-09-20","purchased_purges":1,"victory":false,"max_hp_per_floor":[71,71,71,71,71,71,71,71,71,71,71,71,71,71,71,71,76,76,76,76,76,76,76,76,76,76,76,76,76,76,76,76,76],"card_choices":[{"not_picked":["Turbo","Cold Snap"],"picked":"Sunder","floor":1},{"not_picked":["Chaos","Chill","Turbo"],"picked":"SKIP","floor":3},{"not_picked":["Cold Snap","Buffer"],"picked":"Consume","floor":6},{"not_picked":["Go for the Eyes","Sweeping Beam","Streamline"],"picked":"SKIP","floor":7},{"not_picked":["Compile Driver","Barrage","Rebound"],"picked":"SKIP","floor":8},{"not_picked":["Steam+1","Leap+1"],"picked":"Cold Snap","floor":14},{"not_picked":["Core Surge","Meteor Strike"],"picked":"Echo Form","floor":16},{"not_picked":["Leap+1","Compile Driver+1"],"picked":"Conserve Battery+1","floor":18},{"not_picked":["Force Field+1","Sweeping Beam","Fusion+1"],"picked":"SKIP","floor":22},{"not_picked":["Sweeping Beam","Consume+1"],"picked":"Chill+1","floor":23},{"not_picked":["Storm","Compile Driver","Go for the Eyes"],"picked":"SKIP","floor":27},{"not_picked":["Sweeping Beam+1","Heatsinks"],"picked":"Echo Form","floor":30},{"not_picked":["Compile Driver","Recycle+1","Streamline"],"picked":"SKIP","floor":31},{"not_picked":["FTL","Heatsinks"],"picked":"Leap+1","floor":32}],"player_experience":546566,"relics_obtained":[{"floor":9,"key":"Toxic Egg 2"},{"floor":23,"key":"Boot"},{"floor":24,"key":"Dream Catcher"},{"floor":26,"key":"Bottled Flame"}],"event_choices":[{"event_name":"Golden Idol","player_choice":"Take Damage","floor":2,"damage_taken":0},{"event_name":"Upgrade Shrine","player_choice":"Upgraded","floor":5,"damage_taken":0},{"event_name":"Ghosts","player_choice":"Ignored","floor":19,"damage_taken":0},{"event_name":"Beggar","player_choice":"Gave Gold","floor":20,"damage_taken":0},{"event_name":"Nest","player_choice":"Joined the Cult","floor":21,"damage_taken":0},{"event_name":"Duplicator","player_choice":"One dupe","floor":29,"damage_taken":0}],"is_beta":false,"boss_relics":[{"not_picked":["Fusion Hammer","White Beast Statue"],"picked":"Tiny House"}],"items_purged_floors":[11],"is_endless":false,"potions_floor_spawned":[1,6,7,18,27,31],"killed_by":"Champ","ascension_level":15}