{"gold_per_floor":[114,131,142,152,167,192,192,217,242,256,117,142,142,156,156,259,259,277,0,14,14,29,29,0,0,0,11,11,11,11,11],"floor_reached":31,"playtime":2234,"items_purged":["Entrench"],"score":360,"play_id":"f6ff1760-431f-4367-8afb-fd45ea203449","local_time":"20181007142532","is_ascension_mode":true,"campfire_choices":[{"data":"Spot Weakness","floor":7,"key":"SMITH"},{"data":"Uppercut","floor":13,"key":"SMITH"},{"data":"True Grit","floor":15,"key":"SMITH"},{"floor":25,"key":"REST"},{"floor":29,"key":"REST"}],"neow_cost":"NONE","seed_source_timestamp":175740925048026,"circlet_count":0,"master_deck":["Bash+1","Metallicize","Spot Weakness+1","Twin Strike","Shrug It Off","Double Tap","Armaments","True Grit+1","Uppercut+1","Shrug It Off","Feed","Seeing Red","Armaments","Feel No Pain","Rampage","Sentinel","Carnage","Rupture","Sword Boomerang","Shrug It Off+1","Bloodletting","Power Through","Feel No Pain","Writhe"],"relics":["Burning Blood","Juzu Bracelet","Paper Frog","PreservedInsect","Dream Catcher","Bag of Preparation","Pandora\u0027s Box","Lantern","Strawberry","Nilry\u0027s Codex","Blood Vial"],"potions_floor_usage":[5,6,16,16,23,23,31],"damage_taken":[{"damage":1,"enemies":"Cultist","floor":1,"turns":3},{"damage":1,"enemies":"Small Slimes","floor":2,"turns":4},{"damage":9,"enemies":"Jaw Worm","floor":3,"turns":4},{"damage":8,"enemies":"Blue Slaver","floor":4,"turns":4},{"damage":10,"enemies":"3 Louse","floor":5,"turns":4},{"damage":22,"enemies":"Gremlin Nob","floor":6,"turns":4},{"damage":16,"enemies":"3 Sentries","floor":8,"turns":8},{"damage":9,"enemies":"Exordium Wildlife","floor":10,"turns":4},{"damage":12,"enemies":"Gremlin Nob","floor":12,"turns":3},{"damage":6,"enemies":"Blue Slaver","floor":14,"turns":3},{"damage":8,"enemies":"Slime Boss","floor":16,"turns":9},{"damage":19,"enemies":"Shell Parasite","floor":18,"turns":4},{"damage":0,"enemies":"Chosen","floor":20,"turns":2},{"damage":23,"enemies":"Centurion and Healer","floor":22,"turns":8},{"damage":42,"enemies":"Slavers","floor":23,"turns":5},{"damage":21,"enemies":"Snake Plant","floor":27,"turns":5},{"damage":46,"enemies":"3 Cultists","floor":31,"turns":4}],"seed_played":"-219128756197074392","potions_obtained":[{"floor":1,"key":"Poison Potion"},{"floor":2,"key":"FearPotion"},{"floor":5,"key":"Dexterity Potion"},{"floor":12,"key":"PowerPotion"},{"floor":14,"key":"SmokeBomb"},{"floor":18,"key":"SpeedPotion"},{"floor":27,"key":"PowerPotion"}],"is_trial":false,"path_per_floor":["M","M","M","M","M","E","R","E","T","M","?","E","R","M","R","B",null,"M","$","M","?","M","E","?","R","T","M","?","R","?"],"character_chosen":"IRONCLAD","items_purchased":["Lantern","Energy Potion"],"campfire_rested":2,"item_purchase_floors":[19,19],"current_hp_per_floor":[77,80,77,75,71,55,55,45,45,42,42,36,36,36,36,34,69,56,56,62,62,49,13,13,38,45,30,14,41,41,0],"gold":11,"neow_bonus":"UPGRADE_CARD","is_prod":false,"is_daily":false,"chose_seed":false,"campfire_upgraded":3,"win_rate":0,"timestamp":1538915132,"path_taken":["M","M","M","?","M","E","R","E","T","M","?","E","R","M","R","BOSS","M","$","M","?","M","E","?","R","T","M","?","R","?","M"],"build_version":"2018-10-04","purchased_purges":1,"victory":false,"max_hp_per_floor":[80,80,80,80,80,80,80,80,80,80,80,80,80,80,80,80,80,80,80,80,80,84,84,84,84,91,91,91,91,91,91],"card_choices":[{"not_picked":["Second Wind","Havoc"],"picked":"Metallicize","floor":1},{"not_picked":["Perfected Strike","Iron Wave"],"picked":"Spot Weakness","floor":2},{"not_picked":["Flex","Body Slam"],"picked":"Twin Strike","floor":3},{"not_picked":["Combust","Sword Boomerang"],"picked":"Shrug It Off","floor":4},{"not_picked":["Wild Strike","Clash","Havoc"],"picked":"SKIP","floor":5},{"not_picked":["Warcry","Sever Soul"],"picked":"Double Tap","floor":6},{"not_picked":["Rupture","Havoc"],"picked":"Armaments","floor":8},{"not_picked":["Flex","Heavy Blade"],"picked":"True Grit","floor":10},{"not_picked":["Clash","Seeing Red"],"picked":"Uppercut","floor":12},{"not_picked":["Clash","Body Slam"],"picked":"Shrug It Off","floor":14},{"not_picked":["Exhume","Juggernaut"],"picked":"Feed","floor":16},{"not_picked":["Clothesline","Perfected Strike","Twin Strike+1"],"picked":"SKIP","floor":18},{"not_picked":["Bloodletting+1","Dropkick+1"],"picked":"Shrug It Off+1","floor":20},{"not_picked":["Heavy Blade+1","Intimidate"],"picked":"Bloodletting","floor":22},{"not_picked":["Dropkick+1","Perfected Strike"],"picked":"Power Through","floor":27},{"not_picked":["Juggernaut","Uppercut"],"picked":"Feel No Pain","floor":29}],"player_experience":169867,"relics_obtained":[{"floor":6,"key":"Juzu Bracelet"},{"floor":8,"key":"Paper Frog"},{"floor":9,"key":"PreservedInsect"},{"floor":12,"key":"Bag of Preparation"},{"floor":26,"key":"Strawberry"},{"floor":28,"key":"Nilry\u0027s Codex"}],"event_choices":[{"event_name":"WeMeetAgain","player_choice":"Gold","floor":11,"damage_taken":0},{"event_name":"Vampires","player_choice":"Ignored","floor":21,"damage_taken":0},{"event_name":"Masked Bandits","player_choice":"Paid Fearfully","floor":24,"damage_taken":0},{"event_name":"Cursed Tome","player_choice":"Obtained Book","floor":28,"damage_taken":0},{"event_name":"The Mausoleum","player_choice":"Yes","floor":30,"damage_taken":0}],"is_beta":true,"boss_relics":[{"not_picked":["Empty Cage","Lizard Tail"],"picked":"Pandora\u0027s Box"}],"items_purged_floors":[19],"is_endless":false,"potions_floor_spawned":[1,2,5,12,14,18,23,27],"killed_by":"3 Cultists","ascension_level":6}