{"gold_per_floor":[117,133,133,147,160,160,147,167,192,192,192,222,202,220,220,315,315,329,38,38,57,21,40,40,40],"floor_reached":25,"playtime":2719,"items_purged":["Coolheaded"],"score":328,"play_id":"41c5697f-626d-4906-af15-cfb1462b9456","local_time":"20180919153949","is_ascension_mode":true,"campfire_choices":[{"data":"Echo Form","floor":6,"key":"SMITH"},{"floor":10,"key":"REST"},{"floor":15,"key":"REST"},{"floor":24,"key":"REST"}],"neow_cost":"NONE","seed_source_timestamp":353978363831825,"circlet_count":0,"master_deck":["Zap","Dualcast","AscendersBane","Storm","Echo Form+1","Zap","Undo","Ball Lightning","Storm+1","BootSequence","Machine Learning","Redo","Compile Driver","Doom and Gloom","Go for the Eyes","Doom and Gloom","Defragment","Leap","Melter","Force Field","Hello World","BootSequence","Sunder","Hologram"],"relics":["Cracked Core","Centennial Puzzle","Happy Flower","Pandora\u0027s Box"],"potions_floor_usage":[4,14,21,23,23],"damage_taken":[{"damage":1,"enemies":"Cultist","floor":1,"turns":3},{"damage":0,"enemies":"2 Louse","floor":2,"turns":3},{"damage":4,"enemies":"Small Slimes","floor":4,"turns":3},{"damage":16,"enemies":"Looter","floor":5,"turns":5},{"damage":12,"enemies":"Exordium Thugs","floor":7,"turns":5},{"damage":9,"enemies":"2 Fungi Beasts","floor":8,"turns":6},{"damage":42,"enemies":"Lagavulin","floor":12,"turns":6},{"damage":0,"enemies":"Lots of Slimes","floor":14,"turns":1},{"damage":7,"enemies":"Hexaghost","floor":16,"turns":9},{"damage":13,"enemies":"Shell Parasite","floor":18,"turns":4},{"damage":15,"enemies":"3 Byrds","floor":21,"turns":3},{"damage":10,"enemies":"Shelled Parasite and Fungi","floor":23,"turns":4},{"damage":42,"enemies":"Slavers","floor":25,"turns":3}],"seed_played":"9193198224318744993","potions_obtained":[{"floor":1,"key":"Regen Potion"},{"floor":7,"key":"Strength Potion"},{"floor":13,"key":"AttackPotion"},{"floor":14,"key":"SneckoOil"},{"floor":21,"key":"FearPotion"}],"is_trial":false,"path_per_floor":["M","M","?","M","M","R","M","M","T","R","?","E","?","M","R","B",null,"M","$","?","M","$","M","R"],"character_chosen":"DEFECT","items_purchased":["Melter","Force Field","Hello World","Sunder"],"campfire_rested":3,"item_purchase_floors":[19,19,19,22],"current_hp_per_floor":[67,67,67,72,56,56,44,35,35,57,57,15,15,15,37,30,64,51,51,37,22,22,12,36,0],"gold":40,"neow_bonus":"REMOVE_CARD","is_prod":false,"is_daily":false,"chose_seed":false,"campfire_upgraded":1,"win_rate":0,"timestamp":1537364389,"path_taken":["M","?","?","M","M","R","M","?","T","R","?","E","?","M","R","BOSS","M","$","?","M","$","M","R","E"],"build_version":"2018-09-06","purchased_purges":1,"victory":false,"max_hp_per_floor":[75,75,75,75,75,75,75,75,75,75,75,75,75,75,75,75,75,75,75,80,80,80,80,80,80],"card_choices":[{"not_picked":["Heatsinks","Turbo"],"picked":"Storm","floor":1},{"not_picked":["Barrage","Conserve Battery"],"picked":"Echo Form","floor":2},{"not_picked":["Capacitor","Chill","Stack"],"picked":"SKIP","floor":4},{"not_picked":["Rebound","Cold Snap"],"picked":"Undo","floor":5},{"not_picked":["Turbo","Cold Snap"],"picked":"Ball Lightning","floor":7},{"not_picked":["Ball Lightning","Genetic Algorithm"],"picked":"Storm","floor":8},{"not_picked":["Amplify","Biased Cognition","Redo"],"picked":"SKIP","floor":12},{"not_picked":["Beam Cell","Double Energy"],"picked":"BootSequence","floor":14},{"not_picked":["Hyperbeam","Fission"],"picked":"Machine Learning","floor":16},{"not_picked":["Ball Lightning","Blizzard"],"picked":"Leap","floor":18},{"not_picked":["Steam Power","Skim"],"picked":"BootSequence","floor":21},{"not_picked":["Beam Cell","Redo"],"picked":"Hologram","floor":23}],"player_experience":408156,"relics_obtained":[{"floor":9,"key":"Centennial Puzzle"},{"floor":12,"key":"Happy Flower"}],"event_choices":[{"event_name":"Match and Keep!","player_choice":"1 cards matched","floor":3,"damage_taken":0},{"event_name":"Accursed Blacksmith","player_choice":"Forge","floor":11,"damage_taken":0},{"event_name":"The Woman in Blue","player_choice":"Bought 1 Potion","floor":13,"damage_taken":0},{"event_name":"Forgotten Altar","player_choice":"Shed Blood","floor":20,"damage_taken":0}],"is_beta":false,"boss_relics":[{"not_picked":["Inserter","FrozenCore"],"picked":"Pandora\u0027s Box"}],"items_purged_floors":[19],"is_endless":false,"potions_floor_spawned":[1,7,14,21],"killed_by":"Slavers","ascension_level":12}