{"gold_per_floor":[362,380,394,344,355,385,385,412,483,483,483,511,511,529,529,627,627,647],"floor_reached":18,"playtime":684,"items_purged":[],"score":218,"play_id":"e86dc353-b6ea-425a-8367-8387b16355a4","local_time":"20180623124226","is_ascension_mode":true,"campfire_choices":[{"data":"Barrage","floor":7.0,"key":"SMITH"},{"floor":10.0,"key":"REST"},{"floor":15.0,"key":"REST"}],"neow_cost":"","seed_source_timestamp":0,"circlet_count":0,"master_deck":["Strike_B","Strike_B","Strike_B","Defend_B","Defend_B","Defend_B","Defend_B","Zap","Dualcast","Leap","Compile Driver","Barrage+1","Beam Cell","Lockon","Sweeping Beam","Coolheaded","Seek"],"special_seed":0,"relics":["Cracked Core","Juzu Bracelet","Emotion Chip","Cables","Strawberry","Kunai","Busted Crown"],"potions_floor_usage":[],"damage_taken":[{"damage":4.0,"enemies":"Jaw Worm","floor":1.0,"turns":3.0},{"damage":0.0,"enemies":"2 Louse","floor":2.0,"turns":3.0},{"damage":3.0,"enemies":"Small Slimes","floor":3.0,"turns":3.0},{"damage":0.0,"enemies":"2 Fungi Beasts","floor":5.0,"turns":3.0},{"damage":26.0,"enemies":"Lagavulin","floor":6.0,"turns":6.0},{"damage":16.0,"enemies":"Gremlin Nob","floor":8.0,"turns":3.0},{"damage":21.0,"enemies":"Lagavulin","floor":12.0,"turns":6.0},{"damage":16.0,"enemies":"Gremlin Gang","floor":14.0,"turns":3.0},{"damage":18.0,"enemies":"Slime Boss","floor":16.0,"turns":8.0},{"damage":23.0,"enemies":"Shell Parasite","floor":18.0,"turns":4.0}],"seed_played":"-40904040166724609","potions_obtained":[{"floor":1.0,"key":"Fire Potion"},{"floor":3.0,"key":"FairyPotion"},{"floor":5.0,"key":"FocusPotion"},{"floor":12.0,"key":"LiquidBronze"}],"is_trial":false,"path_per_floor":["M","M","M","?","M","E","R","E","T","R","?","E","?","M","R","B",null],"character_chosen":"DEFECT","items_purchased":[],"campfire_rested":2,"item_purchase_floors":[],"current_hp_per_floor":[71,71,68,68,68,42,42,26,26,47,47,33,33,17,40,22,79,56],"gold":647,"neow_bonus":"","is_prod":false,"is_daily":false,"chose_seed":false,"campfire_upgraded":1,"win_rate":0,"timestamp":1529782946,"path_taken":["M","M","M","?","M","E","R","E","T","R","?","E","?","M","R","BOSS","M"],"build_version":"2018-06-21v2","purchased_purges":0,"victory":false,"max_hp_per_floor":[75,75,75,72,72,72,72,72,72,72,72,79,79,79,79,79,79,79],"card_choices":[{"not_picked":["Loop","Rebound"],"picked":"Leap","floor":1.0},{"not_picked":["Storm","Gash"],"picked":"Compile Driver","floor":2.0},{"not_picked":["White Noise","Compile Driver"],"picked":"Barrage","floor":3.0},{"not_picked":["BootSequence","Rebound"],"picked":"Beam Cell","floor":5.0},{"not_picked":["Scrape","Aggregate"],"picked":"Lockon","floor":6.0},{"not_picked":["Hologram","Compile Driver"],"picked":"Sweeping Beam","floor":8.0},{"not_picked":["Skim","Rip and Tear","Blizzard"],"picked":"SKIP","floor":12.0},{"not_picked":["Ball Lightning","Sweeping Beam"],"picked":"Coolheaded","floor":14.0},{"not_picked":["Biased Cognition","Reboot"],"picked":"Seek","floor":16.0},{"not_picked":["White Noise"],"picked":"SKIP","floor":18}],"player_experience":321436,"relics_obtained":[{"floor":6.0,"key":"Juzu Bracelet"},{"floor":8.0,"key":"Emotion Chip"},{"floor":9.0,"key":"Cables"},{"floor":12.0,"key":"Strawberry"}],"event_choices":[{"event_name":"The Cleric","player_choice":"Card Removal","floor":4.0,"damage_taken":0.0},{"event_name":"Purifier","player_choice":"One Purge","floor":11.0,"damage_taken":0.0},{"event_name":"Dead Adventurer","player_choice":"Searched \u00271\u0027 times","floor":13.0,"damage_taken":0.0}],"boss_relics":[{"not_picked":["Pandora\u0027s Box","White Beast Statue"],"picked":"Busted Crown"}],"items_purged_floors":[],"is_endless":false,"potions_floor_spawned":[1,3,5,12],"killed_by":"Shell Parasite","ascension_level":4}