{"path_per_floor":["M","?","M","M","M","R","E","M","T","M","M","E","R","$","R","B",null,"M","M","?","$","M","R","M","R","T","M"],"character_chosen":"DEFECT","items_purchased":["Rip and Tear+1","Blood Vial","Beam Cell+1"],"gold_per_floor":[114,114,132,145,157,157,190,200,200,218,238,273,273,126,126,230,230,248,262,177,9,19,19,29,29,105,125,125],"floor_reached":28,"campfire_rested":2,"playtime":1234,"item_purchase_floors":[14,21,21],"current_hp_per_floor":[71,56,56,48,46,46,28,28,28,28,20,9,9,9,31,8,75,43,9,9,9,9,31,33,33,33,7,0],"items_purged":["Strike_B"],"gold":125,"score":257,"play_id":"1c16cdcf-2aee-4946-b214-2c7ea93afc95","local_time":"20180530182739","is_prod":false,"is_daily":false,"chose_seed":false,"is_ascension_mode":true,"campfire_upgraded":3,"win_rate":0,"timestamp":1527719259,"campfire_choices":[{"data":"Double Energy","floor":6,"key":"SMITH"},{"data":"Fusion","floor":13,"key":"SMITH"},{"floor":15,"key":"REST"},{"floor":23,"key":"REST"},{"data":"Static Discharge","floor":25,"key":"SMITH"}],"path_taken":["M","?","M","M","M","R","E","M","T","M","M","E","R","$","R","BOSS","M","M","?","$","M","R","?","R","T","M","E"],"build_version":"2018-05-29","seed_source_timestamp":189707224230402,"purchased_purges":1,"victory":false,"master_deck":["Strike_B","Strike_B","Strike_B","Defend_B+1","Defend_B","Defend_B","Defend_B+1","Zap+1","Dualcast","Fusion+1","Double Energy+1","Chill","Static Discharge+1","Defragment","Recycle","Scrape+1","Auto Shields","Rip and Tear+1","Biased Cognition","Darkness","Streamline+1","Beam Cell+1","Go for the Eyes+1","Hello World","Conserve Battery+1"],"max_hp_per_floor":[75,75,75,75,75,75,75,75,75,75,75,75,75,75,75,75,75,75,75,75,75,75,75,75,75,75,75,75],"relics":["Cracked Core","Pen Nib","Molten Egg 2","Bag of Marbles","Sozu","Shuriken","Blood Vial","Smiling Mask"],"card_choices":[{"not_picked":["Turbo","Glacier"],"picked":"Fusion","floor":1},{"not_picked":["Gash","Undo","Sweeping Beam"],"picked":"SKIP","floor":3},{"not_picked":["Auto Shields","Gash"],"picked":"Double Energy","floor":4},{"not_picked":["Barrage","Genetic Algorithm"],"picked":"Chill","floor":5},{"not_picked":["Storm","White Noise"],"picked":"Static Discharge","floor":7},{"not_picked":["Hologram","Barrage"],"picked":"Defragment","floor":8},{"not_picked":["Chaos","Cold Snap+1"],"picked":"Recycle","floor":10},{"not_picked":["Genetic Algorithm","Tempest"],"picked":"Scrape+1","floor":11},{"not_picked":["Coolheaded","Static Discharge"],"picked":"Auto Shields","floor":12},{"not_picked":["Multi-Cast","Buffer"],"picked":"Biased Cognition","floor":16},{"not_picked":["Redo","Rebound+1"],"picked":"Darkness","floor":18},{"not_picked":["Redo","Conserve Battery"],"picked":"Streamline+1","floor":19},{"not_picked":["Heatsinks+1","BootSequence"],"picked":"Go for the Eyes+1","floor":22},{"not_picked":["Rip and Tear+1","Cold Snap+1"],"picked":"Hello World","floor":24},{"not_picked":["Rip and Tear+1","Darkness"],"picked":"Conserve Battery+1","floor":27}],"player_experience":207533,"potions_floor_usage":[7,12,12,28],"damage_taken":[{"damage":4,"enemies":"Jaw Worm","floor":1,"turns":3},{"damage":0,"enemies":"Cultist","floor":3,"turns":4},{"damage":8,"enemies":"Small Slimes","floor":4,"turns":4},{"damage":2,"enemies":"2 Fungi Beasts","floor":5,"turns":4},{"damage":18,"enemies":"Lagavulin","floor":7,"turns":9},{"damage":0,"enemies":"Large Slime","floor":8,"turns":6},{"damage":0,"enemies":"Red Slaver","floor":10,"turns":5},{"damage":8,"enemies":"2 Fungi Beasts","floor":11,"turns":4},{"damage":11,"enemies":"Gremlin Nob","floor":12,"turns":3},{"damage":23,"enemies":"Hexaghost","floor":16,"turns":10},{"damage":32,"enemies":"Shell Parasite","floor":18,"turns":5},{"damage":34,"enemies":"Chosen","floor":19,"turns":5},{"damage":2,"enemies":"Centurion and Healer","floor":22,"turns":4},{"damage":0,"enemies":"Snake Plant","floor":24,"turns":2},{"damage":28,"enemies":"3 Cultists","floor":27,"turns":5},{"damage":28,"enemies":"Book of Stabbing","floor":28,"turns":2}],"relics_obtained":[{"floor":7,"key":"Pen Nib"},{"floor":9,"key":"Molten Egg 2"},{"floor":12,"key":"Bag of Marbles"},{"floor":26,"key":"Smiling Mask"}],"event_choices":[{"event_name":"Shining Light","player_choice":"Entered Light","floor":2,"damage_taken":0},{"event_name":"Addict","player_choice":"Obtained Relic","floor":20,"damage_taken":0}],"boss_relics":[{"not_picked":["Snecko Eye","Inserter"],"picked":"Sozu"}],"items_purged_floors":[14],"potions_floor_spawned":[4,5,7,8,10,18,27],"seed_played":"5187856122765548552","killed_by":"Book of Stabbing","ascension_level":2,"potions_obtained":[{"floor":4,"key":"Block Potion"},{"floor":5,"key":"FocusPotion"},{"floor":7,"key":"Swift Potion"},{"floor":8,"key":"FocusPotion"}],"is_trial":false}