{"gold_per_floor":[12110,12120,12120,12138,12313,12313,12325,12325,12349,12424,12424,12456,12476,12495,12495,12590,12640,12659,12693,12693,11820,11838,11838,11857,11857,11857,11857,11874,11074,11100,11110,11110,11213,11213,11226,11241,11320,11340,11340,11340,10714,10743,10743,10756,9783,9803,9815,9832,9832,9832,9832,9832,8746,8772,8772],"floor_reached":56,"playtime":3035,"items_purged":["PanicButton","Doubt","Redo","Strike_R","Redo"],"score":1451,"play_id":"ea19f350-63d6-4d05-9605-71b71e1bd205","local_time":"20190225001315","is_ascension_mode":false,"campfire_choices":[{"data":"Zap","floor":6,"key":"SMITH"},{"data":"White Noise","floor":8,"key":"SMITH"},{"data":"Dualcast","floor":11,"key":"SMITH"},{"data":"Coolheaded","floor":15,"key":"SMITH"},{"data":"Double Energy","floor":23,"key":"SMITH"},{"data":"Gash","floor":27,"key":"SMITH"},{"data":"Chill","floor":32,"key":"SMITH"},{"data":"1","floor":40,"key":"LIFT"},{"floor":49,"key":"RECALL"},{"data":"2","floor":52,"key":"LIFT"}],"neow_cost":"NONE","seed_source_timestamp":0,"circlet_count":0,"master_deck":["Zap+1","Dualcast+1","Conserve Battery+1","Conserve Battery","BootSequence","Double Energy+1","Compile Driver","Go for the Eyes","All For One+1","White Noise+1","Buffer","Hologram","Tempest","Electrodynamics","Coolheaded+1","Reboot","Self Repair","Gash+1","Gash+1","Madness","Static Discharge","Turbo+1","Chill+1","Seek","Core Surge+1","Gash+1","Core Surge+1","Panacea+1","Storm+1","All For One+1","Blind","Thinking Ahead","The Bomb"],"special_seed":0,"relics":["Pandora\u0027s Box","Ice Cream","Champion Belt","Pen Nib","Tiny House","Red Mask","Strange Spoon","Kunai","Ginger","Gremlin Horn","Toolbox","Tiny Chest","Blood Vial","Girya","Eternal Feather","Blue Candle","HandDrill","Bag of Marbles","Lantern","Dead Branch","Singing Bowl","PrismaticShard","Molten Egg 2","Oddly Smooth Stone","TheAbacus","Whetstone","DataDisk","FossilizedHelix"],"potions_floor_usage":[12,18,24,55,55],"damage_taken":[{"damage":0.0,"enemies":"Cultist","floor":1.0,"turns":4.0},{"damage":2.0,"enemies":"Jaw Worm","floor":2.0,"turns":5.0},{"damage":0,"enemies":"Small Slimes","floor":4,"turns":3},{"damage":15,"enemies":"3 Louse","floor":7,"turns":5},{"damage":0,"enemies":"Lagavulin","floor":12,"turns":5},{"damage":0,"enemies":"Exordium Thugs","floor":13,"turns":4},{"damage":0,"enemies":"Looter","floor":14,"turns":3},{"damage":0,"enemies":"Slime Boss","floor":16,"turns":7},{"damage":16,"enemies":"3 Byrds","floor":18,"turns":3},{"damage":0,"enemies":"Masked Bandits","floor":19,"turns":4},{"damage":0,"enemies":"Chosen","floor":22,"turns":4},{"damage":0,"enemies":"Snake Plant","floor":24,"turns":3},{"damage":0,"enemies":"Snecko","floor":28,"turns":5},{"damage":20,"enemies":"Book of Stabbing","floor":30,"turns":4},{"damage":0,"enemies":"Chosen and Byrds","floor":31,"turns":4},{"damage":21,"enemies":"Collector","floor":33,"turns":4},{"damage":3,"enemies":"3 Darklings","floor":35,"turns":3},{"damage":9,"enemies":"Orb Walker","floor":36,"turns":3},{"damage":0,"enemies":"Transient","floor":38,"turns":5},{"damage":0,"enemies":"Reptomancer","floor":42,"turns":6},{"damage":11,"enemies":"Spire Growth","floor":44,"turns":4},{"damage":0,"enemies":"Sphere and 2 Shapes","floor":46,"turns":4},{"damage":0,"enemies":"4 Shapes","floor":47,"turns":2},{"damage":1,"enemies":"Jaw Worm Horde","floor":48,"turns":2},{"damage":105,"enemies":"Awakened One","floor":50,"turns":7},{"damage":34,"enemies":"Shield and Spear","floor":54,"turns":3},{"damage":101,"enemies":"The Heart","floor":55,"turns":7}],"seed_played":"4675028544491375791","potions_obtained":[{"floor":7,"key":"LiquidBronze"},{"floor":13,"key":"LiquidBronze"},{"floor":17,"key":"FairyPotion"},{"floor":18,"key":"Regen Potion"}],"is_trial":false,"path_per_floor":["M","M","$","M","?","R","M","R","T","?","R","E","M","M","R","B",null,"M","?","?","$","M","R","M","?","T","R","M","$","E","M","R","B",null,"M","M","T","M","?","R","$","E","T","M","$","M","M","M","R","B",null,"R","$","E","B",null],"character_chosen":"DEFECT","items_purchased":["Strange Spoon","Kunai","Ginger","Strength Potion","Toolbox","Tiny Chest","Blood Vial","Madness","Static Discharge","Energy Potion","HandDrill","Bag of Marbles","Lantern","PrismaticShard","Molten Egg 2","Oddly Smooth Stone","Strength Potion","Core Surge+1","TheAbacus","Whetstone","DataDisk","All For One+1","Blind","Thinking Ahead"],"campfire_rested":0,"item_purchase_floors":[21,21,21,21,29,29,29,29,29,29,41,41,41,45,45,45,45,45,53,53,53,53,53,53],"current_hp_per_floor":[275,273,273,273,273,273,258,258,258,247,247,247,247,247,247,247,280,264,264,199,199,199,199,208,202,202,202,209,209,191,200,200,188,285,282,282,282,285,285,285,285,285,285,283,283,287,289,288,289,184,289,289,289,255,156],"gold":8772,"neow_bonus":"RANDOM_COLORLESS","is_prod":false,"is_daily":false,"chose_seed":false,"campfire_upgraded":7,"win_rate":0,"timestamp":1551071595,"path_taken":["M","M","$","M","?","R","M","R","T","?","R","E","M","M","R","BOSS","M","?","?","$","M","R","?","?","T","R","M","?","E","M","R","BOSS","M","M","?","?","?","R","$","E","T","?","$","M","M","M","R","BOSS","R","$","E","BOSS"],"build_version":"2019-01-23","purchased_purges":5,"victory":true,"max_hp_per_floor":[275,275,275,275,275,275,275,275,275,275,275,275,275,275,275,275,280,280,280,285,285,285,285,285,285,285,285,285,285,285,285,285,285,285,285,285,285,285,285,285,285,285,285,287,287,289,289,289,289,289,289,289,289,289,289],"card_choices":[{"not_picked":["Sweeping Beam","Steam"],"picked":"Hologram","floor":1.0},{"not_picked":["Sweeping Beam","Redo","Force Field"],"picked":"SKIP","floor":2.0},{"not_picked":["Rebound","Beam Cell"],"picked":"Tempest","floor":4},{"not_picked":["Barrage","Gash"],"picked":"Electrodynamics","floor":7},{"not_picked":["Barrage","Genetic Algorithm","Go for the Eyes"],"picked":"SKIP","floor":12},{"not_picked":["Conserve Battery","Go for the Eyes"],"picked":"Coolheaded","floor":13},{"not_picked":["Chaos","Beam Cell","Double Energy"],"picked":"SKIP","floor":14},{"not_picked":["Amplify","All For One"],"picked":"Reboot","floor":16},{"not_picked":["Cold Snap+1","Compile Driver","Barrage"],"picked":"SKIP","floor":18},{"not_picked":["Scrape","Stack+1"],"picked":"Self Repair","floor":19},{"not_picked":["Hologram","Go for the Eyes+1"],"picked":"Gash","floor":22},{"not_picked":["Scrape","Compile Driver","Rebound"],"picked":"SKIP","floor":24},{"not_picked":["Reprogram","Rebound"],"picked":"Gash+1","floor":28},{"not_picked":["Go for the Eyes","Buffer"],"picked":"Turbo+1","floor":30},{"not_picked":["Scrape","Turbo"],"picked":"Chill","floor":31},{"not_picked":["Buffer","Echo Form"],"picked":"Seek","floor":33},{"not_picked":["Conserve Battery+1","Turbo","Barrage"],"picked":"SKIP","floor":35},{"not_picked":["Redo+1","Heatsinks+1"],"picked":"Core Surge","floor":36},{"not_picked":["Barrage","Go for the Eyes+1"],"picked":"Gash+1","floor":38},{"not_picked":["Hyperbeam","Scrape+1","Hologram"],"picked":"SKIP","floor":42},{"not_picked":["Beam Cell+1","Compile Driver","Gash"],"picked":"Singing Bowl","floor":44},{"not_picked":["Dagger Throw+1","Redo","Steam"],"picked":"Singing Bowl","floor":46},{"not_picked":["Beam Cell+1","Reckless Charge+1"],"picked":"Panacea+1","floor":47},{"not_picked":["Turbo+1","Go for the Eyes+1"],"picked":"Storm+1","floor":48},{"not_picked":["Clothesline+1","Cold Snap+1"],"picked":"The Bomb","floor":54}],"player_experience":741864,"relics_obtained":[{"floor":12,"key":"Pen Nib"},{"floor":19,"key":"Red Mask"},{"floor":26,"key":"Gremlin Horn"},{"floor":30,"key":"Girya"},{"floor":37,"key":"Blue Candle"},{"floor":42,"key":"Dead Branch"},{"floor":43,"key":"Singing Bowl"},{"floor":54,"key":"FossilizedHelix"}],"event_choices":[{"damage_healed":0,"gold_gain":175,"player_choice":"AGREE","damage_taken":0,"max_hp_gain":0,"max_hp_loss":0,"event_name":"Liars Game","floor":5,"gold_loss":0,"cards_obtained":["Doubt"]},{"damage_healed":0,"gold_gain":75,"player_choice":"Gather Gold","damage_taken":11,"max_hp_gain":0,"max_hp_loss":0,"event_name":"World of Goop","floor":10,"gold_loss":0},{"damage_healed":0,"gold_gain":0,"player_choice":"Fought Bandits","damage_taken":0,"max_hp_gain":0,"max_hp_loss":0,"event_name":"Masked Bandits","floor":19,"gold_loss":0},{"damage_healed":0,"gold_gain":0,"player_choice":"Shed Blood","damage_taken":70,"max_hp_gain":5,"max_hp_loss":0,"event_name":"Forgotten Altar","floor":20,"gold_loss":0},{"damage_healed":0,"gold_gain":0,"player_choice":"Joined the Cult","damage_taken":6,"max_hp_gain":0,"max_hp_loss":0,"event_name":"Nest","floor":25,"gold_loss":0,"cards_obtained":["RitualDagger"]},{"cards_removed":["RitualDagger"],"damage_healed":0,"gold_gain":0,"player_choice":"Took Card","damage_taken":0,"max_hp_gain":0,"max_hp_loss":0,"event_name":"NoteForYourself","floor":39,"gold_loss":0,"cards_obtained":["Strike_R"]}],"is_beta":false,"boss_relics":[{"not_picked":["Orrery","White Beast Statue"],"picked":"Tiny House"},{"not_picked":["Sozu","Snecko Eye"],"picked":"Eternal Feather"}],"items_purged_floors":[21,29,41,45,53],"is_endless":false,"potions_floor_spawned":[7,13,18,22,30,36,38,42,47],"ascension_level":0}