{"gold_per_floor":[114,129,144,171,198,240,252,264,276,288,330,357,384,411,423,535,547,574,601,628,655,667,709,721,793,830,857,869,896,908,935,947,1059,1071,1098,145,0,15,30,30,60,60,60,60,75,105,105,180,180,180],"floor_reached":51,"playtime":2779,"items_purged":["Hello World"],"score":913,"play_id":"40de8221-2734-4743-9a49-b77b06269cb8","local_time":"20180731200914","daily_mods":["Insanity","Night Terrors","Vintage"],"is_ascension_mode":false,"campfire_choices":[{"floor":8,"key":"REST"},{"data":"Echo Form","floor":15,"key":"SMITH"},{"floor":24,"key":"REST"},{"data":"Defragment","floor":32,"key":"SMITH"},{"floor":40,"key":"REST"},{"floor":42,"key":"REST"},{"floor":49,"key":"REST"}],"neow_cost":"","seed_source_timestamp":0,"circlet_count":0,"master_deck":["All For One","BootSequence","Coolheaded","Gash+1","Fission","Zap","Doom and Gloom","Double Energy","Rip and Tear","Sunder","Blizzard","Echo Form+1","Turbo","Defend_B","Genetic Algorithm","Lockon","Melter","White Noise","Dualcast","Doom and Gloom","Rainbow","Static Discharge","Lockon","Rainbow","Machine Learning","Strike_B","Compile Driver","Aggregate","Defragment+1","Loop","Rebound","Multi-Cast","Auto Shields","Rip and Tear","Rainbow","Ball Lightning+1","Ball Lightning","Static Discharge","Storm","Self Repair","Heatsinks","Blizzard","Conserve Battery","Rainbow+1","Compile Driver","Dualcast+1","Cold Snap","Cold Snap","Glacier","Loop","Electrodynamics","Chaos+1","Blizzard","Rainbow+1","Core Surge","Reboot+1","Streamline","Madness+1","Madness+1","Defragment+1"],"special_seed":17744,"relics":["Cracked Core","Matryoshka","Nunchaku","MawBank","Dream Catcher","Shuriken","Strawberry","Ornamental Fan","Bronze Scales","The Courier","Potion Belt","Lantern","Question Card","Pear","Toxic Egg 2","Empty Cage","War Paint","Whetstone","Regal Pillow","Blood Vial","Happy Flower","Tiny Chest","Smiling Mask","Bag of Preparation","Symbiotic Virus","DataDisk","Juzu Bracelet","Centennial Puzzle","Fusion Hammer","Vajra","Anchor","Omamori","Art of War","Orichalcum","Pen Nib","Cauldron","Red Mask","Ancient Tea Set","Bottled Lightning","Pantograph","Letter Opener","Frozen Egg 2","Kunai","Cables"],"potions_floor_usage":[4,19,19,21,23,23,23,33,50,50,50,50],"damage_taken":[{"damage":0,"enemies":"Small Slimes","floor":1,"turns":4},{"damage":1,"enemies":"Jaw Worm","floor":2,"turns":3},{"damage":0,"enemies":"Cultist","floor":3,"turns":3},{"damage":11,"enemies":"Lots of Slimes","floor":4,"turns":2},{"damage":10,"enemies":"Looter","floor":5,"turns":3},{"damage":16,"enemies":"3 Sentries","floor":6,"turns":5},{"damage":0,"enemies":"Gremlin Nob","floor":11,"turns":2},{"damage":11,"enemies":"Exordium Wildlife","floor":12,"turns":4},{"damage":6,"enemies":"Exordium Thugs","floor":13,"turns":3},{"damage":0,"enemies":"Looter","floor":14,"turns":2},{"damage":33,"enemies":"The Guardian","floor":16,"turns":6},{"damage":12,"enemies":"Shell Parasite","floor":18,"turns":3},{"damage":18,"enemies":"2 Thieves","floor":19,"turns":3},{"damage":23,"enemies":"Snake Plant","floor":20,"turns":3},{"damage":3,"enemies":"Cultist and Chosen","floor":21,"turns":4},{"damage":12,"enemies":"Book of Stabbing","floor":23,"turns":5},{"damage":24,"enemies":"Gremlin Leader","floor":25,"turns":6},{"damage":17,"enemies":"3 Cultists","floor":27,"turns":4},{"damage":1,"enemies":"Chosen and Byrds","floor":29,"turns":4},{"damage":0,"enemies":"Snake Plant","floor":31,"turns":2},{"damage":49,"enemies":"Champ","floor":33,"turns":8},{"damage":7,"enemies":"3 Darklings","floor":35,"turns":3},{"damage":0,"enemies":"Orb Walker","floor":38,"turns":2},{"damage":10,"enemies":"Flame Bruiser 2 Orb","floor":39,"turns":4},{"damage":50,"enemies":"Nemesis","floor":41,"turns":7},{"damage":7,"enemies":"Transient","floor":45,"turns":5},{"damage":21,"enemies":"2 Orb Walkers","floor":46,"turns":3},{"damage":37,"enemies":"Donu and Deca","floor":50,"turns":5}],"seed_played":"6799586838915861178","potions_obtained":[{"floor":3,"key":"SkillPotion"},{"floor":6,"key":"Explosive Potion"},{"floor":11,"key":"GamblersBrew"},{"floor":13,"key":"Explosive Potion"},{"floor":14,"key":"Fire Potion"},{"floor":18,"key":"Dexterity Potion"},{"floor":20,"key":"EssenceOfSteel"},{"floor":21,"key":"FocusPotion"},{"floor":25,"key":"Fire Potion"},{"floor":29,"key":"FearPotion"},{"floor":31,"key":"SpeedPotion"},{"floor":36,"key":"PowerPotion"},{"floor":36,"key":"Fire Potion"},{"floor":36,"key":"AttackPotion"}],"is_trial":false,"path_per_floor":["M","M","M","M","M","E","?","R","T","?","E","M","M","M","R","B",null,"M","M","M","M","?","E","R","E","T","M","$","M","$","M","R","B",null,"M","$","?","M","M","R","E","R","T","?","M","E","$","T","R","B"],"character_chosen":"DEFECT","items_purchased":["Core Surge","Anchor","Omamori","Art of War","Orichalcum","Pen Nib","Cauldron"],"campfire_rested":5,"item_purchase_floors":[36,36,36,36,36,36,36],"current_hp_per_floor":[75,74,74,63,53,51,51,77,77,70,70,59,53,63,63,30,87,75,64,41,45,28,18,87,77,77,69,69,70,70,72,72,32,87,87,87,87,87,84,82,39,77,77,67,69,50,50,50,72,35],"gold":180,"neow_bonus":"","is_prod":false,"is_daily":true,"chose_seed":false,"campfire_upgraded":2,"win_rate":0,"timestamp":1533092954,"path_taken":["M","M","M","M","M","E","?","R","T","?","E","M","?","M","R","BOSS","M","M","M","?","?","E","R","E","T","M","$","M","$","M","R","BOSS","M","$","?","M","M","R","E","R","T","?","M","E","$","?","R","BOSS"],"build_version":"2018-07-26","purchased_purges":1,"victory":true,"max_hp_per_floor":[75,75,75,75,75,82,82,77,77,77,77,77,77,87,87,87,87,87,87,87,87,92,92,87,87,87,87,87,87,87,87,87,87,87,87,87,87,87,87,82,82,77,77,77,77,77,77,77,72,72],"card_choices":[{"not_picked":["Conserve Battery","Hello World"],"picked":"Cold Snap","floor":6},{"not_picked":["Sweeping Beam","Melter"],"picked":"Glacier","floor":8},{"not_picked":["Multi-Cast","Melter"],"picked":"Loop","floor":11},{"not_picked":["Reboot","Buffer","Meteor Strike"],"picked":"Electrodynamics","floor":16},{"not_picked":["Echo Form","Reprogram+1","Beam Cell","Blizzard"],"picked":"SKIP","floor":23},{"not_picked":["Cold Snap+1","Stack+1","Storm"],"picked":"Chaos+1","floor":24},{"not_picked":["FTL+1","Go for the Eyes","Storm"],"picked":"Blizzard","floor":25},{"not_picked":["Buffer","Reboot+1","Echo Form"],"picked":"Rainbow+1","floor":33},{"not_picked":["Melter+1","Compile Driver","Beam Cell"],"picked":"Reboot+1","floor":41},{"not_picked":["Cold Snap","Compile Driver+1","Barrage"],"picked":"Streamline","floor":42},{"not_picked":["Thunder Strike","Barrage","Stack+1","Rip and Tear+1"],"picked":"SKIP","floor":46},{"not_picked":["Gash+1","Consume+1","Turbo+1"],"picked":"Defragment+1","floor":49}],"player_experience":396675,"relics_obtained":[{"floor":1,"key":"Matryoshka"},{"floor":2,"key":"Nunchaku"},{"floor":3,"key":"MawBank"},{"floor":4,"key":"Dream Catcher"},{"floor":5,"key":"Shuriken"},{"floor":6,"key":"Strawberry"},{"floor":9,"key":"Bronze Scales"},{"floor":9,"key":"The Courier"},{"floor":11,"key":"Potion Belt"},{"floor":12,"key":"Lantern"},{"floor":13,"key":"Question Card"},{"floor":14,"key":"Pear"},{"floor":16,"key":"Toxic Egg 2"},{"floor":18,"key":"War Paint"},{"floor":19,"key":"Whetstone"},{"floor":20,"key":"Regal Pillow"},{"floor":21,"key":"Blood Vial"},{"floor":23,"key":"Happy Flower"},{"floor":25,"key":"Tiny Chest"},{"floor":26,"key":"Smiling Mask"},{"floor":26,"key":"Bag of Preparation"},{"floor":27,"key":"Symbiotic Virus"},{"floor":29,"key":"DataDisk"},{"floor":31,"key":"Juzu Bracelet"},{"floor":33,"key":"Centennial Puzzle"},{"floor":35,"key":"Vajra"},{"floor":38,"key":"Ancient Tea Set"},{"floor":39,"key":"Bottled Lightning"},{"floor":41,"key":"Pantograph"},{"floor":43,"key":"Letter Opener"},{"floor":45,"key":"Frozen Egg 2"},{"floor":46,"key":"Kunai"},{"floor":48,"key":"Cables"}],"event_choices":[{"event_name":"Big Fish","player_choice":"Box","floor":7,"damage_taken":0},{"event_name":"Golden Wing","player_choice":"Card Removal","floor":10,"damage_taken":0},{"event_name":"Forgotten Altar","player_choice":"Shed Blood","floor":22,"damage_taken":0},{"event_name":"Tomb of Lord Red Mask","player_choice":"Paid","floor":37,"damage_taken":0},{"event_name":"Winding Halls","player_choice":"Embrace Madness","floor":44,"damage_taken":0}],"is_beta":false,"boss_relics":[{"not_picked":["Black Star","White Beast Statue"],"picked":"Empty Cage"},{"not_picked":["Runic Dome","Sozu"],"picked":"Fusion Hammer"}],"items_purged_floors":[36],"is_endless":false,"potions_floor_spawned":[3,6,11,13,14,18,20,21,25,29,31,38,41,46],"ascension_level":0}