{"path_per_floor":["M","$","?","M","M","E","R","M","T","$","?","E","?","M","R","B",null,"M","?","$","M","M","R"],"character_chosen":"THE_SILENT","items_purchased":["Footwork","Acrobatics"],"gold_per_floor":[115,40,40,57,68,99,99,114,139,39,289,322,272,285,285,382,382,393,318,96,21,34,34,34],"floor_reached":24,"campfire_rested":3,"playtime":1518,"current_hp_per_floor":[66,66,66,57,44,23,44,33,33,33,33,30,30,21,42,21,70,36,36,36,44,26,47,0],"items_purged":["Defend_G","Strike_G","Strike_G"],"gold":34,"score":245,"play_id":"00c1af1f-b10b-4b70-a385-ae2cd85b2b9f","local_time":"20180331233734","is_prod":false,"is_daily":false,"is_ascension_mode":true,"campfire_upgraded":0,"timestamp":1522532254,"path_taken":["M","$","?","M","M","E","R","M","T","$","?","E","?","M","R","BOSS","M","?","?","?","M","R","E"],"build_version":"2018-03-29v2","purchased_purges":4,"victory":false,"master_deck":["Defend_G","Defend_G","Defend_G","Defend_G+1","Strike_G","Survivor+1","Neutralize","Well Laid Plans","Grand Finale","Setup","Terror","Backflip","Wraith Form","PiercingWail+1","After Image","Dagger Spray+1","Footwork","Acrobatics+1","Quick Slash","Setup+1"],"max_hp_per_floor":[70,70,70,70,70,70,70,70,70,70,70,70,70,70,70,70,70,70,70,70,70,70,70,70],"relics":["Black Star","Happy Flower","War Paint","Blood Vial","Toxic Egg 2","Meat on the Bone","Lizard Tail"],"card_choices":[{"not_picked":["PiercingWail","Leg Sweep"],"picked":"Well Laid Plans","floor":1},{"not_picked":["Dagger Spray","Deflect"],"picked":"Setup","floor":4},{"not_picked":["Cloak And Dagger","Outmaneuver"],"picked":"Terror","floor":5},{"not_picked":["Reflex","Endless Agony"],"picked":"Backflip","floor":6},{"not_picked":["Backflip","Outmaneuver"],"picked":"Wraith Form","floor":8},{"not_picked":["Flying Knee","Poisoned Stab"],"picked":"PiercingWail","floor":14},{"not_picked":["Bullet Time","Unload"],"picked":"After Image","floor":16},{"not_picked":["Bouncing Flask","Dagger Throw"],"picked":"Dagger Spray","floor":18},{"not_picked":["Choke","Underhanded Strike"],"picked":"Quick Slash","floor":21},{"not_picked":["Poisoned Stab","Flying Knee"],"picked":"Setup","floor":22}],"player_experience":181942,"potions_floor_usage":[6,14,16,18],"damage_taken":[{"damage":4,"enemies":"2 Louse","floor":1,"turns":4},{"damage":9,"enemies":"Jaw Worm","floor":4,"turns":4},{"damage":13,"enemies":"Small Slimes","floor":5,"turns":7},{"damage":21,"enemies":"Gremlin Nob","floor":6,"turns":4},{"damage":11,"enemies":"Blue Slaver","floor":8,"turns":7},{"damage":5,"enemies":"Lagavulin","floor":12,"turns":6},{"damage":23,"enemies":"Gremlin Gang","floor":14,"turns":6},{"damage":35,"enemies":"The Guardian","floor":16,"turns":16},{"damage":34,"enemies":"Spheric Guardian","floor":18,"turns":12},{"damage":6,"enemies":"2 Thieves","floor":21,"turns":5},{"damage":32,"enemies":"Snecko","floor":22,"turns":9},{"damage":87,"enemies":"Gremlin Leader","floor":24,"turns":7}],"event_choices":[{"event_name":"Living Wall","player_choice":"Change","floor":3,"damage_taken":0},{"event_name":"Golden Shrine","player_choice":"Desecrate","floor":11,"damage_taken":0},{"event_name":"The Cleric","player_choice":"Card Removal","floor":13,"damage_taken":0},{"event_name":"Beggar","player_choice":"Gave Gold","floor":19,"damage_taken":0}],"boss_relics":[{"not_picked":["Cursed Key","Calling Bell"],"picked":"Lizard Tail"}],"potions_floor_spawned":[1,4,12,14],"seed_played":"-8828810477749388728","killed_by":"Gremlin Leader","ascension_level":4,"is_trial":false}