{"gold_per_floor":[119,131,151,161,161,161,196,196,196,196,525,542,576,586,586,687,687,706,228,248,264,264,264,295,36,66,84,109,119,134,233,233,333,333,349,41,41,94,112,112,112],"floor_reached":41,"playtime":2790,"items_purged":["Strike_R","Strike_R","Strike_R"],"score":990,"play_id":"296a4124-e978-4d63-af0b-453a9615968c","local_time":"20181027213236","is_ascension_mode":true,"campfire_choices":[{"data":"Bludgeon","floor":6,"key":"SMITH"},{"data":"True Grit","floor":8,"key":"SMITH"},{"data":"Shockwave","floor":10,"key":"SMITH"},{"data":"True Grit","floor":15,"key":"SMITH"},{"data":"Barricade","floor":23,"key":"SMITH"},{"data":"Entrench","floor":32,"key":"SMITH"},{"data":"Offering","floor":40,"key":"SMITH"}],"neow_cost":"NONE","seed_source_timestamp":94241996002744,"circlet_count":0,"master_deck":["Strike_R","Strike_R","Defend_R","Defend_R","Defend_R","Defend_R","Bash","AscendersBane","Bludgeon+1","Shockwave+1","Combust","Evolve","True Grit+1","Headbutt","Barricade+1","True Grit+1","Shrug It Off","Power Through","Demon Form","Feel No Pain","Burning Pact","Shrug It Off","Wild Strike+1","Body Slam","Rupture","Body Slam","Entrench+1","Offering+1"],"relics":["Burning Blood","Mummified Hand","Thread and Needle","Old Coin","The Courier","Sozu","Gambling Chip","CultistMask","MawBank","Bottled Tornado","Tiny Chest","Art of War","Velvet Choker","Bottled Lightning","Turnip"],"potions_floor_usage":[14,18],"damage_taken":[{"damage":6,"enemies":"Cultist","floor":1,"turns":3},{"damage":9,"enemies":"Jaw Worm","floor":2,"turns":2},{"damage":2,"enemies":"Small Slimes","floor":3,"turns":3},{"damage":15,"enemies":"2 Fungi Beasts","floor":4,"turns":4},{"damage":23,"enemies":"3 Sentries","floor":7,"turns":6},{"damage":10,"enemies":"Lagavulin","floor":11,"turns":5},{"damage":0,"enemies":"Red Slaver","floor":12,"turns":3},{"damage":25,"enemies":"Gremlin Nob","floor":13,"turns":4},{"damage":7,"enemies":"Lots of Slimes","floor":14,"turns":5},{"damage":10,"enemies":"The Guardian","floor":16,"turns":12},{"damage":2,"enemies":"3 Byrds","floor":18,"turns":3},{"damage":3,"enemies":"Spheric Guardian","floor":20,"turns":4},{"damage":8,"enemies":"Cultist and Chosen","floor":21,"turns":11},{"damage":32,"enemies":"Slavers","floor":24,"turns":6},{"damage":0,"enemies":"Centurion and Healer","floor":27,"turns":6},{"damage":6,"enemies":"Book of Stabbing","floor":28,"turns":7},{"damage":0,"enemies":"Snecko","floor":29,"turns":4},{"damage":0,"enemies":"Sentry and Sphere","floor":30,"turns":4},{"damage":4,"enemies":"Champ","floor":33,"turns":9},{"damage":6,"enemies":"Orb Walker","floor":35,"turns":4},{"damage":69,"enemies":"2 Orb Walkers","floor":38,"turns":8},{"damage":6,"enemies":"3 Darklings","floor":39,"turns":10},{"damage":23,"enemies":"Transient","floor":41,"turns":5}],"seed_played":"-3335874624853381336","potions_obtained":[{"floor":3,"key":"Strength Potion"},{"floor":12,"key":"PowerPotion"},{"floor":14,"key":"LiquidBronze"}],"is_trial":false,"path_per_floor":["M","M","M","M","?","R","E","R","T","R","E","M","E","M","R","B",null,"M","$","M","M","?","R","E","$","T","M","E","M","M","?","R","B",null,"M","$","?","?","M","R"],"character_chosen":"IRONCLAD","items_purchased":["Gambling Chip","Feel No Pain","Burning Pact","Shrug It Off","Bottled Tornado","Bottled Lightning"],"campfire_rested":0,"item_purchase_floors":[19,19,19,19,25,36],"current_hp_per_floor":[72,69,73,64,64,64,47,47,47,47,43,49,30,29,29,25,66,70,70,73,71,71,71,45,45,45,51,51,57,63,63,63,65,76,76,76,76,13,13,13,0],"gold":112,"neow_bonus":"ONE_RANDOM_RARE_CARD","is_prod":false,"is_daily":false,"chose_seed":false,"campfire_upgraded":7,"win_rate":0,"timestamp":1540668756,"path_taken":["M","M","?","M","?","R","E","R","T","R","E","M","E","M","R","BOSS","M","$","M","M","?","R","E","$","T","?","E","M","M","?","R","BOSS","M","$","?","?","M","R","M"],"build_version":"2018-10-25v2","purchased_purges":3,"victory":false,"max_hp_per_floor":[80,80,80,80,80,80,80,80,80,80,80,80,80,80,80,80,80,80,80,80,80,80,80,80,80,80,80,80,80,80,80,80,80,80,80,80,76,76,76,76,76],"card_choices":[{"not_picked":["Anger","Power Through"],"picked":"Shockwave","floor":1},{"not_picked":["Whirlwind","Warcry"],"picked":"Combust","floor":2},{"not_picked":["Pommel Strike","Pummel"],"picked":"Evolve","floor":3},{"not_picked":["Pommel Strike","Wild Strike"],"picked":"True Grit","floor":4},{"not_picked":["Perfected Strike","Warcry"],"picked":"Headbutt","floor":7},{"not_picked":["Sword Boomerang","Iron Wave"],"picked":"Barricade","floor":11},{"not_picked":["Cleave","Wild Strike"],"picked":"True Grit","floor":12},{"not_picked":["Pommel Strike","Iron Wave"],"picked":"Shrug It Off","floor":13},{"not_picked":["Hemokinesis","Rampage"],"picked":"Power Through","floor":14},{"not_picked":["Dark Embrace","Reaper"],"picked":"Demon Form","floor":16},{"not_picked":["Pommel Strike","Clothesline+1","True Grit"],"picked":"SKIP","floor":18},{"not_picked":["Flex","Dual Wield"],"picked":"Wild Strike+1","floor":20},{"not_picked":["Thunderclap","Intimidate"],"picked":"Body Slam","floor":21},{"not_picked":["Bludgeon","Bloodletting","Anger"],"picked":"SKIP","floor":24},{"not_picked":["Thunderclap","Clothesline"],"picked":"Rupture","floor":27},{"not_picked":["Perfected Strike","Infernal Blade"],"picked":"Body Slam","floor":28},{"not_picked":["Pommel Strike","Clash","Rupture+1"],"picked":"SKIP","floor":29},{"not_picked":["Armaments","Iron Wave"],"picked":"Entrench","floor":30},{"not_picked":["Dark Embrace","Feed"],"picked":"Offering","floor":33},{"not_picked":["Iron Wave","Pommel Strike+1","Anger"],"picked":"SKIP","floor":35},{"not_picked":["Havoc","True Grit+1","Infernal Blade"],"picked":"SKIP","floor":39}],"player_experience":270595,"relics_obtained":[{"floor":7,"key":"Mummified Hand"},{"floor":9,"key":"Thread and Needle"},{"floor":11,"key":"Old Coin"},{"floor":13,"key":"The Courier"},{"floor":24,"key":"MawBank"},{"floor":26,"key":"Tiny Chest"},{"floor":28,"key":"Art of War"},{"floor":38,"key":"Turnip"}],"event_choices":[{"damage_healed":0,"gold_gain":0,"player_choice":"Ignored","damage_taken":0,"max_hp_gain":0,"max_hp_loss":0,"event_name":"Golden Idol","floor":5,"gold_loss":0},{"damage_healed":0,"gold_gain":0,"player_choice":"Trade","damage_taken":0,"relics_obtained":["CultistMask"],"max_hp_gain":0,"max_hp_loss":0,"event_name":"FaceTrader","floor":22,"gold_loss":0},{"damage_healed":0,"gold_gain":99,"player_choice":"Stole From Cult","damage_taken":0,"max_hp_gain":0,"max_hp_loss":0,"event_name":"Nest","floor":31,"gold_loss":0},{"damage_healed":0,"gold_gain":0,"player_choice":"Max HP","damage_taken":0,"max_hp_gain":0,"max_hp_loss":4,"event_name":"Winding Halls","floor":37,"gold_loss":0},{"damage_healed":0,"gold_gain":0,"player_choice":"Fight","damage_taken":0,"max_hp_gain":0,"max_hp_loss":0,"event_name":"Mysterious Sphere","floor":38,"gold_loss":0}],"is_beta":true,"boss_relics":[{"not_picked":["Eternal Feather","Runic Pyramid"],"picked":"Sozu"},{"not_picked":["Cursed Key","Tiny House"],"picked":"Velvet Choker"}],"items_purged_floors":[19,25,36],"is_endless":false,"potions_floor_spawned":[3,12,13,14,16,21,27,28,30,33,35,38,39],"killed_by":"Transient","ascension_level":12}