{"gold_per_floor":[114,126,141,155,155,155,180,192,240,256,269,285,301,14,14,115,115,128,147,179,179],"floor_reached":21,"playtime":1240,"items_purged":[],"score":187,"play_id":"918251a9-8f67-4339-b89c-b189cde7e960","local_time":"20180707214653","is_ascension_mode":false,"campfire_choices":[{"data":"Fire Breathing","floor":6,"key":"SMITH"},{"floor":15,"key":"REST"}],"neow_cost":"NONE","seed_source_timestamp":268690719934588,"circlet_count":0,"master_deck":["Strike_R","Strike_R","Strike_R","Strike_R","Strike_R","Defend_R","Defend_R","Defend_R","Defend_R","Bash+1","Thunderclap","Armaments","Fire Breathing+1","Power Through","Immolate","Seeing Red","Dropkick","Thunderclap","Anger","Combust","Barricade","Iron Wave","Searing Blow","Shrug It Off"],"relics":["Burning Blood","Orichalcum","Juzu Bracelet","Ice Cream","Mark of Pain","Red Mask"],"potions_floor_usage":[4,7,16,18,18],"damage_taken":[{"damage":11,"enemies":"Small Slimes","floor":1,"turns":3},{"damage":6,"enemies":"Cultist","floor":2,"turns":3},{"damage":12,"enemies":"2 Louse","floor":3,"turns":3},{"damage":13,"enemies":"Large Slime","floor":4,"turns":6},{"damage":51,"enemies":"Gremlin Nob","floor":7,"turns":6},{"damage":13,"enemies":"Blue Slaver","floor":8,"turns":4},{"damage":10,"enemies":"Exordium Thugs","floor":10,"turns":6},{"damage":5,"enemies":"Looter","floor":11,"turns":3},{"damage":0,"enemies":"Exordium Wildlife","floor":12,"turns":1},{"damage":5,"enemies":"Exordium Thugs","floor":13,"turns":2},{"damage":28,"enemies":"Slime Boss","floor":16,"turns":8},{"damage":16,"enemies":"2 Thieves","floor":18,"turns":4},{"damage":17,"enemies":"Chosen","floor":19,"turns":6},{"damage":65,"floor":20,"turns":6},{"damage":14,"enemies":"Centurion and Healer","floor":21,"turns":4}],"seed_played":"2626940744782643624","potions_obtained":[{"floor":2,"key":"Strength Potion"},{"floor":4,"key":"LiquidBronze"},{"floor":12,"key":"Explosive Potion"},{"floor":13,"key":"Swift Potion"},{"floor":16,"key":"AttackPotion"}],"is_trial":false,"path_per_floor":["M","M","M","M","?","R","E","M","T","M","M","M","M","$","R","B",null,"M","M","?"],"character_chosen":"IRONCLAD","items_purchased":["Ice Cream"],"campfire_rested":1,"item_purchase_floors":[14],"current_hp_per_floor":[75,75,69,62,80,80,35,28,28,24,25,31,32,32,56,34,80,78,67,8,0],"gold":179,"neow_bonus":"UPGRADE_CARD","is_prod":false,"is_daily":false,"chose_seed":false,"campfire_upgraded":1,"win_rate":0.0,"timestamp":1530992813,"path_taken":["M","M","M","M","?","R","E","M","T","M","M","M","M","$","R","BOSS","M","M","?","M"],"build_version":"2018-07-05","purchased_purges":0,"victory":false,"max_hp_per_floor":[80,80,80,80,80,80,80,80,80,80,80,80,80,80,80,80,80,80,80,80,80],"card_choices":[{"not_picked":["Shrug It Off","Spot Weakness"],"picked":"Thunderclap","floor":1},{"not_picked":["Shrug It Off","Sword Boomerang"],"picked":"Armaments","floor":2},{"not_picked":["Warcry","Brutality"],"picked":"Fire Breathing","floor":3},{"not_picked":["Flex","Corruption"],"picked":"Power Through","floor":4},{"not_picked":["Uppercut","Wild Strike"],"picked":"Immolate","floor":7},{"not_picked":["Iron Wave","Twin Strike"],"picked":"Seeing Red","floor":8},{"not_picked":["Perfected Strike","Headbutt"],"picked":"Dropkick","floor":10},{"not_picked":["Clothesline","Flex"],"picked":"Thunderclap","floor":11},{"not_picked":["Power Through","Cleave"],"picked":"Anger","floor":12},{"not_picked":["True Grit","Whirlwind"],"picked":"Combust","floor":13},{"not_picked":["Demon Form","Dark Embrace"],"picked":"Barricade","floor":16},{"not_picked":["Battle Trance","Headbutt"],"picked":"Iron Wave","floor":18},{"not_picked":["Clash+1","Headbutt"],"picked":"Searing Blow","floor":19},{"not_picked":["Armaments","Battle Trance+1"],"picked":"Shrug It Off","floor":20}],"player_experience":43567,"relics_obtained":[{"floor":7,"key":"Orichalcum"},{"floor":9,"key":"Juzu Bracelet"},{"floor":20,"key":"Red Mask"}],"event_choices":[{"event_name":"Wheel of Change","player_choice":"Full Heal","floor":5,"damage_taken":0},{"event_name":"Masked Bandits","player_choice":"Fought over 147 gold","floor":20,"damage_taken":0}],"boss_relics":[{"not_picked":["Runic Pyramid","Busted Crown"],"picked":"Mark of Pain"}],"items_purged_floors":[],"is_endless":false,"potions_floor_spawned":[2,4,12,13,16],"killed_by":"Centurion and Healer","ascension_level":0}