{"gold_per_floor":[110,122,122,140,140,140,153,153,177,177,191,191,42,75,75,179,179,192,291,291,9,28,28,28,28,28,48,48,125,23,23,23,124,124,142,160,123,142,142,142,142,157,157,184,106,133,133,146,146,146],"floor_reached":51,"playtime":1571,"items_purged":["Strike_B"],"score":857,"play_id":"d4ed38a9-46ca-43b8-b4ca-9812b6fa2e6b","local_time":"20181212190900","is_ascension_mode":true,"campfire_choices":[{"data":"Zap","floor":6,"key":"SMITH"},{"data":"Loop","floor":8,"key":"SMITH"},{"data":"Redo","floor":12,"key":"SMITH"},{"floor":15,"key":"REST"},{"data":"Double Energy","floor":23,"key":"SMITH"},{"floor":25,"key":"REST"},{"data":"Zap","floor":28,"key":"SMITH"},{"floor":32,"key":"REST"},{"data":"Dualcast","floor":40,"key":"SMITH"},{"data":"Storm","floor":49,"key":"SMITH"}],"neow_cost":"NONE","seed_source_timestamp":2256592927783548,"circlet_count":0,"master_deck":["Strike_B","Strike_B","Defend_B","Defend_B","Defend_B","Defend_B","Zap+1","Dualcast+1","Loop+1","Redo+1","Ball Lightning","Tempest","FTL","All For One","Storm+1","Zap+1","Machine Learning","Loop+1","Double Energy+1","Leap+1","Stack+1","Fission+1","Stack+1","Auto Shields+1","Ball Lightning","Finesse+1","Blind+1","Loop","Chaos+1","Lockon"],"relics":["Cracked Core","NeowsBlessing","Oddly Smooth Stone","Bag of Marbles","Anchor","Juzu Bracelet","Runic Pyramid","DollysMirror","Letter Opener","Toxic Egg 2","MutagenicStrength","Busted Crown","Kunai","Strawberry","Omamori"],"potions_floor_usage":[16,22,22,33,50,50,50],"damage_taken":[{"damage":0,"enemies":"Cultist","floor":1,"turns":1},{"damage":0,"enemies":"2 Louse","floor":2,"turns":1},{"damage":0,"enemies":"Small Slimes","floor":4,"turns":1},{"damage":26,"enemies":"Exordium Thugs","floor":7,"turns":5},{"damage":2,"enemies":"Blue Slaver","floor":11,"turns":2},{"damage":28,"enemies":"Lagavulin","floor":14,"turns":5},{"damage":24,"enemies":"Hexaghost","floor":16,"turns":8},{"damage":5,"enemies":"Spheric Guardian","floor":18,"turns":3},{"damage":2,"enemies":"3 Byrds","floor":22,"turns":2},{"damage":20,"enemies":"Snake Plant","floor":27,"turns":3},{"damage":51,"enemies":"Automaton","floor":33,"turns":8},{"damage":5,"enemies":"3 Shapes","floor":35,"turns":4},{"damage":39,"enemies":"3 Darklings","floor":36,"turns":4},{"damage":13,"enemies":"Transient","floor":38,"turns":5},{"damage":0,"enemies":"Spire Growth","floor":42,"turns":4},{"damage":19,"enemies":"Reptomancer","floor":46,"turns":6},{"damage":6,"enemies":"Sphere and 2 Shapes","floor":48,"turns":4},{"damage":52,"enemies":"Awakened One","floor":50,"turns":11}],"seed_played":"-134099396280317657","potions_obtained":[{"floor":1,"key":"Explosive Potion"},{"floor":2,"key":"Poison Potion"},{"floor":14,"key":"FearPotion"},{"floor":16,"key":"FocusPotion"},{"floor":22,"key":"FocusPotion"},{"floor":42,"key":"EssenceOfSteel"},{"floor":46,"key":"Poison Potion"},{"floor":48,"key":"FocusPotion"}],"is_trial":false,"path_per_floor":["M","M","$","M","?","R","M","R","T","?","M","R","$","E","R","B",null,"M","?","?","$","M","R","?","R","T","M","R","T","$","?","R","B",null,"M","M","$","M","?","R","?","M","T","T","$","E","?","M","R","B",null],"character_chosen":"DEFECT","items_purchased":["Anchor","DollysMirror","Leap+1","Stack+1","Auto Shields+1","Loop"],"campfire_rested":3,"item_purchase_floors":[13,21,30,30,37,45],"current_hp_per_floor":[68,68,68,68,68,68,42,42,42,42,40,40,40,12,34,10,59,54,54,54,54,52,52,38,62,62,42,42,42,42,42,66,15,64,59,20,20,7,70,70,65,65,65,72,72,53,72,66,66,14],"gold":146,"neow_bonus":"THREE_ENEMY_KILL","is_prod":false,"is_daily":false,"chose_seed":false,"campfire_upgraded":7,"win_rate":0,"timestamp":1544638140,"path_taken":["M","M","$","M","?","R","?","R","T","?","?","R","$","E","R","BOSS","M","?","?","$","M","R","?","R","T","M","R","?","?","?","R","BOSS","M","M","$","M","?","R","?","M","T","?","$","E","?","M","R","BOSS"],"build_version":"2018-12-06","purchased_purges":1,"victory":true,"max_hp_per_floor":[75,75,75,75,75,75,75,75,75,75,75,75,75,75,75,75,75,75,75,75,75,75,75,80,80,80,80,80,80,80,80,80,80,80,80,80,80,80,70,70,70,70,70,77,77,77,77,77,77,77],"card_choices":[{"not_picked":["Genetic Algorithm","Conserve Battery"],"picked":"Loop","floor":1},{"not_picked":["Rebound","Steam"],"picked":"Redo","floor":2},{"not_picked":["Steam","Coolheaded"],"picked":"Ball Lightning","floor":4},{"not_picked":["Stack","Barrage"],"picked":"Tempest","floor":7},{"not_picked":["Barrage","Gash","Steam"],"picked":"SKIP","floor":11},{"not_picked":["Turbo","Hologram"],"picked":"FTL","floor":14},{"not_picked":["Machine Learning","Buffer"],"picked":"All For One","floor":16},{"not_picked":["Gash","Hologram"],"picked":"Storm","floor":18},{"not_picked":["Cold Snap","Coolheaded+1"],"picked":"Double Energy","floor":22},{"not_picked":["Ball Lightning","Blizzard+1","Barrage"],"picked":"SKIP","floor":27},{"not_picked":["All For One","Machine Learning"],"picked":"Fission+1","floor":33},{"not_picked":[],"picked":"Stack+1","floor":35},{"not_picked":["Cold Snap+1"],"picked":"SKIP","floor":36},{"not_picked":[],"picked":"Ball Lightning","floor":38},{"not_picked":[],"picked":"Finesse+1","floor":41},{"not_picked":[],"picked":"Blind+1","floor":41},{"not_picked":["Beam Cell"],"picked":"SKIP","floor":42},{"not_picked":[],"picked":"Chaos+1","floor":46},{"not_picked":[],"picked":"Lockon","floor":48}],"player_experience":438092,"relics_obtained":[{"floor":9,"key":"Oddly Smooth Stone"},{"floor":14,"key":"Juzu Bracelet"},{"floor":26,"key":"Letter Opener"},{"floor":29,"key":"Toxic Egg 2"},{"floor":43,"key":"Kunai"},{"floor":44,"key":"Strawberry"},{"floor":46,"key":"Omamori"}],"event_choices":[{"cards_removed":["Strike_B"],"damage_healed":0,"gold_gain":0,"player_choice":"Purged","damage_taken":0,"max_hp_gain":0,"max_hp_loss":0,"event_name":"Purifier","floor":5,"gold_loss":0},{"damage_healed":0,"gold_gain":0,"player_choice":"Gave Potion","damage_taken":0,"relics_obtained":["Bag of Marbles"],"max_hp_gain":0,"max_hp_loss":0,"event_name":"WeMeetAgain","floor":10,"gold_loss":0},{"damage_healed":0,"gold_gain":99,"player_choice":"Stole From Cult","damage_taken":0,"max_hp_gain":0,"max_hp_loss":0,"event_name":"Nest","floor":19,"gold_loss":0},{"damage_healed":0,"gold_gain":0,"player_choice":"2 cards matched","damage_taken":0,"max_hp_gain":0,"max_hp_loss":0,"event_name":"Match and Keep!","floor":20,"gold_loss":0,"cards_obtained":["Zap","Machine Learning"]},{"damage_healed":0,"gold_gain":0,"player_choice":"Shed Blood","damage_taken":19,"max_hp_gain":5,"max_hp_loss":0,"event_name":"Forgotten Altar","floor":24,"gold_loss":0},{"damage_healed":0,"gold_gain":0,"player_choice":"Inject Mutagens","damage_taken":0,"relics_obtained":["MutagenicStrength"],"max_hp_gain":0,"max_hp_loss":0,"event_name":"Drug Dealer","floor":31,"gold_loss":0},{"damage_healed":70,"gold_gain":0,"player_choice":"Heal","damage_taken":0,"max_hp_gain":0,"max_hp_loss":10,"event_name":"The Moai Head","floor":39,"gold_loss":0},{"damage_healed":0,"gold_gain":0,"player_choice":"Memory 2","damage_taken":5,"max_hp_gain":0,"max_hp_loss":0,"event_name":"SensoryStone","floor":41,"gold_loss":0},{"damage_healed":19,"gold_gain":0,"player_choice":"Writhe","damage_taken":0,"max_hp_gain":0,"max_hp_loss":0,"event_name":"Winding Halls","floor":47,"gold_loss":0,"cards_obtained":["Writhe"]}],"is_beta":false,"boss_relics":[{"not_picked":["Philosopher\u0027s Stone","Runic Dome"],"picked":"Runic Pyramid"},{"not_picked":["Velvet Choker","FrozenCore"],"picked":"Busted Crown"}],"items_purged_floors":[21],"is_endless":false,"potions_floor_spawned":[1,2,14,16,22,42,46,48],"ascension_level":6}