{"path_per_floor":["M","M","?","?","M","R","E","M","T","E","?","M","$","M","R","B",null,"M","$","?","$","?","E","R","M","T","M","E","$","M","M","R","B",null,"M","M","M","$","M","R","?","R","T","R","M","M"],"character_chosen":"DEFECT","items_purchased":["Cables","Capacitor","Energy Potion","Doom and Gloom","Impulse","Defragment","Pantograph"],"gold_per_floor":[116,127,127,127,140,140,180,201,201,235,410,435,10,26,26,154,154,139,69,69,18,18,49,49,68,68,83,119,46,60,81,81,212,212,233,249,268,12,30,30,30,30,53,53,74,87,87],"floor_reached":47,"campfire_rested":2,"playtime":2931,"current_hp_per_floor":[75,75,60,60,60,60,54,52,52,37,37,37,37,37,57,52,69,59,59,59,59,59,39,39,31,31,31,31,31,31,29,49,42,69,69,52,35,35,35,35,35,35,35,35,14,14,0],"items_purged":["Doubt"],"gold":87,"score":529,"play_id":"139a1be2-557c-4a9b-b8ac-06e4dd78e3f5","local_time":"20180501114015","is_prod":false,"is_daily":false,"chose_seed":false,"is_ascension_mode":false,"campfire_upgraded":5,"timestamp":1525167615,"path_taken":["M","M","?","?","M","R","E","?","T","E","?","M","$","?","R","BOSS","M","$","?","?","?","E","R","M","T","M","E","$","?","?","R","BOSS","M","M","M","$","M","R","?","R","T","R","M","M","E"],"build_version":"2018-04-30","seed_source_timestamp":86137616059431,"purchased_purges":2,"victory":false,"master_deck":["Strike_B","Strike_B","Strike_B","Strike_B+1","Defend_B+1","Defend_B","Defend_B","Defend_B","Zap+1","Dualcast+1","Axe Kick","Leap","Defragment+1","Chill+1","Cold Snap","Glacier","Hyperbeam","Capacitor","Machine Learning+1","Doom and Gloom","Impulse+1","Glacier+1","Barrage","Prime","Defragment","Capacitor","Chaos+1","Fusion+1","Barrage","Consume+1","Heatsinks","Blaster+1","Blind+1","Injury","Barrage+1"],"max_hp_per_floor":[75,75,75,69,69,69,69,69,69,69,69,69,69,69,69,69,69,69,69,69,69,69,69,69,69,69,69,69,69,69,69,69,69,69,69,69,69,69,69,69,69,69,69,69,69,69,69],"relics":["Golden Idol","Gambling Chip","Torii","Mummified Hand","Cables","Inserter","Nloth\u0027s Gift","Sundial","Toxic Egg 2","Centennial Puzzle","Cursed Key","Pantograph","Oddly Smooth Stone"],"card_choices":[{"not_picked":["Defragment","Capacitor"],"picked":"Axe Kick","floor":1},{"not_picked":["Stack","Capacitor"],"picked":"Leap","floor":2},{"not_picked":["Melter","Sweeping Beam"],"picked":"Defragment","floor":5},{"not_picked":["Redo","Reprieve"],"picked":"Chill","floor":7},{"not_picked":["Streamline","Ball Lightning"],"picked":"Cold Snap","floor":8},{"not_picked":["Streamline","Turbo"],"picked":"Glacier","floor":10},{"not_picked":["Consume","Impulse"],"picked":"Hyperbeam","floor":12},{"not_picked":["Reboot","Seek"],"picked":"Machine Learning","floor":16},{"not_picked":["Force Field","Beam Cell"],"picked":"Glacier","floor":25},{"not_picked":["Ball Lightning","Capacitor"],"picked":"Barrage","floor":27},{"not_picked":["Fission","Go for the Eyes"],"picked":"Prime","floor":28},{"not_picked":["Beam Cell","Reinforced Body"],"picked":"Capacitor","floor":30},{"not_picked":["Beam Cell","Glacier"],"picked":"Chaos","floor":31},{"not_picked":["Multi-Cast","Meteor Strike"],"picked":"Fusion","floor":33},{"not_picked":["Skim","Reboot"],"picked":"Barrage","floor":35},{"not_picked":["Chaos","Self Repair"],"picked":"Consume","floor":36},{"not_picked":["Sweeping Beam","Aggregate"],"picked":"Heatsinks","floor":37},{"not_picked":["Beam Cell","Ball Lightning"],"picked":"Blaster","floor":39},{"not_picked":["Swift Strike","Sadistic Nature"],"picked":"Blind","floor":41},{"not_picked":["Cold Snap","Hologram"],"picked":"Barrage","floor":46}],"player_experience":20606,"potions_floor_usage":[16,25,27,31,33,36,45],"damage_taken":[{"damage":0,"enemies":"Cultist","floor":1,"turns":4},{"damage":0,"enemies":"2 Louse","floor":2,"turns":1},{"damage":0,"enemies":"Small Slimes","floor":5,"turns":3},{"damage":6,"enemies":"Lagavulin","floor":7,"turns":6},{"damage":2,"enemies":"Looter","floor":8,"turns":3},{"damage":15,"enemies":"Gremlin Nob","floor":10,"turns":4},{"damage":0,"enemies":"2 Fungi Beasts","floor":12,"turns":3},{"damage":0,"enemies":"Gremlin Gang","floor":14,"turns":1},{"damage":17,"enemies":"The Guardian","floor":16,"turns":14},{"damage":10,"enemies":"2 Thieves","floor":18,"turns":4},{"damage":20,"enemies":"Book of Stabbing","floor":23,"turns":8},{"damage":8,"enemies":"3 Byrds","floor":25,"turns":4},{"damage":0,"enemies":"3 Cultists","floor":27,"turns":4},{"damage":0,"enemies":"Gremlin Leader","floor":28,"turns":6},{"damage":0,"enemies":"Snecko","floor":30,"turns":4},{"damage":2,"enemies":"Snake Plant","floor":31,"turns":6},{"damage":7,"enemies":"Champ","floor":33,"turns":11},{"damage":0,"enemies":"Orb Walker","floor":35,"turns":4},{"damage":17,"enemies":"Flame Bruiser 1 Orb","floor":36,"turns":5},{"damage":17,"enemies":"Sphere and 2 Shapes","floor":37,"turns":7},{"damage":0,"enemies":"Maw","floor":39,"turns":7},{"damage":21,"enemies":"4 Shapes","floor":45,"turns":5},{"damage":0,"enemies":"Sphere and 2 Shapes","floor":46,"turns":6},{"damage":15,"enemies":"Nemesis","floor":47,"turns":2}],"event_choices":[{"event_name":"Shining Light","player_choice":"Entered Light","floor":3,"damage_taken":0},{"event_name":"Golden Idol","player_choice":"Lose Max HP","floor":4,"damage_taken":0},{"event_name":"Liars Game","player_choice":"agreed","floor":11,"damage_taken":0},{"event_name":"Ghosts","player_choice":"Ignored","floor":20,"damage_taken":0},{"event_name":"N\u0027loth","player_choice":"Traded a Cracked Core","floor":22,"damage_taken":0},{"event_name":"SensoryStone","player_choice":"Memory 1","floor":41,"damage_taken":0}],"boss_relics":[{"not_picked":["Philosopher\u0027s Stone","Sozu"],"picked":"Inserter"},{"not_picked":["Velvet Choker","Orrery"],"picked":"Cursed Key"}],"potions_floor_spawned":[1,7,14,18,25,27,30,35,36],"seed_played":"2458531301188395227","killed_by":"Nemesis","ascension_level":0,"is_trial":false}