{"gold_per_floor":[111,128,144,144,158,158,183,165,165,193,45,45,55,75,75,179,179,195,207,207,207,183,183,183],"floor_reached":24,"playtime":2024,"items_purged":["Defend_G"],"score":208,"play_id":"4849d55f-bc80-4e73-95d1-bab3c1738fd4","local_time":"20190320103047","is_ascension_mode":false,"campfire_choices":[{"data":"Neutralize","floor":6,"key":"SMITH"},{"floor":12,"key":"REST"},{"data":"Blade Dance","floor":15,"key":"SMITH"},{"data":"Cloak And Dagger","floor":23,"key":"SMITH"}],"neow_cost":"NONE","seed_source_timestamp":123159913016687,"circlet_count":0,"master_deck":["Defend_G+1","Defend_G","Defend_G","Defend_G","Strike_G+1","Survivor+1","Neutralize+1","Dodge and Roll+1","Blade Dance","Backstab","Blade Dance+1","Footwork","Leg Sweep","Infinite Blades","Slice","Night Terror","Dagger Throw+1","All Out Attack","Backstab","Cloak And Dagger+1"],"relics":["Ring of the Snake","Omamori","Dodecahedron","War Paint","Empty Cage","Necronomicon"],"potions_floor_usage":[7,7,16,22,24],"damage_taken":[{"damage":0,"enemies":"Small Slimes","floor":1,"turns":4},{"damage":0,"enemies":"2 Louse","floor":2,"turns":3},{"damage":0,"enemies":"Cultist","floor":3,"turns":3},{"damage":1,"enemies":"Blue Slaver","floor":5,"turns":4},{"damage":10,"enemies":"Gremlin Nob","floor":7,"turns":4},{"damage":5,"enemies":"Exordium Thugs","floor":8,"turns":5},{"damage":22,"enemies":"3 Sentries","floor":10,"turns":19},{"damage":3,"enemies":"Large Slime","floor":13,"turns":7},{"damage":0,"enemies":"Looter","floor":14,"turns":3},{"damage":10,"enemies":"The Guardian","floor":16,"turns":20},{"damage":0,"enemies":"Spheric Guardian","floor":18,"turns":5},{"damage":0,"enemies":"Chosen","floor":19,"turns":5},{"damage":64,"enemies":"Gremlin Leader","floor":24,"turns":13}],"seed_played":"315149582825031643","potions_obtained":[{"floor":2,"key":"Explosive Potion"},{"floor":5,"key":"Explosive Potion"},{"floor":8,"key":"Weak Potion"},{"floor":13,"key":"GamblersBrew"},{"floor":16,"key":"SpeedPotion"},{"floor":18,"key":"Block Potion"},{"floor":19,"key":"Fruit Juice"}],"is_trial":false,"path_per_floor":["M","M","M","?","M","R","E","M","T","E","$","R","M","M","R","B",null,"M","M","?","?","$","R","E"],"character_chosen":"THE_SILENT","items_purchased":["Infinite Blades","Cloak And Dagger"],"campfire_rested":1,"item_purchase_floors":[11,22],"current_hp_per_floor":[70,70,70,56,55,55,45,40,40,18,18,39,36,36,36,26,70,70,70,54,54,59,59,0],"gold":183,"neow_bonus":"TRANSFORM_CARD","is_prod":false,"is_daily":false,"chose_seed":false,"campfire_upgraded":3,"win_rate":0,"timestamp":1553092247,"path_taken":["M","M","M","?","M","R","E","M","T","E","$","R","M","M","R","BOSS","M","M","?","?","$","R","E"],"build_version":"2019-01-23","purchased_purges":1,"victory":false,"max_hp_per_floor":[70,70,70,70,70,70,70,70,70,70,70,70,70,70,70,70,70,70,70,70,70,75,75,75],"card_choices":[{"not_picked":["Backflip","Flechettes"],"picked":"Blade Dance","floor":1},{"not_picked":["Eviscerate","Catalyst"],"picked":"Backstab","floor":2},{"not_picked":["Dagger Spray","Flying Knee"],"picked":"Blade Dance","floor":3},{"not_picked":["Outmaneuver","Skewer"],"picked":"Footwork","floor":5},{"not_picked":["Concentrate","Reflex"],"picked":"Leg Sweep","floor":7},{"not_picked":["Underhanded Strike","Bouncing Flask","Expertise"],"picked":"SKIP","floor":8},{"not_picked":["Dagger Spray","Terror","Concentrate"],"picked":"SKIP","floor":10},{"not_picked":["Dagger Throw","Quick Slash","Underhanded Strike"],"picked":"SKIP","floor":13},{"not_picked":["Deadly Poison","Blur"],"picked":"Slice","floor":14},{"not_picked":["Tools of the Trade","Doppelganger"],"picked":"Night Terror","floor":16},{"not_picked":["Bane","Deadly Poison"],"picked":"Dagger Throw+1","floor":18},{"not_picked":["Concentrate","Bouncing Flask"],"picked":"All Out Attack","floor":19}],"player_experience":628819,"relics_obtained":[{"floor":7,"key":"Omamori"},{"floor":9,"key":"Dodecahedron"},{"floor":10,"key":"War Paint"},{"floor":20,"key":"Necronomicon"}],"event_choices":[{"damage_healed":0,"gold_gain":0,"player_choice":"Entered Light","damage_taken":14,"max_hp_gain":0,"max_hp_loss":0,"event_name":"Shining Light","floor":4,"gold_loss":0,"cards_upgraded":["Strike_G","Dodge and Roll"]},{"damage_healed":0,"gold_gain":0,"player_choice":"Obtained Book","damage_taken":16,"max_hp_gain":0,"max_hp_loss":0,"event_name":"Cursed Tome","floor":20,"gold_loss":0},{"damage_healed":0,"gold_gain":0,"cards_transformed":["Strike_G"],"player_choice":"Transformed","damage_taken":0,"max_hp_gain":0,"max_hp_loss":0,"event_name":"Transmorgrifier","floor":21,"gold_loss":0,"cards_obtained":["Backstab"]}],"is_beta":false,"boss_relics":[{"not_picked":["Ring of the Serpent","HoveringKite"],"picked":"Empty Cage"}],"items_purged_floors":[11],"is_endless":false,"potions_floor_spawned":[2,5,8,13,16,18,19],"killed_by":"Gremlin Leader","ascension_level":0}