{"path_per_floor":["M","$","M","M","M","R","E","R","T","R","M","?","R","M","R","B",null,"M","M","$","M","?","E","?","R","T","?","M","R","E","M","R","B",null,"M","?","M","$","M","E","R","$","T","T","?","M","R","$","R","B"],"character_chosen":"IRONCLAD","items_purchased":["Metallicize","Bird Faced Urn","Bronze Scales","Feel No Pain","Metallicize","Metallicize"],"gold_per_floor":[116,80,99,112,127,127,152,152,221,221,231,231,231,250,250,345,345,359,377,327,339,339,370,370,370,370,370,387,387,415,435,435,530,530,545,545,558,2,21,56,56,15,91,116,116,128,128,53,53,53],"floor_reached":51,"campfire_rested":1,"playtime":3832,"current_hp_per_floor":[75,75,80,75,66,66,54,54,54,54,56,61,61,57,57,52,85,81,73,73,71,71,57,41,41,41,41,41,66,59,60,60,42,85,87,87,74,74,77,88,88,88,88,88,88,74,74,74,74,16],"items_purged":["Strike_R","Anger"],"gold":53,"score":592,"play_id":"5877c4b0-4aeb-48be-88ef-fe9244e4f4e9","is_prod":false,"is_daily":false,"is_ascension_mode":true,"campfire_upgraded":10,"path_taken":["M","?","M","M","M","R","E","R","T","R","M","?","R","M","R","BOSS","M","M","$","M","?","E","?","R","T","?","M","R","E","M","R","BOSS","M","?","M","$","M","E","R","$","T","?","?","M","R","?","R","BOSS"],"build_version":"2018-02-12-PROD1","purchased_purges":2,"victory":true,"master_deck":["Strike_R+1","Strike_R+1","Strike_R+1","Strike_R+1","Defend_R+1","Defend_R+1","Defend_R+1","Defend_R+1","Bash+1","Headbutt","Metallicize+1","Wild Strike","Twin Strike","Offering+1","Flex+1","Metallicize+1","Offering+1","Flex+1","Blood for Blood+1","Thunderclap","Shockwave+1","Spot Weakness+1","Feed","Decay","Regret","Writhe","Intimidate+1","Flex","Feel No Pain+1","Feed","Metallicize+1","Burning Pact","Metallicize+1"],"max_hp_per_floor":[80,80,80,80,80,80,80,80,80,80,80,85,85,85,85,85,85,85,85,85,85,85,85,85,85,85,85,85,85,85,85,85,85,85,88,88,88,88,91,97,97,97,97,97,97,100,100,100,100,100],"relics":["Burning Blood","Pen Nib","Blood Vial","Smiling Mask","Runic Cube","Juzu Bracelet","Enchiridion","Ginger","Oddly Smooth Stone","Calling Bell","Omamori","Orichalcum","Blue Candle","Bird Faced Urn","Bronze Scales","Charon\u0027s Ashes","Tiny Chest","Ancient Tea Set"],"card_choices":[{"not_picked":["Cleave","Clash"],"picked":"Headbutt"},{"not_picked":["Perfected Strike","Clothesline"],"picked":"Wild Strike"},{"not_picked":["Armaments","Body Slam"],"picked":"Twin Strike"},{"not_picked":["Pummel","Perfected Strike"],"picked":"Anger"},{"not_picked":["Warcry","Armaments"],"picked":"Offering"},{"not_picked":["Infernal Blade","Warcry"],"picked":"Flex"},{"not_picked":["Second Wind","Corruption"],"picked":"Metallicize"},{"not_picked":["Limit Break","Brutality"],"picked":"Offering"},{"not_picked":["Hemokinesis","Fire Breathing"],"picked":"Flex"},{"not_picked":["Searing Blow","Havoc"],"picked":"Blood for Blood"},{"not_picked":["Feel No Pain","Whirlwind"],"picked":"Thunderclap"},{"not_picked":["Clothesline","Sentinel"],"picked":"Shockwave"},{"not_picked":["Clothesline","Body Slam"],"picked":"Spot Weakness"},{"not_picked":["Fiend Fire","Exhume"],"picked":"Feed"},{"not_picked":["Iron Wave","Anger"],"picked":"Intimidate"},{"not_picked":["Perfected Strike","Clothesline"],"picked":"Flex"},{"not_picked":["Flex","Iron Wave"],"picked":"Feed"},{"not_picked":["Uppercut","True Grit"],"picked":"Burning Pact"}],"player_experience":135407,"potions_floor_usage":[35,50],"damage_taken":[{"damage":11,"enemies":"Blue Slaver","floor":1,"turns":7},{"damage":0,"enemies":"Cultist","floor":3,"turns":4},{"damage":11,"enemies":"Jaw Worm","floor":4,"turns":2},{"damage":15,"enemies":"Exordium Wildlife","floor":5,"turns":3},{"damage":18,"enemies":"3 Sentries","floor":7,"turns":7},{"damage":6,"enemies":"3 Louse","floor":11,"turns":3},{"damage":12,"enemies":"Gremlin Gang","floor":14,"turns":4},{"damage":13,"enemies":"Slime Boss","floor":16,"turns":12},{"damage":10,"enemies":"3 Byrds","floor":18,"turns":5},{"damage":16,"enemies":"Shell Parasite","floor":19,"turns":4},{"damage":10,"enemies":"Cultist and Chosen","floor":21,"turns":4},{"damage":22,"enemies":"Book of Stabbing","floor":23,"turns":3},{"damage":8,"enemies":"Centurion and Healer","floor":28,"turns":3},{"damage":15,"enemies":"Slavers","floor":30,"turns":3},{"damage":7,"enemies":"Snecko","floor":31,"turns":4},{"damage":26,"enemies":"Collector","floor":33,"turns":6},{"damage":7,"enemies":"Orb Walker","floor":35,"turns":2},{"damage":20,"enemies":"3 Darklings","floor":37,"turns":5},{"damage":16,"enemies":"Sphere and 2 Shapes","floor":39,"turns":4},{"damage":11,"enemies":"2 Orb Walkers","floor":40,"turns":3},{"damage":35,"enemies":"4 Shapes","floor":46,"turns":4},{"damage":93,"enemies":"Time Eater","floor":50,"turns":11}],"event_choices":[{"event_name":"Big Fish","player_choice":"Donut","floor":12,"damage_taken":0},{"event_name":"Back to Basics","player_choice":"Simplicity","floor":22,"damage_taken":0},{"event_name":"Cursed Tome","player_choice":"Obtained Book","floor":24,"damage_taken":0},{"event_name":"The Library","player_choice":"Read","floor":27,"damage_taken":0},{"event_name":"The Lab","player_choice":"Got Potions","floor":45,"damage_taken":0}],"boss_relics":[{"not_picked":["Black Blood","Sozu"],"picked":"Runic Cube"},{"not_picked":["Snecko Eye","Astrolabe"],"picked":"Calling Bell"}],"potions_floor_spawned":[4,5,7,14,16,19,21,30,39,46],"seed_played":"2344001220811597299","ascension_level":1,"is_trial":false}