{"gold_per_floor":[116,136,61,74,85,85,110,110,187,200,213,213],"floor_reached":12,"playtime":749,"items_purged":["Pain"],"score":107,"play_id":"f1b47365-5399-43f9-be2a-49a0ed63ce49","local_time":"20190101185350","is_ascension_mode":true,"campfire_choices":[{"floor":6,"key":"REST"},{"floor":8,"key":"REST"}],"neow_cost":"CURSE","seed_source_timestamp":777438104418749,"circlet_count":0,"master_deck":["Defend_G","Defend_G","Defend_G","Defend_G","Defend_G","Strike_G","Strike_G","Strike_G","Strike_G","Strike_G","Survivor","Neutralize","Tools of the Trade","Skewer","Dash","Acrobatics","Leg Sweep","A Thousand Cuts","Backflip","Crippling Poison"],"relics":["Ring of the Snake","Unceasing Top","Bottled Flame"],"potions_floor_usage":[7,12,12],"damage_taken":[{"damage":4,"enemies":"2 Louse","floor":1,"turns":3},{"damage":14,"enemies":"Small Slimes","floor":2,"turns":5},{"damage":0,"enemies":"Cultist","floor":4,"turns":4},{"damage":2,"enemies":"Looter","floor":5,"turns":4},{"damage":43,"enemies":"Lagavulin","floor":7,"turns":14},{"damage":17,"enemies":"Exordium Thugs","floor":10,"turns":7},{"damage":4,"enemies":"Blue Slaver","floor":11,"turns":5},{"damage":23,"enemies":"Gremlin Nob","floor":12,"turns":4}],"seed_played":"-4902938369627392714","potions_obtained":[{"floor":4,"key":"FearPotion"},{"floor":7,"key":"PowerPotion"},{"floor":10,"key":"SteroidPotion"}],"is_trial":false,"path_per_floor":["M","M","$","M","M","R","E","R","T","M","M","E"],"character_chosen":"THE_SILENT","items_purchased":[],"campfire_rested":2,"item_purchase_floors":[],"current_hp_per_floor":[59,45,45,45,43,64,21,42,42,25,21,0],"gold":213,"neow_bonus":"THREE_RARE_CARDS","is_prod":false,"is_daily":false,"chose_seed":false,"campfire_upgraded":0,"win_rate":0,"timestamp":1546390430,"path_taken":["M","M","$","M","M","R","E","R","T","M","M","E"],"build_version":"2018-12-20","purchased_purges":1,"victory":false,"max_hp_per_floor":[70,70,70,70,70,70,70,70,70,70,70,70],"card_choices":[{"not_picked":["Envenom","Grand Finale"],"picked":"Tools of the Trade","floor":0},{"not_picked":["Cloak And Dagger","Backflip"],"picked":"Skewer","floor":1},{"not_picked":["Prepared","Predator"],"picked":"Dash","floor":2},{"not_picked":["Underhanded Strike","Bane"],"picked":"Acrobatics","floor":4},{"not_picked":["Backflip","Deadly Poison"],"picked":"Leg Sweep","floor":5},{"not_picked":["Choke","PiercingWail"],"picked":"A Thousand Cuts","floor":7},{"not_picked":["Tactician","Underhanded Strike"],"picked":"Backflip","floor":10},{"not_picked":["Slice","Quick Slash"],"picked":"Crippling Poison","floor":11}],"player_experience":361485,"relics_obtained":[{"floor":7,"key":"Unceasing Top"},{"floor":9,"key":"Bottled Flame"}],"event_choices":[],"is_beta":false,"boss_relics":[],"items_purged_floors":[3],"is_endless":false,"potions_floor_spawned":[4,7,10],"killed_by":"Gremlin Nob","ascension_level":6}