{"path_per_floor":["M","M","M","?","$","E","M","R","T","?","M","M","M","M","R","B",null,"M","M","M","M","?","E","T","M","T","?","M","$","R","M","R","B",null,"M","M","?","?","M","$","M","M","T","R","M","R","E","M","R","B"],"character_chosen":"IRONCLAD","items_purchased":["Apotheosis+1","Bottled Tornado"],"gold_per_floor":[114,129,144,144,69,99,114,114,114,114,159,174,189,204,204,304,304,319,334,349,364,364,394,419,434,484,484,499,47,47,62,62,162,162,177,192,0,0,15,15,30,45,45,45,60,60,90,105,105,105],"floor_reached":51,"campfire_rested":1,"playtime":1849,"item_purchase_floors":[29,29],"current_hp_per_floor":[80,83,83,66,66,48,33,57,57,54,60,66,62,76,76,89,89,83,76,79,88,96,104,104,104,104,88,100,100,100,104,104,84,104,107,108,108,94,108,108,108,108,118,118,118,118,127,130,131,131],"items_purged":["Barricade"],"gold":105,"score":984,"play_id":"cbf61f80-6c49-49c3-afa0-ee23df76b4cb","local_time":"20180530161809","daily_mods":["Shiny","Uncertain Future","Vintage"],"is_prod":false,"is_daily":true,"chose_seed":false,"is_ascension_mode":false,"campfire_upgraded":6,"win_rate":0,"timestamp":1527722289,"campfire_choices":[{"floor":8,"key":"REST"},{"data":"Feed","floor":15,"key":"SMITH"},{"data":"Offering","floor":30,"key":"SMITH"},{"data":"Dark Embrace","floor":32,"key":"SMITH"},{"data":"Feed","floor":44,"key":"SMITH"},{"data":"Impervious","floor":46,"key":"SMITH"},{"data":"Berserk","floor":49,"key":"SMITH"}],"path_taken":["M","M","M","?","$","E","?","R","T","?","M","M","M","M","R","BOSS","M","M","M","M","?","E","?","M","T","?","M","$","R","M","R","BOSS","M","M","?","?","M","$","M","M","T","R","?","R","E","M","R","BOSS"],"build_version":"2018-05-29","seed_source_timestamp":164500722871703,"purchased_purges":1,"victory":true,"master_deck":["Double Tap+1","Demon Form+1","Bludgeon+1","Feed+1","Limit Break+1","Fiend Fire+1","Dark Embrace+1","Berserk+1","Impervious+1","Juggernaut","Brutality","Reaper","Exhume","Offering+1","Immolate+1","Searing Blow","Feed+1","Whirlwind+1","Necronomicurse","Apotheosis+1","Offering+1","Madness+1","Madness+1"],"max_hp_per_floor":[80,83,83,83,83,83,83,83,83,83,83,83,83,89,89,89,89,93,96,96,96,96,104,104,104,104,104,104,104,104,104,104,104,104,108,108,108,108,108,108,108,108,118,118,118,118,127,131,131,131],"relics":["Black Blood","War Paint","Bronze Scales","Paper Frog","Toxic Egg 2","Self Forming Clay","Prayer Wheel","Pantograph","Tiny Chest","Blood Vial","Lantern","Sundial","Bottled Flame","Singing Bowl","Matryoshka","Happy Flower","Mummified Hand","Molten Egg 2","Regal Pillow","Dream Catcher","Meat on the Bone","Vajra","Bag of Preparation","Necronomicon","Dead Branch","Bottled Tornado","Omamori","Question Card","Eternal Feather","Mercury Hourglass","Orichalcum","Red Mask","Centennial Puzzle","Bag of Marbles","Toolbox","Pear","Whetstone","Strawberry","Blue Candle"],"card_choices":[{"not_picked":["Entrench","Warcry"],"picked":"Searing Blow","floor":6},{"not_picked":["Impervious+1","Dark Embrace"],"picked":"Feed","floor":16},{"not_picked":["Flex+1","Rage+1"],"picked":"Whirlwind+1","floor":23},{"not_picked":["Brutality","Berserk"],"picked":"Offering+1","floor":33},{"not_picked":["Searing Blow+1","Shockwave+1","Perfected Strike+1","Sever Soul+1"],"picked":"Singing Bowl","floor":47}],"player_experience":138875,"potions_floor_usage":[16,16,20,33,50],"damage_taken":[{"damage":0,"enemies":"2 Louse","floor":1,"turns":1},{"damage":0,"enemies":"Small Slimes","floor":2,"turns":2},{"damage":0,"enemies":"Cultist","floor":3,"turns":2},{"damage":24,"enemies":"Gremlin Nob","floor":6,"turns":4},{"damage":28,"enemies":"Blue Slaver","floor":7,"turns":3},{"damage":0,"enemies":"Exordium Wildlife","floor":11,"turns":1},{"damage":0,"enemies":"Gremlin Gang","floor":12,"turns":1},{"damage":12,"enemies":"Blue Slaver","floor":13,"turns":2},{"damage":0,"enemies":"Red Slaver","floor":14,"turns":1},{"damage":7,"enemies":"Slime Boss","floor":16,"turns":5},{"damage":20,"enemies":"2 Thieves","floor":18,"turns":2},{"damage":22,"enemies":"Shell Parasite","floor":19,"turns":3},{"damage":9,"enemies":"Snake Plant","floor":20,"turns":2},{"damage":10,"enemies":"3 Cultists","floor":21,"turns":3},{"damage":5,"enemies":"Gremlin Leader","floor":23,"turns":4},{"damage":6,"enemies":"Cultist and Chosen","floor":25,"turns":3},{"damage":0,"enemies":"Sentry and Sphere","floor":28,"turns":1},{"damage":0,"enemies":"Centurion and Healer","floor":31,"turns":1},{"damage":30,"enemies":"Automaton","floor":33,"turns":3},{"damage":11,"enemies":"Orb Walker","floor":35,"turns":2},{"damage":4,"enemies":"Flame Bruiser 1 Orb","floor":36,"turns":1},{"damage":11,"enemies":"Spire Growth","floor":39,"turns":2},{"damage":0,"enemies":"3 Darklings","floor":41,"turns":1},{"damage":4,"enemies":"Sphere and 2 Shapes","floor":42,"turns":1},{"damage":16,"enemies":"4 Shapes","floor":45,"turns":1},{"damage":4,"enemies":"2 Orb Walkers","floor":47,"turns":1},{"damage":11,"enemies":"Spire Growth","floor":48,"turns":1},{"damage":17,"enemies":"Donu and Deca","floor":50,"turns":2}],"relics_obtained":[{"floor":1,"key":"War Paint"},{"floor":2,"key":"Bronze Scales"},{"floor":3,"key":"Paper Frog"},{"floor":6,"key":"Toxic Egg 2"},{"floor":7,"key":"Self Forming Clay"},{"floor":9,"key":"Prayer Wheel"},{"floor":11,"key":"Tiny Chest"},{"floor":12,"key":"Blood Vial"},{"floor":13,"key":"Lantern"},{"floor":14,"key":"Sundial"},{"floor":16,"key":"Bottled Flame"},{"floor":18,"key":"Singing Bowl"},{"floor":19,"key":"Matryoshka"},{"floor":20,"key":"Happy Flower"},{"floor":21,"key":"Mummified Hand"},{"floor":23,"key":"Molten Egg 2"},{"floor":24,"key":"Regal Pillow"},{"floor":24,"key":"Dream Catcher"},{"floor":25,"key":"Meat on the Bone"},{"floor":26,"key":"Vajra"},{"floor":26,"key":"Bag of Preparation"},{"floor":27,"key":"Necronomicon"},{"floor":28,"key":"Dead Branch"},{"floor":31,"key":"Omamori"},{"floor":33,"key":"Question Card"},{"floor":35,"key":"Mercury Hourglass"},{"floor":36,"key":"Orichalcum"},{"floor":39,"key":"Centennial Puzzle"},{"floor":41,"key":"Bag of Marbles"},{"floor":42,"key":"Toolbox"},{"floor":43,"key":"Pear"},{"floor":45,"key":"Whetstone"},{"floor":47,"key":"Strawberry"},{"floor":48,"key":"Blue Candle"}],"event_choices":[{"event_name":"Shining Light","player_choice":"Entered Light","floor":4,"damage_taken":0},{"event_name":"Scrap Ooze","player_choice":"success","floor":10,"damage_taken":3},{"event_name":"Wheel of Change","player_choice":"Full Heal","floor":22,"damage_taken":0},{"event_name":"Cursed Tome","player_choice":"Obtained Book","floor":27,"damage_taken":0},{"event_name":"Tomb of Lord Red Mask","player_choice":"Paid","floor":37,"damage_taken":0},{"event_name":"Winding Halls","player_choice":"Embrace Madness","floor":38,"damage_taken":0}],"boss_relics":[{"not_picked":["Runic Cube","Philosopher\u0027s Stone"],"picked":"Black Blood"},{"not_picked":["Runic Pyramid","White Beast Statue"],"picked":"Eternal Feather"}],"items_purged_floors":[5],"potions_floor_spawned":[3,7,12,14,16,18,19,21,33,36,41,42,45],"seed_played":"-522671777961550399","ascension_level":0,"potions_obtained":[{"floor":3,"key":"SkillPotion"},{"floor":7,"key":"EssenceOfSteel"},{"floor":12,"key":"SneckoOil"},{"floor":14,"key":"Fire Potion"},{"floor":16,"key":"LiquidBronze"},{"floor":18,"key":"Block Potion"},{"floor":19,"key":"Block Potion"},{"floor":21,"key":"PowerPotion"},{"floor":33,"key":"Explosive Potion"},{"floor":36,"key":"Block Potion"}],"is_trial":false}