{"gold_per_floor":[118,136,151,163,163,163,192,202,280,280,291,321,321,350,350,454,454,470,485,485,485,496,522,539,539,584,596,11,11,24,51,51,149,149,160,178,0,17,33,92,92,127,150,170,170,183,213,113,113,113],"floor_reached":51,"playtime":2452,"items_purged":["Strike_R","Strike_R"],"score":1139,"play_id":"8090ac5a-8670-4850-bc48-3dc355f298da","local_time":"20180825101212","is_ascension_mode":true,"campfire_choices":[{"data":"Double Tap","floor":6,"key":"SMITH"},{"data":"Flex","floor":10,"key":"SMITH"},{"floor":15,"key":"REST"},{"floor":25,"key":"REST"},{"floor":29,"key":"REST"},{"data":"Armaments","floor":32,"key":"SMITH"},{"floor":41,"key":"REST"},{"data":"1","floor":45,"key":"LIFT"},{"data":"2","floor":49,"key":"LIFT"}],"neow_cost":"NONE","seed_source_timestamp":915564511970388,"circlet_count":0,"master_deck":["Strike_R","Strike_R","Strike_R","Defend_R+1","Defend_R","Defend_R","Defend_R+1","Bash","Iron Wave","Metallicize","Double Tap+1","Twin Strike","Metallicize","Flex+1","Thunderclap","Inflame","Feed","Iron Wave+1","Uppercut+1","Shrug It Off","Dropkick","Metallicize","Inflame","Armaments+1","Shrug It Off","Flex+1","Iron Wave","Iron Wave+1","Reaper","Shrug It Off","Dual Wield+1"],"relics":["Runic Dome","Omamori","Mummified Hand","Girya","Pen Nib","Lizard Tail","Letter Opener","Bottled Lightning","War Paint","Ornamental Fan","Regal Pillow","Vajra","Cursed Key","Red Mask","Tiny Chest","Question Card","Boot","Meat on the Bone"],"potions_floor_usage":[16,16,16,23,30,39,40,50],"damage_taken":[{"damage":1,"enemies":"Cultist","floor":1,"turns":3},{"damage":0,"enemies":"Small Slimes","floor":2,"turns":3},{"damage":0,"enemies":"Jaw Worm","floor":3,"turns":3},{"damage":2,"enemies":"2 Fungi Beasts","floor":4,"turns":4},{"damage":2,"enemies":"3 Sentries","floor":7,"turns":8},{"damage":8,"enemies":"Blue Slaver","floor":8,"turns":4},{"damage":0,"enemies":"3 Louse","floor":11,"turns":4},{"damage":13,"enemies":"Lagavulin","floor":12,"turns":5},{"damage":19,"enemies":"Gremlin Nob","floor":14,"turns":4},{"damage":32,"enemies":"Hexaghost","floor":16,"turns":6},{"damage":3,"enemies":"Spheric Guardian","floor":18,"turns":3},{"damage":13,"enemies":"3 Byrds","floor":19,"turns":5},{"damage":17,"enemies":"Centurion and Healer","floor":22,"turns":4},{"damage":29,"enemies":"Slavers","floor":23,"turns":7},{"damage":6,"enemies":"Chosen and Byrds","floor":24,"turns":4},{"damage":15,"enemies":"Snake Plant","floor":27,"turns":4},{"damage":2,"enemies":"Shelled Parasite and Fungi","floor":30,"turns":4},{"damage":14,"enemies":"Book of Stabbing","floor":31,"turns":4},{"damage":41,"enemies":"Automaton","floor":33,"turns":8},{"damage":18,"enemies":"Flame Bruiser 1 Orb","floor":35,"turns":3},{"damage":14,"enemies":"3 Shapes","floor":36,"turns":5},{"damage":24,"enemies":"Transient","floor":38,"turns":5},{"damage":23,"enemies":"Flame Bruiser 2 Orb","floor":39,"turns":4},{"damage":21,"enemies":"Nemesis","floor":40,"turns":7},{"damage":11,"enemies":"2 Orb Walkers","floor":42,"turns":4},{"damage":12,"enemies":"4 Shapes","floor":44,"turns":4},{"damage":30,"enemies":"Spire Growth","floor":46,"turns":6},{"damage":13,"enemies":"Nemesis","floor":47,"turns":5},{"damage":22,"enemies":"Donu and Deca","floor":50,"turns":9}],"seed_played":"-6094917168138190103","potions_obtained":[{"floor":4,"key":"SpeedPotion"},{"floor":8,"key":"Regen Potion"},{"floor":11,"key":"SneckoOil"},{"floor":12,"key":"Poison Potion"},{"floor":14,"key":"Strength Potion"},{"floor":18,"key":"PowerPotion"},{"floor":19,"key":"FearPotion"},{"floor":23,"key":"GamblersBrew"},{"floor":38,"key":"PowerPotion"},{"floor":42,"key":"BloodPotion"},{"floor":46,"key":"Ancient Potion"},{"floor":47,"key":"Energy Potion"}],"is_trial":false,"path_per_floor":["M","M","M","M","?","R","E","M","T","R","M","E","?","E","R","B",null,"M","M","?","?","M","E","M","R","T","M","$","R","M","E","R","B",null,"M","M","?","M","M","E","R","E","T","M","R","M","E","$","R","B"],"character_chosen":"IRONCLAD","items_purchased":["Ornamental Fan","Regal Pillow","Inflame","Armaments"],"campfire_rested":4,"item_purchase_floors":[28,28,28,28],"current_hp_per_floor":[71,71,71,69,74,74,72,64,64,64,64,51,72,53,78,58,78,75,65,65,65,51,25,22,51,51,39,39,84,86,72,72,31,86,68,57,57,33,13,49,97,98,98,113,113,83,100,100,100,78],"gold":113,"neow_bonus":"BOSS_RELIC","is_prod":false,"is_daily":false,"chose_seed":false,"campfire_upgraded":3,"win_rate":0,"timestamp":1535217132,"path_taken":["M","M","?","?","?","R","E","M","T","R","M","E","?","E","R","BOSS","M","M","?","?","?","E","M","R","T","?","$","R","M","E","R","BOSS","M","M","?","M","M","E","R","E","T","?","R","M","E","$","R","BOSS"],"build_version":"2018-08-23v2","purchased_purges":2,"victory":true,"max_hp_per_floor":[80,80,80,80,85,85,85,85,85,85,85,85,85,85,85,85,85,85,88,88,88,91,94,97,97,97,100,100,100,104,104,104,104,104,104,107,107,107,110,110,110,113,113,113,113,113,113,113,113,113],"card_choices":[{"not_picked":["Havoc","Shockwave"],"picked":"Iron Wave","floor":1},{"not_picked":["Clash","Flex"],"picked":"Metallicize","floor":2},{"not_picked":["Pummel","Wild Strike"],"picked":"Double Tap","floor":3},{"not_picked":["Power Through","Carnage"],"picked":"Twin Strike","floor":4},{"not_picked":["Shockwave","Clash"],"picked":"Metallicize","floor":7},{"not_picked":["Clash","Heavy Blade"],"picked":"Flex","floor":8},{"not_picked":["Havoc","Feel No Pain"],"picked":"Thunderclap","floor":11},{"not_picked":["Sentinel","Reckless Charge","Anger"],"picked":"SKIP","floor":12},{"not_picked":["Feel No Pain","Twin Strike"],"picked":"Inflame","floor":14},{"not_picked":["Fiend Fire","Barricade"],"picked":"Feed","floor":16},{"not_picked":["Evolve","Havoc+1"],"picked":"Iron Wave+1","floor":18},{"not_picked":["Twin Strike","Rage","Burning Pact"],"picked":"SKIP","floor":19},{"not_picked":["Heavy Blade","Intimidate+1"],"picked":"Uppercut+1","floor":22},{"not_picked":["Bloodletting","Flame Barrier"],"picked":"Shrug It Off","floor":23},{"not_picked":["Reckless Charge+1","Sever Soul"],"picked":"Dropkick","floor":24},{"not_picked":["Iron Wave","Shrug It Off"],"picked":"Metallicize","floor":27},{"not_picked":["Sword Boomerang+1","Fiend Fire","Clash+1"],"picked":"SKIP","floor":30},{"not_picked":["Dual Wield","Spot Weakness"],"picked":"Shrug It Off","floor":31},{"not_picked":["Infernal Blade+1","Burning Pact+1"],"picked":"Flex+1","floor":35},{"not_picked":["Wild Strike","Blood for Blood+1"],"picked":"Iron Wave","floor":36},{"not_picked":["Anger","Wild Strike"],"picked":"Iron Wave+1","floor":38},{"not_picked":["Thunderclap","Fiend Fire","Fire Breathing"],"picked":"SKIP","floor":39},{"not_picked":["Body Slam","Hemokinesis"],"picked":"Reaper","floor":40},{"not_picked":["Hemokinesis+1","Impervious","Thunderclap+1"],"picked":"SKIP","floor":42},{"not_picked":["True Grit+1","Heavy Blade","Wild Strike"],"picked":"Shrug It Off","floor":44},{"not_picked":["Sword Boomerang+1","Wild Strike+1","Carnage+1","Shrug It Off+1"],"picked":"SKIP","floor":46},{"not_picked":["Havoc","Corruption+1","Clothesline"],"picked":"Dual Wield+1","floor":47}],"player_experience":435070,"relics_obtained":[{"floor":7,"key":"Omamori"},{"floor":9,"key":"Mummified Hand"},{"floor":12,"key":"Girya"},{"floor":14,"key":"Pen Nib"},{"floor":23,"key":"Bottled Lightning"},{"floor":26,"key":"War Paint"},{"floor":31,"key":"Vajra"},{"floor":40,"key":"Tiny Chest"},{"floor":42,"key":"Question Card"},{"floor":43,"key":"Boot"},{"floor":47,"key":"Meat on the Bone"}],"event_choices":[{"event_name":"Big Fish","player_choice":"Donut","floor":5,"damage_taken":0},{"event_name":"Mushrooms","player_choice":"Healed and dodged fight","floor":13,"damage_taken":0},{"event_name":"The Mausoleum","player_choice":"Yes","floor":20,"damage_taken":0},{"event_name":"Ghosts","player_choice":"Ignored","floor":21,"damage_taken":0},{"event_name":"Tomb of Lord Red Mask","player_choice":"Paid","floor":37,"damage_taken":0}],"is_beta":false,"boss_relics":[{"not_picked":["Pandora\u0027s Box","Snecko Eye"],"picked":"Lizard Tail"},{"not_picked":["Fusion Hammer","Mark of Pain"],"picked":"Cursed Key"}],"items_purged_floors":[28,48],"is_endless":false,"potions_floor_spawned":[4,8,11,12,14,18,19,23,38,42,46,47],"ascension_level":7}