{"path_per_floor":["M","M","?","M","?","R","E","R","T","M","M","?","R","?","R","B",null,"M","?","$","M","?","R","?","?","T","M","R","E","T","M","R"],"character_chosen":"THE_SILENT","items_purchased":["Cloak And Dagger","Dark Shackles"],"gold_per_floor":[15,35,35,50,125,125,157,157,157,169,184,184,184,184,184,284,284,298,298,83,93,8,8,8,8,8,24,24,57,57,67,67,67],"floor_reached":33,"campfire_rested":1,"playtime":1096,"current_hp_per_floor":[69,69,69,68,57,57,37,37,37,37,29,29,50,50,50,23,70,65,65,65,65,65,65,65,65,65,65,65,50,50,49,49,0],"items_purged":["Underhanded Strike"],"gold":67,"score":316,"play_id":"05c4d91b-d417-4394-994a-080ed44ae501","local_time":"20180331172608","is_prod":false,"is_daily":false,"is_ascension_mode":true,"campfire_upgraded":3,"timestamp":1522509968,"path_taken":["M","M","?","M","?","R","E","R","T","M","M","?","R","?","R","BOSS","M","?","$","?","?","R","?","?","T","M","R","E","?","M","R","BOSS"],"build_version":"2018-03-29v2","purchased_purges":1,"victory":false,"master_deck":["Defend_G","Defend_G","Defend_G","Defend_G","Strike_G","Strike_G","Strike_G","Strike_G","Neutralize+1","After Image+1","Blade Dance","Backstab","Infinite Blades+1","Unload","Cloak And Dagger","Burst+1","Dagger Spray+1","Cloak And Dagger","Dark Shackles","Crippling Poison","Blade Dance","Die Die Die"],"max_hp_per_floor":[70,70,70,70,70,70,70,70,70,70,70,70,70,70,70,70,70,70,70,70,70,70,70,70,70,70,70,70,70,70,70,70,70],"relics":["Ring of the Snake","Sundial","Girya","Sozu","Oddly Smooth Stone","Bag of Marbles","Regal Pillow","Gambling Chip"],"card_choices":[{"not_picked":["Glass Knife","Envenom"],"picked":"After Image","floor":0},{"not_picked":["Dagger Spray","Sucker Punch"],"picked":"Blade Dance","floor":1},{"not_picked":["Noxious Fumes","Concentrate"],"picked":"Backstab","floor":2},{"not_picked":["Poisoned Stab","Slice"],"picked":"Infinite Blades","floor":4},{"not_picked":["Flying Knee","Choke"],"picked":"Unload","floor":7},{"not_picked":["Quick Slash","Flying Knee"],"picked":"Underhanded Strike","floor":10},{"not_picked":["Finisher","Acrobatics"],"picked":"Cloak And Dagger","floor":11},{"not_picked":["Venomology","Doppelganger"],"picked":"Burst","floor":16},{"not_picked":["Slice","Quick Slash"],"picked":"Dagger Spray","floor":18},{"not_picked":["Expertise","Catalyst"],"picked":"Blade Dance","floor":29},{"not_picked":["Dodge and Roll","Heel Hook"],"picked":"Die Die Die","floor":31}],"player_experience":173890,"potions_floor_usage":[16,33],"damage_taken":[{"damage":1,"enemies":"2 Louse","floor":1,"turns":4},{"damage":0,"enemies":"Jaw Worm","floor":2,"turns":4},{"damage":1,"enemies":"Small Slimes","floor":4,"turns":3},{"damage":20,"enemies":"Gremlin Nob","floor":7,"turns":5},{"damage":0,"enemies":"Blue Slaver","floor":10,"turns":3},{"damage":8,"enemies":"Exordium Thugs","floor":11,"turns":4},{"damage":42,"enemies":"Hexaghost","floor":16,"turns":11},{"damage":5,"enemies":"Chosen","floor":18,"turns":5},{"damage":0,"enemies":"Spheric Guardian","floor":21,"turns":3},{"damage":0,"enemies":"Centurion and Healer","floor":27,"turns":5},{"damage":15,"enemies":"Slavers","floor":29,"turns":5},{"damage":1,"enemies":"Slaver and Parasite","floor":31,"turns":4},{"damage":51,"enemies":"Automaton","floor":33,"turns":6}],"event_choices":[{"event_name":"Golden Idol","player_choice":"Ignored","floor":3,"damage_taken":0},{"event_name":"World of Goop","player_choice":"Gather Gold","floor":5,"damage_taken":0},{"event_name":"Accursed Blacksmith","player_choice":"Forge","floor":12,"damage_taken":0},{"event_name":"Purifier","player_choice":"One Purge","floor":14,"damage_taken":0},{"event_name":"Ghosts","player_choice":"Ignored","floor":19,"damage_taken":0},{"event_name":"Addict","player_choice":"Obtained Relic","floor":22,"damage_taken":0},{"event_name":"Transmorgrifier","player_choice":"Transform","floor":24,"damage_taken":0},{"event_name":"Bonfire Elementals","player_choice":"BASIC","floor":25,"damage_taken":0}],"boss_relics":[{"not_picked":["Cursed Key","Philosopher\u0027s Stone"],"picked":"Sozu"}],"potions_floor_spawned":[4,11,16,18,21,31],"seed_played":"-8169291392153074578","killed_by":"Automaton","ascension_level":4,"is_trial":false}