{"gold_per_floor":[116,116,126,144,163,163,198,211,211,222,222,38,50,75,75,178,178,178,178,178,178,178,178,178],"floor_reached":24,"playtime":1951,"items_purged":[],"score":242,"play_id":"cbf9993a-4c62-4137-8feb-c9e11684643e","local_time":"20180904194959","is_ascension_mode":true,"campfire_choices":[{"data":"Combust","floor":6,"key":"SMITH"},{"data":"Barricade","floor":15,"key":"SMITH"},{"data":"Armaments","floor":23,"key":"SMITH"}],"neow_cost":"","seed_source_timestamp":360546305009101,"circlet_count":0,"master_deck":["Strike_R","Strike_R","Strike_R","Strike_R","Strike_R","Defend_R","Defend_R","Defend_R","Defend_R","Bash","Armaments","Bash","Iron Wave","Combust+1","Armaments+1","Warcry","Cleave","Pommel Strike","Reaper","Shrug It Off","Barricade+1","Twin Strike","Barricade+1","Body Slam","Flame Barrier","Flame Barrier"],"relics":["Burning Blood","Bag of Preparation","Darkstone Periapt","Pantograph","Ectoplasm","FaceOfCleric"],"potions_floor_usage":[7,7,14,16,24],"damage_taken":[{"damage":13,"enemies":"Jaw Worm","floor":1,"turns":4},{"damage":1,"enemies":"Cultist","floor":3,"turns":4},{"damage":11,"enemies":"2 Louse","floor":4,"turns":3},{"damage":17,"enemies":"Lots of Slimes","floor":5,"turns":3},{"damage":18,"enemies":"Gremlin Nob","floor":7,"turns":3},{"damage":23,"enemies":"3 Louse","floor":8,"turns":3},{"damage":13,"enemies":"Exordium Wildlife","floor":10,"turns":5},{"damage":1,"enemies":"Looter","floor":13,"turns":4},{"damage":34,"enemies":"Lagavulin","floor":14,"turns":8},{"damage":79,"enemies":"Hexaghost","floor":16,"turns":13},{"damage":6,"enemies":"Chosen","floor":18,"turns":7},{"damage":29,"enemies":"3 Byrds","floor":19,"turns":5},{"damage":20,"enemies":"Centurion and Healer","floor":21,"turns":9},{"damage":77,"enemies":"Book of Stabbing","floor":24,"turns":6}],"seed_played":"-5000718844666719587","potions_obtained":[{"floor":4,"key":"SteroidPotion"},{"floor":5,"key":"Strength Potion"},{"floor":10,"key":"Ancient Potion"},{"floor":13,"key":"Dexterity Potion"},{"floor":19,"key":"Swift Potion"}],"is_trial":false,"path_per_floor":["M","?","M","M","M","R","E","M","T","M","?","$","M","E","R","B",null,"M","M","?","M","?","R"],"character_chosen":"IRONCLAD","items_purchased":["Reaper","Shrug It Off"],"campfire_rested":0,"item_purchase_floors":[12,12],"current_hp_per_floor":[73,73,78,73,62,62,50,33,33,26,90,90,90,62,62,20,90,90,73,73,67,67,67,0],"gold":178,"neow_bonus":"","is_prod":false,"is_daily":false,"chose_seed":false,"campfire_upgraded":3,"win_rate":0,"timestamp":1536083399,"path_taken":["M","?","M","M","M","R","E","M","T","?","?","?","M","E","R","BOSS","M","M","?","?","?","R","E"],"build_version":"2018-08-30","purchased_purges":0,"victory":false,"max_hp_per_floor":[80,80,80,80,80,80,80,80,80,80,90,90,90,90,90,90,90,90,90,90,90,90,90,90],"card_choices":[{"not_picked":["Searing Blow","Clothesline"],"picked":"Armaments","floor":1},{"not_picked":["Twin Strike","Burning Pact"],"picked":"Iron Wave","floor":3},{"not_picked":["Sentinel","Clothesline"],"picked":"Combust","floor":4},{"not_picked":["Rampage","Pommel Strike"],"picked":"Armaments","floor":5},{"not_picked":["Sword Boomerang","Corruption"],"picked":"Warcry","floor":7},{"not_picked":["Rage","Havoc"],"picked":"Cleave","floor":8},{"not_picked":["Burning Pact","True Grit"],"picked":"Pommel Strike","floor":10},{"not_picked":["Iron Wave","Clothesline"],"picked":"Barricade","floor":13},{"not_picked":["Sever Soul","Feel No Pain"],"picked":"Twin Strike","floor":14},{"not_picked":["Feed","Reaper"],"picked":"Barricade","floor":16},{"not_picked":["Heavy Blade+1","Thunderclap"],"picked":"Body Slam","floor":18},{"not_picked":["Twin Strike","Rage+1"],"picked":"Flame Barrier","floor":19},{"not_picked":["Whirlwind+1","Sword Boomerang+1"],"picked":"Flame Barrier","floor":21}],"player_experience":100392,"relics_obtained":[{"floor":7,"key":"Bag of Preparation"},{"floor":9,"key":"Darkstone Periapt"},{"floor":14,"key":"Pantograph"}],"event_choices":[{"event_name":"Match and Keep!","player_choice":"2 cards matched","floor":2,"damage_taken":0},{"event_name":"Match and Keep!","player_choice":"2 cards matched","floor":2,"damage_taken":0},{"event_name":"Bonfire Elementals","player_choice":"RARE","floor":11,"damage_taken":0},{"event_name":"Accursed Blacksmith","player_choice":"Forge","floor":20,"damage_taken":0},{"event_name":"FaceTrader","player_choice":"Trade","floor":22,"damage_taken":0}],"is_beta":false,"boss_relics":[{"not_picked":["Coffee Dripper","Fusion Hammer"],"picked":"Ectoplasm"}],"items_purged_floors":[],"is_endless":false,"potions_floor_spawned":[4,5,10,13,19],"killed_by":"Book of Stabbing","ascension_level":3}