{"gold_per_floor":[110,160,170,187,206,206,239,239,321,346,346,366,399,412,412,486,486,502,514,144,144,160,186,186,221,221,6,6,20,35,68,68,142,142,158,169,186,186,196,196,221,14,41,56,56,82,0,20,20,20],"floor_reached":51,"playtime":3344,"items_purged":["Parasite"],"score":1380,"play_id":"1096f607-c75d-4b5a-acb1-0f54890905cd","local_time":"20181106180940","is_ascension_mode":true,"campfire_choices":[{"data":"Bash","floor":6,"key":"SMITH"},{"data":"Hemokinesis","floor":8,"key":"SMITH"},{"data":"Anger","floor":15,"key":"SMITH"},{"floor":24,"key":"REST"},{"floor":28,"key":"REST"},{"floor":32,"key":"REST"},{"data":"Demon Form","floor":40,"key":"SMITH"},{"data":"Clothesline","floor":45,"key":"SMITH"},{"floor":49,"key":"REST"}],"neow_cost":"NONE","seed_source_timestamp":90188092385282,"circlet_count":0,"master_deck":["AscendersBane","Strike_R","Strike_R","Strike_R","Strike_R","Defend_R","Defend_R","Defend_R","Defend_R","Bash+1","Pommel Strike","Battle Trance","Cleave","Shrug It Off","Hemokinesis+1","True Grit+1","Anger+1","True Grit+1","Demon Form+1","Warcry+1","Disarm+1","Apotheosis+1","Dark Shackles+1","Clothesline+1","Burning Pact+1","Headbutt+1","Double Tap+1","Immolate","Disarm+1","Spot Weakness+1","Shrug It Off+1","Impervious+1","Exhume+1","Warcry+1","Reaper","Parasite","Secret Technique+1","Warcry+1","Shrug It Off+1"],"relics":["Burning Blood","Ice Cream","Toxic Egg 2","Bag of Preparation","Mercury Hourglass","Velvet Choker","Pocketwatch","Centennial Puzzle","Question Card","DollysMirror","Kunai","Eternal Feather","Dream Catcher","Blood Vial","Orichalcum","Red Mask"],"potions_floor_usage":[7,10,16,16,25,50,50],"damage_taken":[{"damage":11,"enemies":"Cultist","floor":1,"turns":5},{"damage":0,"enemies":"Small Slimes","floor":3,"turns":3},{"damage":1,"enemies":"2 Louse","floor":4,"turns":2},{"damage":8,"enemies":"Red Slaver","floor":5,"turns":3},{"damage":45,"enemies":"Lagavulin","floor":7,"turns":6},{"damage":16,"enemies":"3 Sentries","floor":10,"turns":6},{"damage":11,"enemies":"Gremlin Gang","floor":12,"turns":5},{"damage":14,"enemies":"Lagavulin","floor":13,"turns":5},{"damage":2,"enemies":"Lots of Slimes","floor":14,"turns":2},{"damage":22,"enemies":"Hexaghost","floor":16,"turns":8},{"damage":7,"enemies":"Chosen","floor":18,"turns":5},{"damage":10,"enemies":"2 Thieves","floor":19,"turns":3},{"damage":2,"enemies":"Centurion and Healer","floor":22,"turns":6},{"damage":42,"enemies":"Gremlin Leader","floor":23,"turns":6},{"damage":36,"enemies":"Slavers","floor":25,"turns":4},{"damage":3,"enemies":"Snake Plant","floor":29,"turns":4},{"damage":4,"enemies":"Shelled Parasite and Fungi","floor":30,"turns":3},{"damage":8,"enemies":"Gremlin Leader","floor":31,"turns":5},{"damage":5,"enemies":"Champ","floor":33,"turns":11},{"damage":13,"enemies":"Orb Walker","floor":35,"turns":5},{"damage":0,"enemies":"3 Shapes","floor":36,"turns":3},{"damage":1,"enemies":"Sphere and 2 Shapes","floor":37,"turns":4},{"damage":20,"enemies":"Writhing Mass","floor":39,"turns":6},{"damage":21,"enemies":"Reptomancer","floor":41,"turns":8},{"damage":0,"enemies":"Jaw Worm Horde","floor":44,"turns":2},{"damage":20,"enemies":"Giant Head","floor":46,"turns":8},{"damage":73,"enemies":"Sphere and 2 Shapes","floor":48,"turns":5},{"damage":14,"enemies":"Time Eater","floor":50,"turns":11}],"seed_played":"9216543623585942409","potions_obtained":[{"floor":3,"key":"PowerPotion"},{"floor":4,"key":"BloodPotion"},{"floor":7,"key":"FearPotion"},{"floor":12,"key":"GamblersBrew"},{"floor":19,"key":"Poison Potion"},{"floor":29,"key":"Dexterity Potion"},{"floor":30,"key":"Weak Potion"}],"is_trial":false,"path_per_floor":["M","?","M","M","M","R","E","R","T","E","?","M","E","M","R","B",null,"M","M","$","?","M","E","R","E","T","$","R","M","M","E","R","B",null,"M","M","M","?","M","R","E","$","T","M","R","E","?","M","R","B",null],"character_chosen":"IRONCLAD","items_purchased":["Apotheosis+1","Dark Shackles+1","Clothesline","DollysMirror","Secret Technique+1"],"campfire_rested":4,"item_purchase_floors":[20,20,20,27,42],"current_hp_per_floor":[63,63,69,74,72,72,40,40,40,30,48,43,35,39,39,23,62,61,57,57,57,61,25,46,16,16,16,37,40,42,40,61,62,70,63,69,72,72,58,72,72,72,72,72,72,72,72,50,72,72],"gold":20,"neow_bonus":"REMOVE_CARD","is_prod":false,"is_daily":false,"chose_seed":false,"campfire_upgraded":5,"win_rate":0,"timestamp":1541524180,"path_taken":["M","?","M","M","?","R","E","R","T","E","?","M","E","M","R","BOSS","M","M","$","?","?","E","R","E","T","$","R","?","M","E","R","BOSS","M","M","?","?","?","R","E","$","T","M","R","E","?","M","R","BOSS"],"build_version":"2018-11-05","purchased_purges":1,"victory":true,"max_hp_per_floor":[75,75,75,75,75,75,75,75,75,75,75,75,75,75,75,75,75,75,75,72,72,72,72,72,72,72,72,72,72,72,72,72,72,72,72,72,72,72,72,72,72,72,72,72,72,72,72,72,72,72],"card_choices":[{"not_picked":["Wild Strike","Armaments"],"picked":"Pommel Strike","floor":1},{"not_picked":["Rupture","Infernal Blade"],"picked":"Battle Trance","floor":3},{"not_picked":["Sword Boomerang","True Grit"],"picked":"Cleave","floor":4},{"not_picked":["Burning Pact","Wild Strike"],"picked":"Shrug It Off","floor":5},{"not_picked":["Sentinel","Body Slam"],"picked":"Hemokinesis","floor":7},{"not_picked":["Immolate","Sword Boomerang"],"picked":"True Grit+1","floor":10},{"not_picked":["Clash","Wild Strike"],"picked":"Anger","floor":12},{"not_picked":["Heavy Blade","Twin Strike","Anger"],"picked":"SKIP","floor":13},{"not_picked":["Shrug It Off+1","Thunderclap"],"picked":"True Grit+1","floor":14},{"not_picked":["Impervious+1","Reaper"],"picked":"Demon Form","floor":16},{"not_picked":["Rupture","Clash"],"picked":"Warcry+1","floor":18},{"not_picked":["Pommel Strike+1","Second Wind+1"],"picked":"Disarm+1","floor":19},{"not_picked":["Anger","Cleave+1"],"picked":"Headbutt+1","floor":22},{"not_picked":["Cleave","Iron Wave"],"picked":"Double Tap+1","floor":23},{"not_picked":["Blood for Blood","Flex+1"],"picked":"Immolate","floor":25},{"not_picked":["True Grit+1","Sword Boomerang","Battle Trance+1"],"picked":"Spot Weakness+1","floor":29},{"not_picked":["Perfected Strike+1","Wild Strike","Reckless Charge"],"picked":"Shrug It Off+1","floor":30},{"not_picked":["Clothesline","Pommel Strike","Rupture+1"],"picked":"Impervious+1","floor":31},{"not_picked":["Bludgeon","Dark Embrace","Juggernaut"],"picked":"Exhume+1","floor":33},{"not_picked":["Pommel Strike","Rupture+1","Clothesline"],"picked":"Warcry+1","floor":35},{"not_picked":["Clothesline","Power Through+1","Pommel Strike","Flex+1"],"picked":"SKIP","floor":36},{"not_picked":["Wild Strike","Perfected Strike","Clash"],"picked":"Reaper","floor":37},{"not_picked":["Searing Blow","Carnage","True Grit+1","Flex+1"],"picked":"SKIP","floor":39},{"not_picked":["Iron Wave","Flex+1","True Grit+1","Body Slam"],"picked":"SKIP","floor":41},{"not_picked":["Pommel Strike","Ghostly Armor+1","Iron Wave"],"picked":"Warcry+1","floor":44},{"not_picked":["Clash","Evolve","Metallicize","Perfected Strike+1"],"picked":"SKIP","floor":46},{"not_picked":["Sword Boomerang","Immolate","Bloodletting+1","Wild Strike+1"],"picked":"SKIP","floor":48},{"not_picked":["Armaments+1","Iron Wave+1","Clothesline"],"picked":"Shrug It Off+1","floor":49}],"player_experience":318368,"relics_obtained":[{"floor":7,"key":"Ice Cream"},{"floor":9,"key":"Toxic Egg 2"},{"floor":10,"key":"Bag of Preparation"},{"floor":13,"key":"Mercury Hourglass"},{"floor":23,"key":"Pocketwatch"},{"floor":25,"key":"Centennial Puzzle"},{"floor":26,"key":"Question Card"},{"floor":31,"key":"Kunai"},{"floor":41,"key":"Dream Catcher"},{"floor":43,"key":"Blood Vial"},{"floor":46,"key":"Orichalcum"}],"event_choices":[{"damage_healed":0,"gold_gain":50,"player_choice":"Pray","damage_taken":0,"max_hp_gain":0,"max_hp_loss":0,"event_name":"Golden Shrine","floor":2,"gold_loss":0},{"damage_healed":18,"gold_gain":0,"player_choice":"Healed and dodged fight","damage_taken":0,"max_hp_gain":0,"max_hp_loss":0,"event_name":"Mushrooms","floor":11,"gold_loss":0,"cards_obtained":["Parasite"]},{"damage_healed":0,"gold_gain":0,"player_choice":"1 cards matched","damage_taken":0,"max_hp_gain":0,"max_hp_loss":0,"event_name":"Match and Keep!","floor":21,"gold_loss":0,"cards_obtained":["Burning Pact"]},{"damage_healed":0,"gold_gain":0,"player_choice":"Ignored","damage_taken":0,"max_hp_gain":0,"max_hp_loss":0,"event_name":"SecretPortal","floor":38,"gold_loss":0},{"damage_healed":0,"gold_gain":0,"player_choice":"Paid","damage_taken":0,"relics_obtained":["Red Mask"],"max_hp_gain":0,"max_hp_loss":0,"event_name":"Tomb of Lord Red Mask","floor":47,"gold_loss":82}],"is_beta":true,"boss_relics":[{"not_picked":["Tiny House","Ectoplasm"],"picked":"Velvet Choker"},{"not_picked":["White Beast Statue","Coffee Dripper"],"picked":"Eternal Feather"}],"items_purged_floors":[20],"is_endless":false,"potions_floor_spawned":[3,4,7,12,13,19,29,30,35,37,39,44,48],"ascension_level":16}