{"path_per_floor":["M","M","M","?","$","E","M","R","T","?","M","M","M","M","R","B",null,"M","M","M","M","?","E","T","M","T","?","M","$","R","M","R","B",null,"M","M","?","?","M","$","M","M","T","R","M","R","E","M","R","B"],"character_chosen":"IRONCLAD","items_purchased":["Pommel Strike+1","Sadistic Nature","Bottled Tornado"],"gold_per_floor":[114,129,144,144,144,174,189,189,189,189,234,249,264,279,279,379,379,394,409,424,439,439,469,494,509,559,559,574,23,23,38,38,138,138,153,168,0,0,15,15,30,45,45,45,60,60,90,105,105,105],"floor_reached":51,"campfire_rested":0,"playtime":2336,"item_purchase_floors":[29,29,29],"current_hp_per_floor":[80,83,83,66,66,50,40,40,40,37,43,55,42,40,40,68,114,104,97,101,95,95,82,82,105,105,89,104,104,104,123,123,150,150,150,154,154,135,142,142,153,154,164,164,168,168,175,175,175,175],"items_purged":["Decay"],"gold":105,"score":959,"play_id":"a6421e96-2bfb-40c0-9160-85015965eb0c","local_time":"20180530144942","daily_mods":["Shiny","Uncertain Future","Vintage"],"is_prod":false,"is_daily":true,"chose_seed":false,"is_ascension_mode":false,"campfire_upgraded":7,"win_rate":0,"timestamp":1527706182,"campfire_choices":[{"data":"Feed","floor":8,"key":"SMITH"},{"data":"Offering","floor":15,"key":"SMITH"},{"data":"Bludgeon","floor":30,"key":"SMITH"},{"data":"Berserk","floor":32,"key":"SMITH"},{"data":"Brutality","floor":44,"key":"SMITH"},{"data":"Barricade","floor":46,"key":"SMITH"},{"data":"Brutality","floor":49,"key":"SMITH"}],"path_taken":["M","M","M","?","$","E","?","R","T","?","M","M","M","M","R","BOSS","M","M","M","M","?","E","?","M","T","?","M","$","R","M","R","BOSS","M","M","?","?","M","$","M","M","T","R","?","R","E","M","R","BOSS"],"build_version":"2018-05-29","seed_source_timestamp":0,"purchased_purges":1,"victory":true,"master_deck":["Double Tap+1","Demon Form+1","Bludgeon+1","Feed+1","Limit Break+1","Barricade+1","Fiend Fire+1","Dark Embrace","Berserk+1","Impervious","Juggernaut","Brutality+1","Reaper+1","Exhume","Offering+1","Immolate+1","Offering+1","Metallicize","Necronomicurse","Pommel Strike+1","Sadistic Nature","Brutality+1","Madness+1","Madness+1","Inflame+1"],"max_hp_per_floor":[80,83,83,83,83,86,86,86,86,86,86,102,106,110,110,114,114,122,126,126,134,134,134,134,138,138,138,142,142,142,150,150,150,150,150,154,154,154,154,154,154,154,164,164,168,168,175,175,175,175],"relics":["Black Blood","War Paint","Bronze Scales","Paper Frog","Toxic Egg 2","Self Forming Clay","Prayer Wheel","Pantograph","Tiny Chest","Blood Vial","Lantern","Sundial","Bottled Flame","Singing Bowl","Matryoshka","Happy Flower","Mummified Hand","Molten Egg 2","Regal Pillow","Dream Catcher","Meat on the Bone","Vajra","Bag of Preparation","Necronomicon","Dead Branch","Bottled Tornado","Omamori","Question Card","Eternal Feather","Mercury Hourglass","Orichalcum","Red Mask","Centennial Puzzle","Bag of Marbles","Toolbox","Pear","Whetstone","Strawberry","Blue Candle"],"card_choices":[{"not_picked":["Perfected Strike","Body Slam","Combust"],"picked":"SKIP","floor":6},{"not_picked":["Limit Break+1","Double Tap+1"],"picked":"Offering+1","floor":16},{"not_picked":["Warcry+1","Burning Pact+1"],"picked":"Metallicize","floor":23},{"not_picked":["Berserk","Reaper+1"],"picked":"Brutality","floor":33},{"not_picked":["True Grit+1","Cleave+1","Blood for Blood+1"],"picked":"Inflame+1","floor":47}],"player_experience":201857,"potions_floor_usage":[16,50,50,50],"damage_taken":[{"damage":0,"enemies":"2 Louse","floor":1,"turns":1},{"damage":0,"enemies":"Small Slimes","floor":2,"turns":2},{"damage":0,"enemies":"Cultist","floor":3,"turns":2},{"damage":39,"enemies":"Gremlin Nob","floor":6,"turns":4},{"damage":16,"enemies":"Blue Slaver","floor":7,"turns":2},{"damage":0,"enemies":"Exordium Wildlife","floor":11,"turns":1},{"damage":10,"enemies":"Gremlin Gang","floor":12,"turns":3},{"damage":25,"enemies":"Blue Slaver","floor":13,"turns":4},{"damage":18,"enemies":"Red Slaver","floor":14,"turns":5},{"damage":23,"enemies":"Slime Boss","floor":16,"turns":10},{"damage":32,"enemies":"2 Thieves","floor":18,"turns":4},{"damage":23,"enemies":"Shell Parasite","floor":19,"turns":3},{"damage":8,"enemies":"Snake Plant","floor":20,"turns":1},{"damage":26,"enemies":"3 Cultists","floor":21,"turns":3},{"damage":37,"enemies":"Gremlin Leader","floor":23,"turns":5},{"damage":9,"enemies":"Cultist and Chosen","floor":25,"turns":2},{"damage":1,"enemies":"Sentry and Sphere","floor":28,"turns":2},{"damage":11,"enemies":"Centurion and Healer","floor":31,"turns":1},{"damage":8,"enemies":"Automaton","floor":33,"turns":2},{"damage":4,"enemies":"Orb Walker","floor":35,"turns":1},{"damage":11,"enemies":"Flame Bruiser 1 Orb","floor":36,"turns":2},{"damage":5,"enemies":"Spire Growth","floor":39,"turns":2},{"damage":1,"enemies":"3 Darklings","floor":41,"turns":2},{"damage":1,"enemies":"Sphere and 2 Shapes","floor":42,"turns":2},{"damage":2,"enemies":"4 Shapes","floor":45,"turns":2},{"damage":4,"enemies":"2 Orb Walkers","floor":47,"turns":1},{"damage":4,"enemies":"Spire Growth","floor":48,"turns":1},{"damage":20,"enemies":"Donu and Deca","floor":50,"turns":2}],"relics_obtained":[{"floor":1,"key":"War Paint"},{"floor":2,"key":"Bronze Scales"},{"floor":3,"key":"Paper Frog"},{"floor":6,"key":"Toxic Egg 2"},{"floor":7,"key":"Self Forming Clay"},{"floor":9,"key":"Prayer Wheel"},{"floor":11,"key":"Tiny Chest"},{"floor":12,"key":"Blood Vial"},{"floor":13,"key":"Lantern"},{"floor":14,"key":"Sundial"},{"floor":16,"key":"Bottled Flame"},{"floor":18,"key":"Singing Bowl"},{"floor":19,"key":"Matryoshka"},{"floor":20,"key":"Happy Flower"},{"floor":21,"key":"Mummified Hand"},{"floor":23,"key":"Molten Egg 2"},{"floor":24,"key":"Regal Pillow"},{"floor":24,"key":"Dream Catcher"},{"floor":25,"key":"Meat on the Bone"},{"floor":26,"key":"Vajra"},{"floor":26,"key":"Bag of Preparation"},{"floor":27,"key":"Necronomicon"},{"floor":28,"key":"Dead Branch"},{"floor":31,"key":"Omamori"},{"floor":33,"key":"Question Card"},{"floor":35,"key":"Mercury Hourglass"},{"floor":36,"key":"Orichalcum"},{"floor":39,"key":"Centennial Puzzle"},{"floor":41,"key":"Bag of Marbles"},{"floor":42,"key":"Toolbox"},{"floor":43,"key":"Pear"},{"floor":45,"key":"Whetstone"},{"floor":47,"key":"Strawberry"},{"floor":48,"key":"Blue Candle"}],"event_choices":[{"event_name":"Shining Light","player_choice":"Entered Light","floor":4,"damage_taken":0},{"event_name":"Scrap Ooze","player_choice":"success","floor":10,"damage_taken":3},{"event_name":"Wheel of Change","player_choice":"Curse","floor":22,"damage_taken":0},{"event_name":"Cursed Tome","player_choice":"Obtained Book","floor":27,"damage_taken":0},{"event_name":"Tomb of Lord Red Mask","player_choice":"Paid","floor":37,"damage_taken":0},{"event_name":"Winding Halls","player_choice":"Embrace Madness","floor":38,"damage_taken":0}],"boss_relics":[{"not_picked":["Runic Cube","Philosopher\u0027s Stone"],"picked":"Black Blood"},{"not_picked":["Runic Pyramid","White Beast Statue"],"picked":"Eternal Feather"}],"items_purged_floors":[29],"potions_floor_spawned":[3,7,12,14,16,18,19,21,33,36,41,42,45],"seed_played":"-522671777961550399","ascension_level":0,"potions_obtained":[{"floor":3,"key":"SkillPotion"},{"floor":7,"key":"EssenceOfSteel"},{"floor":12,"key":"SneckoOil"},{"floor":16,"key":"LiquidBronze"},{"floor":21,"key":"PowerPotion"}],"is_trial":false}