{"gold_per_floor":[116,131,18,30,48,48,82,98,98,98,113,123,142,172,172,267,267,285,285],"floor_reached":19,"playtime":1461,"items_purged":["Strike_R"],"score":183,"play_id":"b4126fb4-9fd7-4c7e-a000-f5b687d81230","local_time":"20190326150921","is_ascension_mode":false,"campfire_choices":[{"data":"Bash","floor":6.0,"key":"SMITH"},{"data":"Metallicize","floor":10.0,"key":"SMITH"},{"data":"Rampage","floor":15.0,"key":"SMITH"}],"neow_cost":"NONE","seed_source_timestamp":0,"circlet_count":0,"master_deck":["Strike_R","Strike_R","Strike_R","Strike_R","Defend_R","Defend_R","Defend_R","Defend_R","Bash+1","Ghostly Armor","Entrench","Burning Pact","Iron Wave","Shrug It Off","Metallicize+1","Whirlwind","Rampage+1","True Grit","Barricade","Disarm"],"special_seed":0,"relics":["Burning Blood","Mummified Hand","Singing Bowl","Bottled Lightning","Snecko Eye"],"potions_floor_usage":[19],"damage_taken":[{"damage":15.0,"enemies":"Small Slimes","floor":1.0,"turns":4.0},{"damage":6.0,"enemies":"Jaw Worm","floor":2.0,"turns":5.0},{"damage":0.0,"enemies":"2 Louse","floor":4.0,"turns":4.0},{"damage":12.0,"enemies":"2 Fungi Beasts","floor":5.0,"turns":5.0},{"damage":9.0,"enemies":"3 Sentries","floor":7.0,"turns":7.0},{"damage":4.0,"enemies":"Blue Slaver","floor":8.0,"turns":4.0},{"damage":3.0,"enemies":"3 Louse","floor":11.0,"turns":6.0},{"damage":4.0,"enemies":"Red Slaver","floor":12.0,"turns":5.0},{"damage":1.0,"enemies":"Looter","floor":13.0,"turns":3.0},{"damage":13.0,"enemies":"Lagavulin","floor":14.0,"turns":7.0},{"damage":56.0,"enemies":"The Guardian","floor":16.0,"turns":12.0},{"damage":0,"enemies":"Chosen","floor":18,"turns":17},{"damage":19,"enemies":"Colosseum Slavers","floor":19,"turns":7},{"damage":80,"enemies":"Colosseum Nobs","floor":19,"turns":7}],"seed_played":"-1225701806835207295","potions_obtained":[{"floor":1.0,"key":"Energy Potion"},{"floor":5.0,"key":"PowerPotion"},{"floor":11.0,"key":"Strength Potion"},{"floor":12.0,"key":"PowerPotion"}],"is_trial":false,"path_per_floor":["M","M","$","M","M","R","E","M","T","R","M","M","M","E","R","B",null,"M","?"],"character_chosen":"IRONCLAD","items_purchased":["Burning Pact"],"campfire_rested":0,"item_purchase_floors":[3],"current_hp_per_floor":[79,79,79,85,79,79,76,78,78,78,81,83,90,83,83,33,90,90,0],"gold":285,"neow_bonus":"TEN_PERCENT_HP_BONUS","is_prod":false,"is_daily":false,"chose_seed":false,"campfire_upgraded":3,"win_rate":0,"timestamp":1553627361,"path_taken":["M","M","$","M","M","R","E","M","T","R","M","M","M","E","R","BOSS","M","?"],"build_version":"2019-01-23","purchased_purges":1,"victory":false,"max_hp_per_floor":[88,88,88,88,88,88,88,88,88,88,88,88,90,90,90,90,90,90,90],"card_choices":[{"not_picked":["Body Slam","Sword Boomerang"],"picked":"Ghostly Armor","floor":1.0},{"not_picked":["Clothesline","Anger"],"picked":"Entrench","floor":2.0},{"not_picked":["Anger","Clash"],"picked":"Iron Wave","floor":4.0},{"not_picked":["Heavy Blade","Rage"],"picked":"Shrug It Off","floor":5.0},{"not_picked":["Whirlwind","Brutality"],"picked":"Metallicize","floor":7.0},{"not_picked":["Heavy Blade","Havoc","Sword Boomerang"],"picked":"SKIP","floor":8.0},{"not_picked":["Sever Soul","Cleave"],"picked":"Whirlwind","floor":11.0},{"not_picked":["Clash","Dual Wield"],"picked":"Rampage","floor":12.0},{"not_picked":["Perfected Strike","Pommel Strike","Ghostly Armor"],"picked":"Singing Bowl","floor":13.0},{"not_picked":["Bloodletting","Shrug It Off"],"picked":"True Grit","floor":14.0},{"not_picked":["Offering","Reaper"],"picked":"Barricade","floor":16.0},{"not_picked":["Thunderclap","Hemokinesis"],"picked":"Disarm","floor":18}],"player_experience":649651,"relics_obtained":[{"floor":7.0,"key":"Mummified Hand"},{"floor":9.0,"key":"Singing Bowl"},{"floor":14.0,"key":"Bottled Lightning"}],"event_choices":[{"damage_healed":0,"gold_gain":0,"player_choice":"Fight","damage_taken":0,"max_hp_gain":0,"max_hp_loss":0,"event_name":"Colosseum","floor":19,"gold_loss":0},{"damage_healed":0,"gold_gain":0,"player_choice":"Fought Nobs","damage_taken":0,"max_hp_gain":0,"max_hp_loss":0,"event_name":"Colosseum","floor":19,"gold_loss":0}],"is_beta":false,"boss_relics":[{"not_picked":["Coffee Dripper","Runic Dome"],"picked":"Snecko Eye"}],"items_purged_floors":[3],"is_endless":false,"potions_floor_spawned":[1,5,11,12,13,19],"killed_by":"Colosseum Nobs","ascension_level":0}