{"gold_per_floor":[110,123,123,123,133,168,168,194,220,233,233,249,266,280,280,382,382,398,398,398],"floor_reached":20,"playtime":1340,"items_purged":[],"score":211,"play_id":"63dbe8ce-94d1-4ef1-aee9-8c2864429d0b","local_time":"20181207221122","is_ascension_mode":false,"campfire_choices":[{"floor":11,"key":"REST"},{"data":"Flex","floor":15,"key":"SMITH"}],"neow_cost":"NONE","seed_source_timestamp":7609746570222,"circlet_count":0,"master_deck":["Strike_R","Strike_R","Strike_R","Strike_R","Strike_R","Defend_R","Defend_R","Defend_R","Defend_R","Bash","Twin Strike","Havoc","Flex+1","True Grit","Flex","Reckless Charge","Flame Barrier","Heavy Blade","Flame Barrier","Metallicize","Demon Form","Heavy Blade"],"relics":["Burning Blood","Strawberry","Dream Catcher","Orichalcum","Fusion Hammer"],"potions_floor_usage":[8,16,20,20],"damage_taken":[{"damage":8,"enemies":"Jaw Worm","floor":1,"turns":4},{"damage":2,"enemies":"2 Louse","floor":2,"turns":3},{"damage":0,"enemies":"Small Slimes","floor":5,"turns":3},{"damage":49,"enemies":"3 Sentries","floor":6,"turns":11},{"damage":8,"enemies":"Gremlin Nob","floor":8,"turns":3},{"damage":10,"enemies":"2 Fungi Beasts","floor":10,"turns":4},{"damage":0,"enemies":"3 Louse","floor":12,"turns":3},{"damage":0,"enemies":"Looter","floor":13,"turns":2},{"damage":6,"enemies":"Lots of Slimes","floor":14,"turns":5},{"damage":76,"enemies":"Hexaghost","floor":16,"turns":16},{"damage":9,"enemies":"Shell Parasite","floor":18,"turns":6},{"damage":13,"enemies":"Colosseum Slavers","floor":20,"turns":5},{"damage":86,"enemies":"Colosseum Nobs","floor":20,"turns":5}],"seed_played":"1561307494026673333","potions_obtained":[{"floor":2,"key":"Ancient Potion"},{"floor":6,"key":"Strength Potion"},{"floor":8,"key":"EssenceOfSteel"},{"floor":12,"key":"PowerPotion"},{"floor":18,"key":"SkillPotion"}],"is_trial":false,"path_per_floor":["M","M","?","?","M","E","?","E","T","M","R","M","M","M","R","B",null,"M","?","?"],"character_chosen":"IRONCLAD","items_purchased":[],"campfire_rested":1,"item_purchase_floors":[],"current_hp_per_floor":[86,88,88,88,88,52,52,50,50,46,74,80,86,86,86,16,95,92,73,0],"gold":398,"neow_bonus":"TEN_PERCENT_HP_BONUS","is_prod":false,"is_daily":false,"chose_seed":false,"campfire_upgraded":1,"win_rate":0.0,"timestamp":1544220682,"path_taken":["M","M","?","?","M","E","?","E","T","M","R","M","M","M","R","BOSS","M","?","?"],"build_version":"2018-12-06","purchased_purges":0,"victory":false,"max_hp_per_floor":[88,88,88,88,88,95,95,95,95,95,95,95,95,95,95,95,95,95,100,100],"card_choices":[{"not_picked":["Thunderclap","Clothesline"],"picked":"Twin Strike","floor":1},{"not_picked":["Thunderclap","Intimidate"],"picked":"Havoc","floor":2},{"not_picked":["Infernal Blade","Pommel Strike"],"picked":"Flex","floor":5},{"not_picked":["Second Wind","Power Through"],"picked":"True Grit","floor":6},{"not_picked":["Feed","Body Slam"],"picked":"Flex","floor":8},{"not_picked":["Corruption","Thunderclap"],"picked":"Reckless Charge","floor":10},{"not_picked":["Shockwave","Sever Soul"],"picked":"Flame Barrier","floor":11},{"not_picked":["Shockwave","Sentinel"],"picked":"Heavy Blade","floor":12},{"not_picked":["Offering","Clash"],"picked":"Flame Barrier","floor":13},{"not_picked":["Pommel Strike","Power Through"],"picked":"Metallicize","floor":14},{"not_picked":["Offering","Dark Embrace"],"picked":"Demon Form","floor":16},{"not_picked":["Thunderclap","Iron Wave"],"picked":"Heavy Blade","floor":18}],"player_experience":168340,"relics_obtained":[{"floor":6,"key":"Strawberry"},{"floor":8,"key":"Dream Catcher"},{"floor":9,"key":"Orichalcum"}],"event_choices":[{"damage_healed":0,"gold_gain":0,"player_choice":"Ignored","damage_taken":0,"max_hp_gain":0,"max_hp_loss":0,"event_name":"Shining Light","floor":3,"gold_loss":0},{"damage_healed":0,"gold_gain":0,"player_choice":"Leave","damage_taken":0,"max_hp_gain":0,"max_hp_loss":0,"event_name":"The Cleric","floor":4,"gold_loss":0},{"damage_healed":0,"gold_gain":0,"player_choice":"Ignored","damage_taken":0,"max_hp_gain":0,"max_hp_loss":0,"event_name":"Golden Wing","floor":7,"gold_loss":0},{"damage_healed":0,"gold_gain":0,"player_choice":"Shed Blood","damage_taken":24,"max_hp_gain":5,"max_hp_loss":0,"event_name":"Forgotten Altar","floor":19,"gold_loss":0},{"damage_healed":0,"gold_gain":0,"player_choice":"Fight","damage_taken":0,"max_hp_gain":0,"max_hp_loss":0,"event_name":"Colosseum","floor":20,"gold_loss":0},{"damage_healed":0,"gold_gain":0,"player_choice":"Fought Nobs","damage_taken":0,"max_hp_gain":0,"max_hp_loss":0,"event_name":"Colosseum","floor":20,"gold_loss":0}],"is_beta":false,"boss_relics":[{"not_picked":["Tiny House","Runic Pyramid"],"picked":"Fusion Hammer"}],"items_purged_floors":[],"is_endless":false,"potions_floor_spawned":[2,6,8,12,14,18],"killed_by":"Colosseum Nobs","ascension_level":0}