{"gold_per_floor":[113,113,130,130,15,15,25,25,25,25,25,39,54,87,87,190,190,207,207,107,79,39,39,39],"floor_reached":24,"playtime":2821,"items_purged":["Strike_B","Defend_B"],"score":291,"play_id":"15140210-22ee-4a1c-b3a0-31a365b1eec3","local_time":"20180917205606","is_ascension_mode":true,"campfire_choices":[{"floor":6,"key":"REST"},{"data":"Dualcast","floor":8,"key":"SMITH"},{"data":"Self Repair","floor":11,"key":"SMITH"},{"floor":15,"key":"REST"},{"data":"Echo Form","floor":23,"key":"SMITH"}],"neow_cost":"PERCENT_DAMAGE","seed_source_timestamp":200050432326984,"circlet_count":0,"master_deck":["Strike_B","Strike_B","Defend_B+1","Defend_B","Zap+1","Dualcast+1","AscendersBane","Conserve Battery","Steam","Self Repair+1","BootSequence","Reboot","Echo Form+1","Steam","White Noise","Streamline+1"],"relics":["Cracked Core","Potion Belt","Regal Pillow","Orichalcum"],"potions_floor_usage":[14,16,18,24,24,24,24],"damage_taken":[{"damage":0,"enemies":"2 Louse","floor":1,"turns":2},{"damage":0,"enemies":"Small Slimes","floor":3,"turns":3},{"damage":0,"enemies":"Jaw Worm","floor":7,"turns":3},{"damage":7,"enemies":"2 Fungi Beasts","floor":12,"turns":4},{"damage":0,"enemies":"Blue Slaver","floor":13,"turns":4},{"damage":29,"enemies":"Gremlin Nob","floor":14,"turns":5},{"damage":52,"enemies":"The Guardian","floor":16,"turns":19},{"damage":8,"enemies":"Chosen","floor":18,"turns":7},{"damage":15,"enemies":"2 Thieves","floor":21,"turns":5},{"damage":81,"enemies":"Gremlin Leader","floor":24,"turns":6}],"seed_played":"-4988053897827335414","potions_obtained":[{"floor":3,"key":"Weak Potion"},{"floor":14,"key":"Dexterity Potion"},{"floor":16,"key":"Block Potion"},{"floor":18,"key":"Block Potion"},{"floor":22,"key":"Poison Potion"},{"floor":22,"key":"SpeedPotion"},{"floor":22,"key":"Dexterity Potion"}],"is_trial":false,"path_per_floor":["M","?","M","?","$","R","M","R","T","?","R","M","M","E","R","B",null,"M","?","$","M","?","R"],"character_chosen":"DEFECT","items_purchased":["Self Repair"],"campfire_rested":2,"item_purchase_floors":[5],"current_hp_per_floor":[50,35,35,32,32,54,61,61,61,85,85,85,85,66,85,43,75,77,77,77,72,72,72,0],"gold":39,"neow_bonus":"REMOVE_TWO","is_prod":false,"is_daily":false,"chose_seed":false,"campfire_upgraded":3,"win_rate":0,"timestamp":1537210566,"path_taken":["M","?","M","?","$","R","M","R","T","?","R","M","M","E","R","BOSS","M","?","$","M","?","R","E"],"build_version":"2018-09-06","purchased_purges":2,"victory":false,"max_hp_per_floor":[75,75,75,75,75,75,75,75,75,85,85,85,85,85,85,85,85,85,85,85,85,85,85,85],"card_choices":[{"not_picked":["Turbo","Steam"],"picked":"Conserve Battery","floor":1},{"not_picked":["Gash","Rebound"],"picked":"Steam","floor":3},{"not_picked":["Cold Snap","Force Field"],"picked":"Core Surge","floor":7},{"not_picked":["Beam Cell","Redo"],"picked":"BootSequence","floor":12},{"not_picked":["Gash","Conserve Battery"],"picked":"Reboot","floor":13},{"not_picked":["Steam Power","Ball Lightning","Hologram"],"picked":"SKIP","floor":14},{"not_picked":["Thunder Strike","Rainbow"],"picked":"Echo Form","floor":16},{"not_picked":["Sweeping Beam","Genetic Algorithm"],"picked":"Steam","floor":18},{"not_picked":["Hologram","Self Repair"],"picked":"Streamline+1","floor":21}],"player_experience":300954,"relics_obtained":[{"floor":9,"key":"Regal Pillow"},{"floor":14,"key":"Orichalcum"}],"event_choices":[{"event_name":"Shining Light","player_choice":"Entered Light","floor":2,"damage_taken":0},{"event_name":"Scrap Ooze","player_choice":"success","floor":4,"damage_taken":3},{"event_name":"Bonfire Elementals","player_choice":"RARE","floor":10,"damage_taken":0},{"event_name":"The Library","player_choice":"Read","floor":19,"damage_taken":0},{"event_name":"The Woman in Blue","player_choice":"Bought 3 Potions","floor":22,"damage_taken":0}],"is_beta":false,"boss_relics":[{"not_picked":["Runic Pyramid","Coffee Dripper","Philosopher\u0027s Stone"]}],"items_purged_floors":[5,20],"is_endless":false,"potions_floor_spawned":[3,14,16,18],"killed_by":"Gremlin Leader","ascension_level":10}