{"gold_per_floor":[115,67,67,85,100,133,133,144,144,66,87,87,87],"floor_reached":13,"playtime":449,"items_purged":[],"score":158,"play_id":"620a1f90-d617-4e3b-a4ca-99b5b6707a2f","local_time":"20180925142512","is_ascension_mode":true,"campfire_choices":[{"floor":7,"key":"REST"},{"floor":12,"key":"REST"}],"neow_cost":"NONE","seed_source_timestamp":870182121373230,"circlet_count":0,"master_deck":["Strike_B","Strike_B","Strike_B","Strike_B","Defend_B","Defend_B","Defend_B","Defend_B","Zap","Dualcast","AscendersBane","Streamline","Conserve Battery","Gash","Echo Form","Sunder","Static Discharge","Leap"],"relics":["Cracked Core","Vajra","Pantograph","Turnip","Bottled Flame","Odd Mushroom"],"potions_floor_usage":[8,13],"damage_taken":[{"damage":1,"enemies":"2 Louse","floor":1,"turns":2},{"damage":14,"enemies":"Small Slimes","floor":4,"turns":3},{"damage":0,"enemies":"Jaw Worm","floor":5,"turns":3},{"damage":32,"enemies":"Gremlin Nob","floor":6,"turns":4},{"damage":0,"enemies":"Lots of Slimes","floor":8,"turns":1},{"damage":19,"enemies":"The Mushroom Lair","floor":11,"turns":4},{"damage":43,"enemies":"Lagavulin","floor":13,"turns":5}],"seed_played":"3830587458897085035","potions_obtained":[{"floor":1,"key":"Explosive Potion"},{"floor":8,"key":"Strength Potion"}],"is_trial":false,"path_per_floor":["M","?","T","M","M","E","R","M","T","$","?","R"],"character_chosen":"DEFECT","items_purchased":["Static Discharge"],"campfire_rested":2,"item_purchase_floors":[10],"current_hp_per_floor":[63,63,63,49,49,17,38,38,38,38,19,40,0],"gold":87,"neow_bonus":"RANDOM_COMMON_RELIC","is_prod":false,"is_daily":false,"chose_seed":false,"campfire_upgraded":0,"win_rate":0,"timestamp":1537878312,"path_taken":["M","?","?","M","?","E","R","M","T","$","?","R","E"],"build_version":"2018-09-20","purchased_purges":0,"victory":false,"max_hp_per_floor":[71,71,71,71,71,71,71,71,71,71,71,71,71],"card_choices":[{"not_picked":["Tempest","Leap"],"picked":"Streamline","floor":1},{"not_picked":["Redo","Lockon"],"picked":"Conserve Battery","floor":4},{"not_picked":["Rebound","Fusion"],"picked":"Gash","floor":5},{"not_picked":["Chill","Coolheaded"],"picked":"Echo Form","floor":6},{"not_picked":["Genetic Algorithm","Turbo"],"picked":"Sunder","floor":8},{"not_picked":["Coolheaded","Steam Power"],"picked":"Leap","floor":11}],"player_experience":675179,"relics_obtained":[{"floor":3,"key":"Pantograph"},{"floor":6,"key":"Turnip"},{"floor":9,"key":"Bottled Flame"},{"floor":11,"key":"Odd Mushroom"}],"event_choices":[{"event_name":"World of Goop","player_choice":"Left","floor":2,"damage_taken":0},{"event_name":"Mushrooms","player_choice":"Fought Mushrooms","floor":11,"damage_taken":0}],"is_beta":false,"boss_relics":[],"items_purged_floors":[],"is_endless":false,"potions_floor_spawned":[1,8],"killed_by":"Lagavulin","ascension_level":18}