{"gold_per_floor":[366,382,394,202,213,213,242,254,280,280,280,300,316,336,336,336],"floor_reached":16,"playtime":741,"items_purged":["Clumsy"],"score":175,"play_id":"6609df60-a71a-48de-a412-affad44ad895","local_time":"20180920020310","is_ascension_mode":true,"campfire_choices":[{"floor":6,"key":"REST"},{"floor":10,"key":"REST"},{"floor":15,"key":"REST"}],"neow_cost":"CURSE","seed_source_timestamp":393358718072016,"circlet_count":0,"master_deck":["Strike_B","Strike_B","Strike_B","Strike_B","Defend_B","Defend_B","Defend_B","Defend_B","Zap","Dualcast","AscendersBane","Consume","Defragment","Ball Lightning","Tempest","Barrage","Conserve Battery"],"relics":["Cracked Core","Anchor","Centennial Puzzle"],"potions_floor_usage":[5,12,13,13,13,16],"damage_taken":[{"damage":4,"enemies":"2 Louse","floor":1,"turns":3},{"damage":7,"enemies":"Jaw Worm","floor":2,"turns":2},{"damage":1,"enemies":"Cultist","floor":3,"turns":3},{"damage":17,"enemies":"Lots of Slimes","floor":5,"turns":3},{"damage":45,"enemies":"3 Sentries","floor":7,"turns":7},{"damage":10,"enemies":"Exordium Wildlife","floor":8,"turns":4},{"damage":8,"enemies":"Large Slime","floor":12,"turns":5},{"damage":0,"enemies":"Looter","floor":13,"turns":2},{"damage":16,"enemies":"2 Fungi Beasts","floor":14,"turns":3},{"damage":31,"enemies":"Slime Boss","floor":16,"turns":6}],"seed_played":"8295757340480423292","potions_obtained":[{"floor":3,"key":"PowerPotion"},{"floor":8,"key":"GamblersBrew"},{"floor":12,"key":"EntropicBrew"},{"floor":14,"key":"Explosive Potion"}],"is_trial":false,"path_per_floor":["M","M","M","$","M","R","E","M","T","R","?","M","M","M","R"],"character_chosen":"DEFECT","items_purchased":["Ball Lightning","Tempest"],"campfire_rested":3,"item_purchase_floors":[4,4],"current_hp_per_floor":[64,57,56,56,39,61,16,6,6,28,28,20,20,4,26,0],"gold":336,"neow_bonus":"TWO_FIFTY_GOLD","is_prod":false,"is_daily":false,"chose_seed":false,"campfire_upgraded":0,"win_rate":0,"timestamp":1537401790,"path_taken":["M","M","M","$","M","R","E","M","T","R","?","M","?","M","R","BOSS"],"build_version":"2018-09-06","purchased_purges":1,"victory":false,"max_hp_per_floor":[75,75,75,75,75,75,75,75,75,75,75,75,75,75,75,75],"card_choices":[{"not_picked":["Barrage","Chill","Recycle"],"picked":"SKIP","floor":1},{"not_picked":["Compile Driver","Cold Snap"],"picked":"Consume","floor":2},{"not_picked":["Coolheaded","Ball Lightning"],"picked":"Defragment","floor":3},{"not_picked":["Hologram","Compile Driver","Darkness"],"picked":"SKIP","floor":5},{"not_picked":["Coolheaded","Sweeping Beam","Tempest"],"picked":"SKIP","floor":7},{"not_picked":["Fusion","Rip and Tear","Hologram"],"picked":"SKIP","floor":8},{"not_picked":["Gash","Heatsinks"],"picked":"Barrage","floor":12},{"not_picked":["Barrage","Beam Cell"],"picked":"Conserve Battery","floor":13},{"not_picked":["Coolheaded","Hologram","Darkness"],"picked":"SKIP","floor":14}],"player_experience":434637,"relics_obtained":[{"floor":7,"key":"Anchor"},{"floor":9,"key":"Centennial Puzzle"}],"event_choices":[{"event_name":"Dead Adventurer","player_choice":"Searched \u00270\u0027 times","floor":11,"damage_taken":0}],"is_beta":false,"boss_relics":[],"items_purged_floors":[4],"is_endless":false,"potions_floor_spawned":[3,8,12,14],"killed_by":"Slime Boss","ascension_level":13}