{"gold_per_floor":[99,99,99,99,99,99,99,69,69,69,69,69,69,69,69,69,69,69,69,69,69,69,69,69,69,69,69,69,69,69,69,69,69,69,69,69,69,69,17,17,17,17,17,17,17,17,17,0,0,0],"floor_reached":50,"playtime":2618,"items_purged":[],"score":519,"play_id":"a11a627b-7378-4bc8-a096-d19fdf3196f1","local_time":"20190128130532","is_ascension_mode":false,"campfire_choices":[{"data":"Survivor","floor":6,"key":"SMITH"},{"floor":13,"key":"REST"},{"data":"Predator","floor":15,"key":"SMITH"},{"data":"Neutralize","floor":23,"key":"SMITH"},{"floor":27,"key":"RECALL"},{"data":"Tactician","floor":30,"key":"SMITH"},{"data":"Bite","floor":32,"key":"SMITH"},{"data":"1","floor":40,"key":"LIFT"},{"floor":44,"key":"REST"},{"data":"2","floor":49,"key":"LIFT"}],"neow_cost":"NONE","seed_source_timestamp":52652127725158,"circlet_count":0,"master_deck":["Defend_G+1","Defend_G+1","Defend_G+1","Defend_G+1","Defend_G+1","Survivor+1","Neutralize+1","Tactician+1","Footwork+1","Predator+1","A Thousand Cuts+1","Reflex+1","Dodge and Roll+1","Bite+1","Bite","Bite","Bite","Bite","Well Laid Plans+1","Adrenaline","Writhe"],"relics":["Ectoplasm","Frozen Egg 2","Bottled Tornado","Mummified Hand","Busted Crown","StoneCalendar","Empty Cage","Girya","Bottled Lightning","Boot","Red Mask"],"potions_floor_usage":[5,12,16,21,25,31,33,38,42,46],"damage_taken":[{"damage":1,"enemies":"Cultist","floor":1,"turns":4},{"damage":0,"enemies":"2 Louse","floor":2,"turns":3},{"damage":0,"enemies":"Small Slimes","floor":4,"turns":5},{"damage":11,"enemies":"Exordium Wildlife","floor":5,"turns":6},{"damage":5,"enemies":"2 Fungi Beasts","floor":7,"turns":5},{"damage":2,"enemies":"Looter","floor":8,"turns":3},{"damage":0,"enemies":"3 Louse","floor":11,"turns":5},{"damage":39,"enemies":"Lagavulin","floor":12,"turns":15},{"damage":47,"enemies":"Slime Boss","floor":16,"turns":16},{"damage":4,"enemies":"Spheric Guardian","floor":18,"turns":6},{"damage":5,"enemies":"Shell Parasite","floor":19,"turns":6},{"damage":0,"enemies":"Snecko","floor":21,"turns":6},{"damage":13,"enemies":"Slavers","floor":25,"turns":8},{"damage":0,"enemies":"3 Cultists","floor":28,"turns":6},{"damage":17,"enemies":"Cultist and Chosen","floor":31,"turns":7},{"damage":34,"enemies":"Collector","floor":33,"turns":18},{"damage":4,"enemies":"Orb Walker","floor":35,"turns":5},{"damage":2,"enemies":"Mind Bloom Boss Battle","floor":36,"turns":7},{"damage":8,"enemies":"3 Shapes","floor":37,"turns":6},{"damage":8,"enemies":"Jaw Worm Horde","floor":38,"turns":4},{"damage":27,"enemies":"Nemesis","floor":42,"turns":7},{"damage":10,"enemies":"Sphere and 2 Shapes","floor":46,"turns":5},{"damage":26,"enemies":"Spire Growth","floor":47,"turns":7},{"damage":79,"enemies":"Time Eater","floor":50,"turns":11}],"seed_played":"-3203938221865668251","potions_obtained":[{"floor":1,"key":"GamblersBrew"},{"floor":7,"key":"FearPotion"},{"floor":12,"key":"Poison Potion"},{"floor":16,"key":"SkillPotion"},{"floor":21,"key":"FearPotion"},{"floor":28,"key":"AttackPotion"},{"floor":31,"key":"Regen Potion"},{"floor":35,"key":"Energy Potion"},{"floor":36,"key":"AttackPotion"},{"floor":42,"key":"Explosive Potion"}],"is_trial":false,"path_per_floor":["M","M","T","M","M","R","M","M","T","?","M","E","R","?","R","B",null,"M","M","?","M","?","R","?","E","T","R","M","?","R","M","R","B",null,"M","?","M","M","$","R","?","E","T","R","?","M","M","?","R","B"],"character_chosen":"THE_SILENT","items_purchased":["AttackPotion"],"campfire_rested":2,"item_purchase_floors":[39],"current_hp_per_floor":[69,69,69,69,58,58,53,51,51,51,51,12,33,50,50,3,70,66,61,70,70,49,49,49,48,48,48,49,42,42,39,39,54,51,49,51,51,51,51,51,51,28,28,43,51,48,38,38,38,0],"gold":0,"neow_bonus":"BOSS_RELIC","is_prod":false,"is_daily":false,"chose_seed":false,"campfire_upgraded":5,"win_rate":0,"timestamp":1548698732,"path_taken":["M","M","?","M","?","R","M","M","T","?","M","E","R","?","R","BOSS","M","M","?","M","?","R","?","E","T","R","M","?","R","M","R","BOSS","M","?","M","M","$","R","?","E","T","R","?","M","?","?","R","BOSS"],"build_version":"2019-01-23","purchased_purges":0,"victory":false,"max_hp_per_floor":[70,70,70,70,70,70,70,70,70,70,70,70,70,70,70,70,70,70,70,70,70,49,49,49,49,49,49,49,54,54,54,54,54,51,51,51,51,51,51,51,51,51,51,51,51,51,51,51,51,51],"card_choices":[{"not_picked":["Acrobatics","Blade Dance"],"picked":"Tactician","floor":1},{"not_picked":["Bane","Terror","Choke"],"picked":"SKIP","floor":2},{"not_picked":["Escape Plan","Cloak And Dagger"],"picked":"Footwork+1","floor":4},{"not_picked":["Outmaneuver","Dodge and Roll","Prepared"],"picked":"SKIP","floor":5},{"not_picked":["PiercingWail","Dagger Spray"],"picked":"Predator","floor":7},{"not_picked":["Bane","Expertise","Finisher"],"picked":"SKIP","floor":8},{"not_picked":["Acrobatics","PiercingWail","Bouncing Flask"],"picked":"SKIP","floor":11},{"not_picked":["Blur","Slice","PiercingWail"],"picked":"SKIP","floor":12},{"not_picked":["Glass Knife","Die Die Die"],"picked":"A Thousand Cuts+1","floor":16},{"not_picked":[],"picked":"Reflex+1","floor":18},{"not_picked":[],"picked":"Dodge and Roll+1","floor":19},{"not_picked":["Dodge and Roll"],"picked":"SKIP","floor":21},{"not_picked":["PiercingWail"],"picked":"SKIP","floor":25},{"not_picked":[],"picked":"Well Laid Plans+1","floor":28},{"not_picked":["Predator"],"picked":"SKIP","floor":31},{"not_picked":[],"picked":"Adrenaline","floor":33},{"not_picked":["Reflex+1"],"picked":"SKIP","floor":35},{"not_picked":["Bane"],"picked":"SKIP","floor":37},{"not_picked":["Flying Knee"],"picked":"SKIP","floor":38},{"not_picked":["Slice"],"picked":"SKIP","floor":42},{"not_picked":["Dodge and Roll"],"picked":"SKIP","floor":46},{"not_picked":["Slice+1"],"picked":"SKIP","floor":47}],"player_experience":592691,"relics_obtained":[{"floor":3,"key":"Frozen Egg 2"},{"floor":9,"key":"Bottled Tornado"},{"floor":12,"key":"Mummified Hand"},{"floor":25,"key":"StoneCalendar"},{"floor":36,"key":"Girya"},{"floor":42,"key":"Bottled Lightning"},{"floor":43,"key":"Boot"}],"event_choices":[{"damage_healed":0,"gold_gain":175,"player_choice":"AGREE","damage_taken":0,"max_hp_gain":0,"max_hp_loss":0,"event_name":"Liars Game","floor":10,"gold_loss":0,"cards_obtained":["Doubt"]},{"damage_healed":17,"gold_gain":0,"player_choice":"Healed and dodged fight","damage_taken":0,"max_hp_gain":0,"max_hp_loss":0,"event_name":"Mushrooms","floor":14,"gold_loss":0,"cards_obtained":["Parasite"]},{"damage_healed":23,"gold_gain":0,"player_choice":"Heal","damage_taken":0,"max_hp_gain":0,"max_hp_loss":0,"event_name":"The Library","floor":20,"gold_loss":0},{"damage_healed":0,"gold_gain":0,"player_choice":"Became a vampire","damage_taken":0,"max_hp_gain":0,"max_hp_loss":21,"event_name":"Vampires","floor":22,"gold_loss":0,"cards_obtained":["Bite","Bite","Bite","Bite","Bite"]},{"damage_healed":0,"gold_gain":0,"player_choice":"Simplicity","damage_taken":0,"max_hp_gain":0,"max_hp_loss":0,"event_name":"Back to Basics","floor":24,"gold_loss":0,"cards_upgraded":["Defend_G","Defend_G","Defend_G","Defend_G","Defend_G"]},{"damage_healed":0,"gold_gain":0,"player_choice":"Shed Blood","damage_taken":12,"max_hp_gain":5,"max_hp_loss":0,"event_name":"Forgotten Altar","floor":29,"gold_loss":0},{"damage_healed":0,"gold_gain":0,"player_choice":"Fight","damage_taken":0,"max_hp_gain":0,"max_hp_loss":0,"event_name":"MindBloom","floor":36,"gold_loss":0},{"damage_healed":0,"gold_gain":0,"player_choice":"Ignored","damage_taken":0,"max_hp_gain":0,"max_hp_loss":0,"event_name":"Mysterious Sphere","floor":41,"gold_loss":0},{"damage_healed":13,"gold_gain":0,"player_choice":"Writhe","damage_taken":0,"max_hp_gain":0,"max_hp_loss":0,"event_name":"Winding Halls","floor":45,"gold_loss":0,"cards_obtained":["Writhe"]},{"damage_healed":0,"gold_gain":0,"player_choice":"Paid","damage_taken":0,"relics_obtained":["Red Mask"],"max_hp_gain":0,"max_hp_loss":0,"event_name":"Tomb of Lord Red Mask","floor":48,"gold_loss":17}],"is_beta":false,"boss_relics":[{"not_picked":["Fusion Hammer","Snecko Eye"],"picked":"Busted Crown"},{"not_picked":["WristBlade","Lizard Tail"],"picked":"Empty Cage"}],"items_purged_floors":[],"is_endless":false,"potions_floor_spawned":[1,7,12,16,21,28,31,35,36,42],"killed_by":"Time Eater","ascension_level":0}