{"gold_per_floor":[114,114,114,114,133,133,171,190,215,253,272,291,310,329,329,454,454,473,182,201,201,25,63,82,101,126,145,244,263,282,301,301,426,426,445,117,117,136,136,174,174,193,243,281,75,75,113,132,132,132],"floor_reached":51,"playtime":1748,"items_purged":[],"score":1348,"play_id":"707abc72-b5e1-4f65-bf53-9abc2de9bc0a","local_time":"20180913131621","daily_mods":["Insanity","Terminal","Hoarder"],"is_ascension_mode":false,"campfire_choices":[{"floor":6,"key":"REST"},{"data":"Seek","floor":15,"key":"SMITH"},{"floor":32,"key":"REST"},{"data":"Defragment","floor":41,"key":"SMITH"},{"data":"Static Discharge","floor":46,"key":"SMITH"},{"data":"Zap","floor":49,"key":"SMITH"}],"neow_cost":"","seed_source_timestamp":529113410925225,"circlet_count":0,"master_deck":["Glacier","Defragment+1","BootSequence","All For One","Recycle","Chill","FTL","Go for the Eyes+1","Seek+1","Barrage","Zap+1","Rainbow","Defend_B","Multi-Cast","Auto Shields","Hologram","Auto Shields","Static Discharge+1","Gash","Compile Driver","Genetic Algorithm","Electrodynamics","Consume","Hyperbeam","Seek","Streamline","Static Discharge","Scrape","FTL","Seek","Genetic Algorithm","Amplify","Auto Shields","Heatsinks","Dualcast","Aggregate","Compile Driver","Sunder","Cold Snap","Rip and Tear","Cold Snap","Compile Driver","Stack","Static Discharge","Chaos+1","All For One+1","Meteor Strike","Stack","Reprogram","Steam","Steam","Steam","Ball Lightning","Ball Lightning","Ball Lightning","Skim+1","Skim","Skim","Ball Lightning","Ball Lightning","Ball Lightning","Buffer+1","Buffer+1","Buffer+1","Barrage","Barrage","Barrage","Coolheaded","Coolheaded","Coolheaded","Aggregate","Aggregate","Aggregate","Melter","Melter","Melter","Creative AI+1","Creative AI+1","Creative AI+1","Defragment+1","Defragment+1","Defragment+1","Biased Cognition+1","Biased Cognition+1","Biased Cognition+1","Double Energy","Double Energy","Double Energy","Sadistic Nature+1","Sadistic Nature+1","Sadistic Nature+1","Storm+1","Storm+1","Storm+1","Gash+1","Gash+1","Gash+1","Static Discharge+1","Static Discharge+1","Static Discharge+1","Barrage","Barrage","Barrage","Core Surge","Core Surge","Core Surge","Beam Cell+1","Beam Cell+1","Beam Cell+1","Self Repair+1","Self Repair+1","Self Repair+1","Biased Cognition+1","Biased Cognition+1","Biased Cognition+1","Double Energy","Double Energy","Double Energy","Storm+1","Storm+1","Storm+1","Storm+1","Storm+1","Storm+1","Consume+1","Consume+1","Consume+1","Hello World+1","Hello World+1","Hello World+1","Ball Lightning+1","Ball Lightning+1","Ball Lightning+1","Mayhem+1","Mayhem+1","Mayhem+1","Creative AI+1","Creative AI+1","Creative AI+1","Beam Cell+1","Beam Cell+1","Beam Cell+1"],"special_seed":17787,"relics":["Cracked Core","Golden Idol","PreservedInsect","Whetstone","Frozen Egg 2","Inserter","War Paint","Mummified Hand","Juzu Bracelet","Potion Belt","Eternal Feather","Cables","Sundial","Lantern","Kunai","DataDisk"],"potions_floor_usage":[24,31,33,44,50,50,50],"damage_taken":[{"damage":0,"enemies":"Small Slimes","floor":1,"turns":2},{"damage":0,"enemies":"Jaw Worm","floor":5,"turns":3},{"damage":0,"enemies":"3 Sentries","floor":7,"turns":2},{"damage":1,"enemies":"Cultist","floor":8,"turns":4},{"damage":2,"enemies":"Lagavulin","floor":10,"turns":3},{"damage":0,"enemies":"2 Fungi Beasts","floor":11,"turns":2},{"damage":0,"enemies":"Exordium Wildlife","floor":12,"turns":4},{"damage":0,"enemies":"Gremlin Gang","floor":13,"turns":2},{"damage":0,"enemies":"Red Slaver","floor":14,"turns":2},{"damage":16,"enemies":"The Guardian","floor":16,"turns":9},{"damage":0,"enemies":"Spheric Guardian","floor":18,"turns":3},{"damage":0,"enemies":"Shell Parasite","floor":20,"turns":4},{"damage":5,"enemies":"Gremlin Leader","floor":23,"turns":4},{"damage":6,"enemies":"Snake Plant","floor":24,"turns":2},{"damage":4,"enemies":"Snecko","floor":25,"turns":3},{"damage":4,"enemies":"3 Cultists","floor":27,"turns":3},{"damage":0,"enemies":"Chosen and Byrds","floor":29,"turns":2},{"damage":0,"enemies":"Cultist and Chosen","floor":30,"turns":2},{"damage":0,"enemies":"Shelled Parasite and Fungi","floor":31,"turns":2},{"damage":0,"enemies":"Champ","floor":33,"turns":3},{"damage":0,"enemies":"3 Shapes","floor":35,"turns":2},{"damage":4,"enemies":"3 Darklings","floor":38,"turns":2},{"damage":0,"enemies":"Nemesis","floor":40,"turns":1},{"damage":0,"enemies":"Maw","floor":42,"turns":2},{"damage":0,"enemies":"Giant Head","floor":44,"turns":1},{"damage":0,"enemies":"2 Orb Walkers","floor":47,"turns":1},{"damage":0,"enemies":"Reptomancer","floor":48,"turns":1},{"damage":0,"enemies":"Awakened One","floor":50,"turns":3}],"seed_played":"-5730593417143265092","potions_obtained":[{"floor":1,"key":"Strength Potion"},{"floor":10,"key":"Weak Potion"},{"floor":14,"key":"Dexterity Potion"},{"floor":18,"key":"AttackPotion"},{"floor":29,"key":"Dexterity Potion"},{"floor":30,"key":"PowerPotion"},{"floor":31,"key":"PowerPotion"},{"floor":35,"key":"Swift Potion"},{"floor":37,"key":"FocusPotion"},{"floor":47,"key":"SkillPotion"}],"is_trial":false,"path_per_floor":["M","?","?","$","M","R","E","M","T","E","M","M","M","M","R","B",null,"M","$","M","?","$","E","M","M","T","M","?","M","M","M","R","B",null,"M","$","?","M","?","E","R","M","T","E","$","R","E","M","R","B"],"character_chosen":"DEFECT","items_purchased":["Biased Cognition+1","War Paint","Sadistic Nature+1","Cables","Storm+1","Mayhem+1"],"campfire_rested":2,"item_purchase_floors":[19,19,22,36,36,45],"current_hp_per_floor":[73,72,54,54,54,68,67,66,65,63,63,62,61,60,59,43,57,56,55,54,53,52,47,41,37,37,33,33,33,33,33,42,41,40,39,38,37,33,33,32,31,30,29,28,27,26,25,24,23,22],"gold":132,"neow_bonus":"","is_prod":false,"is_daily":true,"chose_seed":false,"campfire_upgraded":4,"win_rate":0,"timestamp":1536837381,"path_taken":["M","?","?","$","M","R","E","M","T","E","M","?","M","M","R","BOSS","M","$","M","?","$","E","M","M","T","M","?","M","M","M","R","BOSS","M","$","?","M","?","E","R","M","T","E","$","R","E","M","R","BOSS"],"build_version":"2018-09-06","purchased_purges":0,"victory":true,"max_hp_per_floor":[73,72,71,70,69,68,67,66,65,64,63,62,61,60,59,58,57,56,55,54,53,52,51,50,49,48,47,46,45,44,43,42,41,40,39,38,37,36,33,32,31,30,29,28,27,26,25,24,23,22],"card_choices":[{"not_picked":["Fusion","Coolheaded"],"picked":"Steam","floor":1},{"not_picked":["Cold Snap","Redo"],"picked":"Ball Lightning","floor":5},{"not_picked":["Rebound","Conserve Battery"],"picked":"Skim","floor":7},{"not_picked":["Aggregate","Rebound"],"picked":"Ball Lightning","floor":8},{"not_picked":["Genetic Algorithm","Hologram"],"picked":"Buffer","floor":10},{"not_picked":["Redo","Recycle"],"picked":"Barrage","floor":11},{"not_picked":["Hologram","BootSequence"],"picked":"Coolheaded","floor":12},{"not_picked":["Scrape","Go for the Eyes"],"picked":"Aggregate","floor":13},{"not_picked":["Redo","Reinforced Body"],"picked":"Melter","floor":14},{"not_picked":["Reboot","Machine Learning+1"],"picked":"Creative AI+1","floor":16},{"not_picked":["Barrage+1","Steam"],"picked":"Defragment+1","floor":18},{"not_picked":["Redo","Rebound"],"picked":"Double Energy","floor":20},{"not_picked":["Tempest","Coolheaded+1"],"picked":"Storm+1","floor":23},{"not_picked":["Coolheaded","Barrage"],"picked":"Gash+1","floor":24},{"not_picked":["Streamline","Undo+1"],"picked":"Static Discharge+1","floor":25},{"not_picked":["Rebound","Coolheaded"],"picked":"Barrage","floor":27},{"not_picked":["Glacier","Reinforced Body+1"],"picked":"Core Surge","floor":29},{"not_picked":["Conserve Battery","Hologram"],"picked":"Beam Cell+1","floor":30},{"not_picked":["Go for the Eyes","Rebound"],"picked":"Self Repair+1","floor":31},{"not_picked":["Rainbow","All For One"],"picked":"Biased Cognition+1","floor":33},{"not_picked":["Go for the Eyes+1","Steam+1"],"picked":"Double Energy","floor":35},{"not_picked":["Leap+1","Rip and Tear+1"],"picked":"Storm+1","floor":38},{"not_picked":["Leap","Rebound"],"picked":"Consume+1","floor":40},{"not_picked":["Cold Snap","Coolheaded+1"],"picked":"Hello World+1","floor":42},{"not_picked":["Turbo+1","Steam+1"],"picked":"Ball Lightning+1","floor":44},{"not_picked":["Lockon+1","Compile Driver+1"],"picked":"Creative AI+1","floor":47},{"not_picked":["Coolheaded","Redo"],"picked":"Beam Cell+1","floor":48}],"player_experience":330011,"relics_obtained":[{"floor":7,"key":"PreservedInsect"},{"floor":9,"key":"Whetstone"},{"floor":10,"key":"Frozen Egg 2"},{"floor":23,"key":"Juzu Bracelet"},{"floor":26,"key":"Potion Belt"},{"floor":40,"key":"Sundial"},{"floor":43,"key":"Lantern"},{"floor":44,"key":"Kunai"},{"floor":47,"key":"DataDisk"}],"event_choices":[{"event_name":"The Cleric","player_choice":"Leave","floor":2,"damage_taken":0},{"event_name":"Golden Idol","player_choice":"Take Damage","floor":3,"damage_taken":0},{"event_name":"WeMeetAgain","player_choice":"Card","floor":21,"damage_taken":0},{"event_name":"Nest","player_choice":"Stole From Cult","floor":28,"damage_taken":0},{"event_name":"The Lab","player_choice":"Got Potions","floor":37,"damage_taken":0},{"event_name":"Winding Halls","player_choice":"Max HP","floor":39,"damage_taken":0}],"is_beta":false,"boss_relics":[{"not_picked":["Busted Crown","Ectoplasm"],"picked":"Inserter"},{"not_picked":["Runic Dome","Coffee Dripper"],"picked":"Eternal Feather"}],"items_purged_floors":[],"is_endless":false,"potions_floor_spawned":[1,10,14,16,18,20,29,30,31,35,38,42,47],"ascension_level":0}