{"gold_per_floor":[118,118,131,56,68,68,79,79,79,79,92,92,92,92,92,169,169,186,186,186,205,224,224,256,256,256,272,272,272,291,141,141,141],"floor_reached":33,"playtime":1427,"items_purged":["Defend_B","Strike_B"],"score":421,"play_id":"34676b1c-9597-43eb-9248-020a6c48243d","local_time":"20180920214517","is_ascension_mode":true,"campfire_choices":[{"data":"Zap","floor":6,"key":"SMITH"},{"floor":10,"key":"REST"},{"data":"Defragment","floor":13,"key":"SMITH"},{"floor":15,"key":"REST"},{"floor":23,"key":"REST"},{"floor":25,"key":"REST"},{"floor":29,"key":"REST"},{"floor":32,"key":"REST"}],"neow_cost":"NONE","seed_source_timestamp":463599107389897,"circlet_count":0,"master_deck":["Strike_B","Strike_B","Strike_B","Defend_B","Defend_B","Zap+1","Dualcast+1","AscendersBane","White Noise","Defragment+1","Consume+1","Electrodynamics","Compile Driver","Electrodynamics","Reinforced Body","Melter","Defragment","Skim","Steam","Tempest+1"],"relics":["Cracked Core","Pen Nib","NlothsMask","Inserter","Matryoshka"],"potions_floor_usage":[7,7,18,21,22,30,33],"damage_taken":[{"damage":0,"enemies":"2 Louse","floor":1,"turns":4},{"damage":1,"enemies":"Cultist","floor":3,"turns":3},{"damage":0,"enemies":"Small Slimes","floor":5,"turns":2},{"damage":33,"enemies":"Exordium Thugs","floor":7,"turns":4},{"damage":13,"enemies":"Lots of Slimes","floor":11,"turns":2},{"damage":58,"enemies":"The Guardian","floor":16,"turns":9},{"damage":45,"enemies":"2 Thieves","floor":18,"turns":4},{"damage":4,"enemies":"3 Byrds","floor":21,"turns":2},{"damage":38,"enemies":"Snake Plant","floor":22,"turns":4},{"damage":18,"enemies":"Gremlin Leader","floor":24,"turns":6},{"damage":16,"enemies":"Sentry and Sphere","floor":27,"turns":3},{"damage":16,"enemies":"Snecko","floor":30,"turns":4},{"damage":64,"enemies":"Automaton","floor":33,"turns":6}],"seed_played":"5836492655796250835","potions_obtained":[{"floor":1,"key":"LiquidBronze"},{"floor":5,"key":"Regen Potion"},{"floor":16,"key":"EssenceOfSteel"},{"floor":18,"key":"LiquidBronze"},{"floor":21,"key":"FocusPotion"},{"floor":27,"key":"SteroidPotion"},{"floor":30,"key":"Block Potion"}],"is_trial":false,"path_per_floor":["M","?","M","$","M","R","M","?","T","R","M","?","R","$","R","B",null,"M","?","?","M","M","R","E","R","T","M","?","R","M","$","R"],"character_chosen":"DEFECT","items_purchased":["SpeedPotion"],"campfire_rested":6,"item_purchase_floors":[31],"current_hp_per_floor":[68,68,67,67,74,74,50,50,50,72,59,59,59,59,75,17,61,23,48,48,44,6,28,10,32,32,16,16,38,22,22,44,0],"gold":141,"neow_bonus":"UPGRADE_CARD","is_prod":false,"is_daily":false,"chose_seed":false,"campfire_upgraded":2,"win_rate":0,"timestamp":1537472717,"path_taken":["M","?","?","?","M","R","M","?","T","R","M","?","R","$","R","BOSS","M","?","?","?","?","R","E","R","T","M","?","R","M","$","R","BOSS"],"build_version":"2018-09-06","purchased_purges":2,"victory":false,"max_hp_per_floor":[75,75,75,75,75,75,75,75,75,75,75,75,75,75,75,75,75,75,75,75,75,75,75,75,75,75,75,75,75,75,75,75,75],"card_choices":[{"not_picked":["Force Field","Coolheaded"],"picked":"White Noise","floor":1},{"not_picked":["Chaos","Gash"],"picked":"Defragment","floor":3},{"not_picked":["Streamline","Hologram","Rebound"],"picked":"SKIP","floor":5},{"not_picked":["Hologram","Compile Driver"],"picked":"Consume","floor":7},{"not_picked":["Stack","Cold Snap","Streamline"],"picked":"SKIP","floor":11},{"not_picked":["Machine Learning","Multi-Cast"],"picked":"Electrodynamics","floor":16},{"not_picked":["Streamline","Turbo"],"picked":"Compile Driver","floor":18},{"not_picked":["Sweeping Beam","Gash"],"picked":"Melter","floor":21},{"not_picked":["Turbo","Conserve Battery"],"picked":"Defragment","floor":22},{"not_picked":["Ball Lightning","Stack+1"],"picked":"Skim","floor":24},{"not_picked":["Barrage","Genetic Algorithm"],"picked":"Steam","floor":27},{"not_picked":["Leap","Hologram"],"picked":"Tempest+1","floor":30}],"player_experience":478767,"relics_obtained":[{"floor":9,"key":"Pen Nib"},{"floor":24,"key":"Matryoshka"}],"event_choices":[{"event_name":"Wheel of Change","player_choice":"Card Removal","floor":2,"damage_taken":0},{"event_name":"Living Wall","player_choice":"Grow","floor":8,"damage_taken":0},{"event_name":"FaceTrader","player_choice":"Trade","floor":12,"damage_taken":0},{"event_name":"The Library","player_choice":"Heal","floor":19,"damage_taken":0},{"event_name":"Match and Keep!","player_choice":"2 cards matched","floor":20,"damage_taken":0},{"event_name":"Ghosts","player_choice":"Ignored","floor":28,"damage_taken":0}],"is_beta":false,"boss_relics":[{"not_picked":["Black Star","Orrery"],"picked":"Inserter"}],"items_purged_floors":[4,31],"is_endless":false,"potions_floor_spawned":[1,5,16,18,21,27,30],"killed_by":"Automaton","ascension_level":13}