{"path_per_floor":["M","M","M","M","M","R","E","R","T","M","R","E","$","E","R"],"character_chosen":"THE_SILENT","items_purchased":["Accuracy"],"gold_per_floor":[114,129,144,159,174,174,204,204,204,219,219,249,112,142,142],"floor_reached":16,"campfire_rested":0,"playtime":767,"current_hp_per_floor":[66,65,65,64,64,64,64,64,64,64,64,62,62,40,40],"items_purged":["Defend_G"],"gold":142,"score":147,"play_id":"a670eb06-46a4-40d3-8247-883fd7b2f75b","local_time":"20180305012945","daily_mods":[{"name":"All Star","description":"Start with 2 colorless cards.","modID":"Allstar","img":{"data":{"file":{"file":{"path":"images\\ui\\run_mods\\all_star.png"},"type":"Internal"},"width":64,"height":64,"format":"RGBA8888","useMipMaps":false,"isPrepared":false},"glTarget":3553,"glHandle":684,"minFilter":"Linear","magFilter":"Linear","uWrap":"ClampToEdge","vWrap":"ClampToEdge"},"positive":true},{"name":"Lethal Enemies","description":"All enemies start with +3 Strength.","modID":"Lethal Enemies","img":{"data":{"file":{"file":{"path":"images\\ui\\run_mods\\lethal_enemies.png"},"type":"Internal"},"width":64,"height":64,"format":"RGBA8888","useMipMaps":false,"isPrepared":false},"glTarget":3553,"glHandle":675,"minFilter":"Linear","magFilter":"Linear","uWrap":"ClampToEdge","vWrap":"ClampToEdge"},"positive":false},{"name":"Restless Journey","description":"You no longer heal when entering new acts.","modID":"Restless Journey","img":{"data":{"file":{"file":{"path":"images\\ui\\run_mods\\restless_journey.png"},"type":"Internal"},"width":64,"height":64,"format":"RGBA8888","useMipMaps":false,"isPrepared":false},"glTarget":3553,"glHandle":676,"minFilter":"Linear","magFilter":"Linear","uWrap":"ClampToEdge","vWrap":"ClampToEdge"},"positive":false},{"name":"Vintage","description":"The Merchant\u0027s prices are increased by 25%.","modID":"Vintage","img":{"data":{"file":{"file":{"path":"images\\ui\\run_mods\\vintage.png"},"type":"Internal"},"width":64,"height":64,"format":"RGBA8888","useMipMaps":false,"isPrepared":false},"glTarget":3553,"glHandle":677,"minFilter":"Linear","magFilter":"Linear","uWrap":"ClampToEdge","vWrap":"ClampToEdge"},"positive":false}],"is_prod":false,"is_daily":true,"is_ascension_mode":false,"campfire_upgraded":4,"timestamp":1520231385,"path_taken":["M","M","M","M","M","R","E","R","T","M","R","E","$","E","R","BOSS"],"build_version":"2018-03-01-PROD1","purchased_purges":1,"victory":false,"master_deck":["Defend_G","Defend_G","Defend_G","Defend_G","Strike_G","Strike_G","Strike_G","Strike_G","Strike_G","Survivor","Neutralize+1","Dramatic Entrance","Trip+1","Dagger Throw","Leg Sweep+1","Cloak And Dagger","Dagger Throw","Outmaneuver","Accuracy","Phantasmal Killer+1","Accuracy","Prepared"],"max_hp_per_floor":[70,70,70,70,70,70,70,70,70,70,70,70,70,70,70],"relics":["Ring of the Snake","Bag of Marbles","Unceasing Top","Dodecahedron","Toolbox"],"card_choices":[{"not_picked":["Sucker Punch","Catalyst"],"picked":"Dagger Throw"},{"not_picked":["Underhanded Strike","Poisoned Stab"],"picked":"Leg Sweep"},{"not_picked":["Finisher","Leg Sweep"],"picked":"Cloak And Dagger"},{"not_picked":["Endless Agony","Poisoned Stab"],"picked":"Dagger Throw"},{"not_picked":["Sucker Punch","Acrobatics"],"picked":"Outmaneuver"},{"not_picked":["Dagger Throw","Cloak And Dagger"],"picked":"Accuracy"},{"not_picked":["Corpse Explosion","Calculated Gamble"],"picked":"Phantasmal Killer"},{"not_picked":["Sucker Punch","Accuracy"],"picked":"Prepared"}],"player_experience":156532,"potions_floor_usage":[4,7,12,16],"damage_taken":[{"damage":4,"enemies":"Jaw Worm","floor":1,"turns":3},{"damage":1,"enemies":"2 Louse","floor":2,"turns":2},{"damage":0,"enemies":"Cultist","floor":3,"turns":4},{"damage":1,"enemies":"Gremlin Gang","floor":4,"turns":3},{"damage":0,"enemies":"Exordium Wildlife","floor":5,"turns":2},{"damage":0,"enemies":"3 Sentries","floor":7,"turns":5},{"damage":0,"enemies":"Exordium Thugs","floor":10,"turns":3},{"damage":2,"enemies":"Gremlin Nob","floor":12,"turns":3},{"damage":22,"enemies":"Lagavulin","floor":14,"turns":5},{"damage":44,"enemies":"The Guardian","floor":16,"turns":6}],"event_choices":[],"boss_relics":[],"potions_floor_spawned":[3,4,10,12],"seed_played":"1440800474786276678","killed_by":"The Guardian","ascension_level":0,"is_trial":false}