{"gold_per_floor":[17,36,47,47,47,47,66,79,103,15,28,28,87,107,107,107],"floor_reached":16,"playtime":704,"items_purged":[],"score":94,"play_id":"401b76bd-1fce-4bb3-be82-e283f3592886","local_time":"20190122151728","is_ascension_mode":false,"campfire_choices":[{"data":"1","floor":6,"key":"LIFT"},{"floor":15,"key":"REST"}],"neow_cost":"NO_GOLD","seed_source_timestamp":132935278337309,"circlet_count":0,"master_deck":["Strike_B","Strike_B","Strike_B+1","Defend_B","Defend_B","Defend_B+1","Defend_B","Zap","Dualcast","Coolheaded","Hello World","Undo","Regret","FTL","Loop"],"relics":["Cracked Core","Girya","Lantern","Blood Vial","Boot"],"potions_floor_usage":[7,13,13,13,14],"damage_taken":[{"damage":1,"enemies":"2 Louse","floor":1,"turns":2},{"damage":6,"enemies":"Cultist","floor":2,"turns":3},{"damage":6,"enemies":"Jaw Worm","floor":3,"turns":3},{"damage":0,"enemies":"Large Slime","floor":7,"turns":4},{"damage":14,"enemies":"3 Louse","floor":8,"turns":3},{"damage":0,"enemies":"Exordium Wildlife","floor":11,"turns":3},{"damage":17,"enemies":"Lagavulin Event","floor":13,"turns":6},{"damage":6,"enemies":"Looter","floor":14,"turns":3},{"damage":41,"enemies":"Slime Boss","floor":16,"turns":7}],"seed_played":"-6450571202175792473","potions_obtained":[{"floor":2,"key":"SpeedPotion"},{"floor":3,"key":"Explosive Potion"},{"floor":8,"key":"Weak Potion"},{"floor":13,"key":"AttackPotion"}],"is_trial":false,"path_per_floor":["M","M","M","?","?","R","M","M","T","$","M","?","?","M","R","B"],"character_chosen":"DEFECT","items_purchased":["Hello World","Fire Potion"],"campfire_rested":1,"item_purchase_floors":[10,10],"current_hp_per_floor":[74,68,62,47,47,47,47,33,33,33,33,33,18,14,36,0],"gold":107,"neow_bonus":"ONE_RARE_RELIC","is_prod":false,"is_daily":false,"chose_seed":false,"campfire_upgraded":0,"win_rate":0,"timestamp":1548188248,"path_taken":["M","M","M","?","?","R","?","?","T","$","M","?","?","M","R","BOSS"],"build_version":"2019-01-17v2","purchased_purges":0,"victory":false,"max_hp_per_floor":[75,75,75,75,75,75,75,75,75,75,75,75,75,75,75,75],"card_choices":[{"not_picked":["Stack","Undo","Capacitor"],"picked":"SKIP","floor":1},{"not_picked":["Fusion","Force Field","Ball Lightning"],"picked":"SKIP","floor":2},{"not_picked":["Capacitor","Heatsinks","Hello World"],"picked":"SKIP","floor":3},{"not_picked":["Beam Cell","Capacitor"],"picked":"Coolheaded","floor":7},{"not_picked":["Skim","Streamline","Undo"],"picked":"SKIP","floor":8},{"not_picked":["Barrage","Sweeping Beam"],"picked":"Undo","floor":11},{"not_picked":["Doom and Gloom","Hologram"],"picked":"FTL","floor":13},{"not_picked":["Steam","Ball Lightning"],"picked":"Loop","floor":14}],"player_experience":562040,"relics_obtained":[{"floor":9,"key":"Lantern"},{"floor":13,"key":"Boot"}],"event_choices":[{"damage_healed":0,"gold_gain":0,"player_choice":"Entered Light","damage_taken":15,"max_hp_gain":0,"max_hp_loss":0,"event_name":"Shining Light","floor":4,"gold_loss":0,"cards_upgraded":["Defend_B","Strike_B"]},{"cards_removed":["Strike_B"],"damage_healed":0,"gold_gain":0,"player_choice":"Offered Basic","damage_taken":0,"max_hp_gain":0,"max_hp_loss":0,"event_name":"Bonfire Elementals","floor":5,"gold_loss":0},{"damage_healed":0,"gold_gain":0,"player_choice":"Box","damage_taken":0,"relics_obtained":["Blood Vial"],"max_hp_gain":0,"max_hp_loss":0,"event_name":"Big Fish","floor":12,"gold_loss":0,"cards_obtained":["Regret"]},{"damage_healed":0,"gold_gain":0,"player_choice":"Searched \u00272\u0027 times","damage_taken":0,"max_hp_gain":0,"max_hp_loss":0,"event_name":"Dead Adventurer","floor":13,"gold_loss":0}],"is_beta":false,"boss_relics":[],"items_purged_floors":[],"is_endless":false,"potions_floor_spawned":[2,3,8,13],"killed_by":"Slime Boss","ascension_level":0}