{"gold_per_floor":[115,115,125,300,300,300,334,334,334,334,67,31,43,63,63,163,163,181,27,27,39,39,39,56,88,111,148,176,188,219,242,254,266],"floor_reached":33,"playtime":1418,"items_purged":["Doubt"],"score":356,"play_id":"113f9d2f-35f2-4b6f-8375-73b7040871cf","local_time":"20181207180053","is_ascension_mode":true,"campfire_choices":[{"data":"Zap","floor":6,"key":"SMITH"},{"data":"Double Energy","floor":8,"key":"SMITH"},{"data":"Sunder","floor":10,"key":"SMITH"},{"floor":15,"key":"REST"},{"floor":23,"key":"REST"},{"floor":29,"key":"REST"},{"floor":32,"key":"REST"}],"neow_cost":"NONE","seed_source_timestamp":0,"circlet_count":0,"master_deck":["Strike_B","Strike_B","Strike_B","Strike_B","Defend_B","Defend_B","Defend_B","Defend_B","Zap+1","Dualcast","Sunder+1","Double Energy+1","Conserve Battery+1","Double Energy+1","Fusion+1","Streamline","Core Surge","Glacier+1","Meteor Strike","Coolheaded+1","Redo+1","Barrage","Lockon+1","Leap+1"],"special_seed":0,"relics":["Cracked Core","Happy Flower","Oddly Smooth Stone","Toxic Egg 2","Anchor","Runic Pyramid","Strawberry","MawBank","Juzu Bracelet"],"potions_floor_usage":[7,16,18,24,25,27,27,28],"damage_taken":[{"damage":14.0,"enemies":"2 Louse","floor":1.0,"turns":2.0},{"damage":2,"enemies":"Jaw Worm","floor":3,"turns":3},{"damage":37,"enemies":"Lagavulin","floor":7,"turns":6},{"damage":0,"enemies":"Cultist","floor":13,"turns":3},{"damage":0,"enemies":"Red Slaver","floor":14,"turns":3},{"damage":37,"enemies":"The Guardian","floor":16,"turns":9},{"damage":0,"enemies":"Spheric Guardian","floor":18,"turns":1},{"damage":19,"enemies":"3 Byrds","floor":21,"turns":5},{"damage":2,"enemies":"Snake Plant","floor":24,"turns":3},{"damage":7,"enemies":"Gremlin Leader","floor":25,"turns":5},{"damage":34,"enemies":"Slavers","floor":27,"turns":7},{"damage":0,"enemies":"3 Cultists","floor":28,"turns":5},{"damage":23,"enemies":"Shelled Parasite and Fungi","floor":30,"turns":5},{"damage":6,"enemies":"Centurion and Healer","floor":31,"turns":6},{"damage":38,"enemies":"Champ","floor":33,"turns":11}],"seed_played":"-7930121448027585019","potions_obtained":[{"floor":1.0,"key":"Energy Potion"},{"floor":3,"key":"Weak Potion"},{"floor":7,"key":"AttackPotion"},{"floor":13,"key":"Block Potion"},{"floor":20,"key":"FocusPotion"},{"floor":20,"key":"Strength Potion"},{"floor":25,"key":"Weak Potion"},{"floor":27,"key":"AttackPotion"}],"is_trial":false,"path_per_floor":["M","$","M","?","?","R","E","R","T","R","$","$","M","M","R","B",null,"M","$","?","M","$","R","M","E","T","E","M","R","M","M","R","B"],"character_chosen":"DEFECT","items_purchased":["Anchor","Conserve Battery+1","Double Energy+1","Meteor Strike"],"campfire_rested":4,"item_purchase_floors":[11,11,12,19],"current_hp_per_floor":[61,61,59,59,75,75,38,38,38,38,38,38,38,38,60,23,62,62,62,62,43,43,65,63,63,63,29,29,53,30,24,48,10],"gold":266,"neow_bonus":"RANDOM_COMMON_RELIC","is_prod":false,"is_daily":false,"chose_seed":false,"campfire_upgraded":3,"win_rate":0,"timestamp":1544202053,"path_taken":["M","$","M","?","?","R","E","R","T","R","?","$","M","?","R","BOSS","M","$","?","?","?","R","M","E","T","E","M","R","M","M","R","BOSS"],"build_version":"2018-12-06","purchased_purges":1,"victory":false,"max_hp_per_floor":[75,75,75,75,75,75,75,75,75,75,75,75,75,75,75,75,75,75,75,75,75,75,75,75,82,82,82,82,82,82,82,82,82],"card_choices":[{"not_picked":["Double Energy","Aggregate","Barrage"],"picked":"SKIP","floor":1.0},{"not_picked":["Sweeping Beam","Scrape"],"picked":"Sunder","floor":3},{"not_picked":["Barrage","Fusion"],"picked":"Double Energy","floor":7},{"not_picked":["Conserve Battery+1","Steam+1"],"picked":"Fusion+1","floor":13},{"not_picked":["Chill+1","Doom and Gloom"],"picked":"Streamline","floor":14},{"not_picked":["Biased Cognition","Machine Learning"],"picked":"Core Surge","floor":16},{"not_picked":["Barrage","Steam+1"],"picked":"Glacier+1","floor":18},{"not_picked":["Go for the Eyes","Steam+1"],"picked":"Coolheaded+1","floor":21},{"not_picked":["Compile Driver","Go for the Eyes"],"picked":"Redo+1","floor":24},{"not_picked":["Storm","Conserve Battery+1","All For One"],"picked":"SKIP","floor":25},{"not_picked":["Turbo+1","Chill+1","Fusion+1"],"picked":"SKIP","floor":27},{"not_picked":["Steam+1","Conserve Battery+1"],"picked":"Barrage","floor":28},{"not_picked":["Undo+1","Rebound"],"picked":"Lockon+1","floor":30},{"not_picked":["Loop","Rebound"],"picked":"Leap+1","floor":31}],"player_experience":398229,"relics_obtained":[{"floor":7,"key":"Oddly Smooth Stone"},{"floor":9,"key":"Toxic Egg 2"},{"floor":25,"key":"Strawberry"},{"floor":26,"key":"MawBank"},{"floor":27,"key":"Juzu Bracelet"}],"event_choices":[{"damage_healed":0,"gold_gain":175,"player_choice":"AGREE","damage_taken":0,"max_hp_gain":0,"max_hp_loss":0,"event_name":"Liars Game","floor":4,"gold_loss":0,"cards_obtained":["Doubt"]},{"damage_healed":25,"gold_gain":0,"player_choice":"Banana","damage_taken":0,"max_hp_gain":0,"max_hp_loss":0,"event_name":"Big Fish","floor":5,"gold_loss":0},{"damage_healed":0,"gold_gain":0,"player_choice":"Got Potions","damage_taken":0,"max_hp_gain":0,"max_hp_loss":0,"event_name":"Lab","floor":20,"gold_loss":0}],"is_beta":false,"boss_relics":[{"not_picked":["Fusion Hammer","Ectoplasm"],"picked":"Runic Pyramid"}],"items_purged_floors":[11],"is_endless":false,"potions_floor_spawned":[1,3,7,13,25,27],"killed_by":"Champ","ascension_level":5}