{"gold_per_floor":[111,131,143,143,160,160,175,205,205,49,69,69,99,99,99,196,196,213,178,35,35],"floor_reached":21,"playtime":1268,"items_purged":[],"score":296,"play_id":"14c324a9-57b5-42c7-93de-05bbf145ccc0","local_time":"20181023200648","is_ascension_mode":true,"campfire_choices":[{"data":"Bash","floor":6,"key":"SMITH"},{"floor":15,"key":"REST"}],"neow_cost":"NONE","seed_source_timestamp":898968773198206,"circlet_count":0,"master_deck":["Strike_R","Strike_R","Strike_R","Defend_R","Defend_R","Defend_R","Defend_R","Bash+1","AscendersBane","Clothesline","Thunderclap","Battle Trance","Iron Wave","Dark Embrace","Shrug It Off","Barricade+1","Berserk","Shrug It Off","Shrug It Off+1"],"relics":["Burning Blood","Ornamental Fan","Art of War","Omamori","Centennial Puzzle","Sozu","Bag of Preparation"],"potions_floor_usage":[8,13,16,19],"damage_taken":[{"damage":6,"enemies":"Cultist","floor":1,"turns":4},{"damage":5,"enemies":"2 Louse","floor":2,"turns":3},{"damage":5,"enemies":"Small Slimes","floor":3,"turns":3},{"damage":9,"enemies":"Blue Slaver","floor":5,"turns":6},{"damage":13,"enemies":"Exordium Wildlife","floor":7,"turns":5},{"damage":25,"enemies":"Gremlin Nob","floor":8,"turns":4},{"damage":19,"enemies":"Large Slime","floor":11,"turns":10},{"damage":21,"enemies":"3 Sentries","floor":13,"turns":12},{"damage":28,"enemies":"The Guardian","floor":16,"turns":36},{"damage":5,"enemies":"Shell Parasite","floor":18,"turns":10},{"damage":24,"enemies":"2 Thieves","floor":19,"turns":5},{"damage":57,"enemies":"Cultist and Chosen","floor":21,"turns":5}],"seed_played":"-1241161158932618741","potions_obtained":[{"floor":1,"key":"FearPotion"},{"floor":7,"key":"FearPotion"},{"floor":11,"key":"Strength Potion"},{"floor":13,"key":"FearPotion"}],"is_trial":false,"path_per_floor":["M","M","M","?","M","R","M","E","T","$","M","?","E","?","R","B",null,"M","M","$"],"character_chosen":"IRONCLAD","items_purchased":["Omamori","Bag of Preparation"],"campfire_rested":1,"item_purchase_floors":[10,20],"current_hp_per_floor":[72,73,74,67,64,64,57,38,38,38,25,25,10,10,34,12,63,64,46,46,0],"gold":35,"neow_bonus":"REMOVE_CARD","is_prod":false,"is_daily":false,"chose_seed":false,"campfire_upgraded":1,"win_rate":0,"timestamp":1540318008,"path_taken":["M","M","M","?","M","R","M","E","T","$","M","?","E","?","R","BOSS","M","M","$","M"],"build_version":"2018-10-22","purchased_purges":0,"victory":false,"max_hp_per_floor":[80,80,80,80,80,80,80,80,80,80,80,80,80,80,80,80,80,80,80,80,80],"card_choices":[{"not_picked":["Shrug It Off","Armaments"],"picked":"Clothesline","floor":1},{"not_picked":["Clash","Flex"],"picked":"Thunderclap","floor":2},{"not_picked":["Blood for Blood","Power Through","Sever Soul"],"picked":"SKIP","floor":3},{"not_picked":["Flex","Fire Breathing"],"picked":"Battle Trance","floor":5},{"not_picked":["Clothesline","Fire Breathing"],"picked":"Iron Wave","floor":7},{"not_picked":["Anger","Dual Wield"],"picked":"Dark Embrace","floor":8},{"not_picked":["True Grit","Clash"],"picked":"Shrug It Off","floor":11},{"not_picked":["Twin Strike","Perfected Strike"],"picked":"Barricade","floor":13},{"not_picked":["Dark Embrace","Limit Break"],"picked":"Berserk","floor":16},{"not_picked":["Fire Breathing","Armaments"],"picked":"Shrug It Off","floor":18},{"not_picked":["Pummel","Corruption"],"picked":"Shrug It Off+1","floor":19}],"player_experience":257013,"relics_obtained":[{"floor":8,"key":"Ornamental Fan"},{"floor":9,"key":"Art of War"},{"floor":13,"key":"Centennial Puzzle"}],"event_choices":[{"cards_removed":["Strike_R"],"damage_healed":0,"gold_gain":0,"player_choice":"Card Removal","damage_taken":7,"max_hp_gain":0,"max_hp_loss":0,"event_name":"Golden Wing","floor":4,"gold_loss":0},{"damage_healed":0,"gold_gain":30,"player_choice":"Searched \u00271\u0027 times","damage_taken":0,"max_hp_gain":0,"max_hp_loss":0,"event_name":"Dead Adventurer","floor":12,"gold_loss":0},{"damage_healed":0,"gold_gain":0,"player_choice":"Upgraded","damage_taken":0,"max_hp_gain":0,"max_hp_loss":0,"event_name":"Upgrade Shrine","floor":14,"gold_loss":0,"cards_upgraded":["Barricade"]}],"is_beta":true,"boss_relics":[{"not_picked":["Fusion Hammer","Astrolabe"],"picked":"Sozu"}],"items_purged_floors":[],"is_endless":false,"potions_floor_spawned":[1,7,11,13],"killed_by":"Cultist and Chosen","ascension_level":11}