{"path_per_floor":["M","M","?","M","$","R","E","R","T","?","M","M","?","M","R","B",null,"M","M","M","?","$","E","$","R","T","R","?","T","R","M","R","B",null,"M","?","M","M","?","R","E","M","T","R","M","?","R","M","R","B"],"character_chosen":"THE_SILENT","items_purchased":["Grand Finale","Dagger Throw"],"gold_per_floor":[118,131,131,141,66,66,94,94,94,94,110,124,124,136,136,239,239,257,267,281,281,30,64,11,11,11,11,11,11,11,21,21,116,116,131,0,13,26,26,26,52,67,93,93,112,460,460,473,473,473],"floor_reached":51,"campfire_rested":0,"playtime":3347,"current_hp_per_floor":[63,63,63,63,63,63,58,58,58,58,61,58,58,62,62,29,63,61,61,63,63,63,50,50,50,50,50,63,63,63,63,63,46,63,63,63,63,62,62,62,62,63,63,63,63,63,63,56,56,54],"items_purged":["Defend_G","Night Terror"],"gold":473,"score":756,"play_id":"732fc747-a0a5-46e2-9c3e-a85cb10d88d1","local_time":"20180330150648","is_prod":false,"is_daily":false,"is_ascension_mode":true,"campfire_upgraded":11,"timestamp":1522415208,"path_taken":["M","M","?","M","$","R","E","R","T","?","M","M","?","M","R","BOSS","M","?","M","?","$","E","?","R","T","R","?","?","R","M","R","BOSS","M","?","M","M","?","R","E","M","T","R","M","?","R","M","R","BOSS"],"build_version":"2018-03-29v2","purchased_purges":3,"victory":true,"master_deck":["Defend_G","Defend_G","Strike_G","Strike_G","Strike_G","Survivor+1","Neutralize+1","Well Laid Plans+1","Neutralize+1","Bandage Up","Quick Slash","Cloak And Dagger+1","Underhanded Strike","A Thousand Cuts+1","Dagger Throw+1","Sucker Punch+1","Prepared+1","Swift Strike","Expertise+1","Grand Finale","Acrobatics+1","Dagger Throw","Well Laid Plans+1","Tactician+1","Backflip+1","Calculated Gamble+1","Concentrate+1","Prepared","Concentrate+1"],"max_hp_per_floor":[63,63,63,63,63,63,63,63,63,63,63,63,63,63,63,63,63,63,63,63,63,63,63,63,63,63,63,63,63,63,63,63,63,63,63,63,63,63,63,63,63,63,63,63,63,63,63,63,63,63],"relics":["Ring of the Snake","Gambling Chip","Tough Bandages","Sundial","Astrolabe","Lantern","Calipers","Bottled Tornado","Philosopher\u0027s Stone","Red Mask","Juzu Bracelet","Pen Nib","Old Coin"],"card_choices":[{"not_picked":["Quick Slash","Dodge and Roll"],"picked":"Well Laid Plans","floor":1},{"not_picked":["PiercingWail","Prepared"],"picked":"Quick Slash","floor":4},{"not_picked":["Eviscerate","Envenom"],"picked":"Cloak And Dagger","floor":7},{"not_picked":["Riddle With Holes","PiercingWail"],"picked":"Underhanded Strike","floor":14},{"not_picked":["After Image","Doppelganger"],"picked":"Night Terror","floor":16},{"not_picked":["Bane","After Image"],"picked":"Prepared","floor":19},{"not_picked":["Dagger Spray","Prepared"],"picked":"Acrobatics","floor":23},{"not_picked":["PiercingWail","Footwork"],"picked":"Well Laid Plans","floor":31},{"not_picked":["Burst","Adrenaline"],"picked":"Tactician","floor":33},{"not_picked":["Expertise","Leg Sweep"],"picked":"Backflip","floor":35},{"not_picked":["Poisoned Stab","Deflect"],"picked":"Calculated Gamble","floor":37},{"not_picked":["Expertise","Flying Knee"],"picked":"Concentrate","floor":42},{"not_picked":["Masterful Stab","PiercingWail"],"picked":"Prepared","floor":45},{"not_picked":["Acrobatics","Cloak And Dagger"],"picked":"Concentrate","floor":46}],"player_experience":150093,"potions_floor_usage":[7,16,23,41,50,50,50],"damage_taken":[{"damage":0,"enemies":"2 Louse","floor":1,"turns":3},{"damage":0,"enemies":"Cultist","floor":2,"turns":4},{"damage":0,"enemies":"Small Slimes","floor":4,"turns":4},{"damage":8,"enemies":"Lagavulin","floor":7,"turns":9},{"damage":1,"enemies":"Looter","floor":11,"turns":4},{"damage":7,"enemies":"Exordium Thugs","floor":12,"turns":3},{"damage":0,"enemies":"Lots of Slimes","floor":14,"turns":4},{"damage":47,"enemies":"Hexaghost","floor":16,"turns":16},{"damage":4,"enemies":"Shell Parasite","floor":18,"turns":5},{"damage":2,"enemies":"2 Thieves","floor":19,"turns":3},{"damage":0,"enemies":"Snecko","floor":20,"turns":6},{"damage":13,"enemies":"Book of Stabbing","floor":23,"turns":6},{"damage":0,"enemies":"Sentry and Sphere","floor":31,"turns":3},{"damage":21,"enemies":"Collector","floor":33,"turns":7},{"damage":0,"enemies":"3 Darklings","floor":35,"turns":3},{"damage":0,"enemies":"Orb Walker","floor":37,"turns":3},{"damage":1,"enemies":"4 Shapes","floor":38,"turns":2},{"damage":0,"enemies":"Nemesis","floor":41,"turns":5},{"damage":0,"enemies":"Maw","floor":42,"turns":6},{"damage":0,"enemies":"Sphere and 2 Shapes","floor":45,"turns":3},{"damage":0,"enemies":"Mysterious Sphere","floor":46,"turns":2},{"damage":7,"enemies":"4 Shapes","floor":48,"turns":3},{"damage":6,"enemies":"Donu and Deca","floor":50,"turns":6}],"event_choices":[{"event_name":"Match and Keep!","player_choice":"2 cards matched","floor":3,"damage_taken":0},{"event_name":"The Lab","player_choice":"Got Potions","floor":10,"damage_taken":0},{"event_name":"Purifier","player_choice":"One Purge","floor":13,"damage_taken":0},{"event_name":"Match and Keep!","player_choice":"2 cards matched","floor":21,"damage_taken":0},{"event_name":"Wheel of Change","player_choice":"Full Heal","floor":28,"damage_taken":0},{"event_name":"Tomb of Lord Red Mask","player_choice":"Paid","floor":36,"damage_taken":0},{"event_name":"SecretPortal","player_choice":"Rejected Portal.","floor":39,"damage_taken":0},{"event_name":"Mysterious Sphere","player_choice":"Fight","floor":46,"damage_taken":0}],"boss_relics":[{"not_picked":["Calling Bell","Runic Pyramid"],"picked":"Astrolabe"},{"not_picked":["The Specimen","Eternal Feather"],"picked":"Philosopher\u0027s Stone"}],"potions_floor_spawned":[1,7,12,16,18,19,37,41,42,46],"seed_played":"2796777332538134328","ascension_level":1,"is_trial":false}