{"gold_per_floor":[114,124,143,155,6,6,37,37,37,57,57],"floor_reached":11,"playtime":657,"items_purged":["Strike_R"],"score":101,"play_id":"faa08a3e-b53d-4356-8077-dae3c1cf5b06","local_time":"20181225234334","is_ascension_mode":true,"campfire_choices":[{"data":"Bash","floor":6,"key":"SMITH"}],"neow_cost":"NONE","seed_source_timestamp":640382708491133,"circlet_count":0,"master_deck":["Strike_R","Strike_R","Strike_R","Strike_R","Defend_R","Defend_R","Defend_R","Defend_R","Bash+1","Offering","Shockwave","Shrug It Off","Reaper","Uppercut","True Grit+1"],"relics":["Burning Blood","Singing Bowl","Toxic Egg 2"],"potions_floor_usage":[10],"damage_taken":[{"damage":8,"enemies":"Jaw Worm","floor":1,"turns":5},{"damage":2,"enemies":"Cultist","floor":2,"turns":4},{"damage":5,"enemies":"Small Slimes","floor":3,"turns":4},{"damage":6,"enemies":"Blue Slaver","floor":4,"turns":5},{"damage":65,"enemies":"3 Sentries","floor":7,"turns":13},{"damage":34,"enemies":"Large Slime","floor":10,"turns":10},{"damage":29,"enemies":"Gremlin Nob","floor":11,"turns":4}],"seed_played":"-7417015914882801232","potions_obtained":[{"floor":1,"key":"LiquidBronze"},{"floor":3,"key":"BloodPotion"},{"floor":8,"key":"Swift Potion"}],"is_trial":false,"path_per_floor":["M","M","M","M","$","R","E","?","T","M","E"],"character_chosen":"IRONCLAD","items_purchased":["Reaper"],"campfire_rested":0,"item_purchase_floors":[5],"current_hp_per_floor":[70,74,75,75,75,75,24,24,24,16,0],"gold":57,"neow_bonus":"ONE_RANDOM_RARE_CARD","is_prod":false,"is_daily":false,"chose_seed":false,"campfire_upgraded":1,"win_rate":0,"timestamp":1545803014,"path_taken":["M","M","M","M","$","R","E","?","T","?","E"],"build_version":"2018-12-20","purchased_purges":1,"victory":false,"max_hp_per_floor":[80,80,80,80,80,80,80,80,80,80,80],"card_choices":[{"not_picked":["Pummel","Blood for Blood"],"picked":"Shockwave","floor":1},{"not_picked":["Warcry","Cleave"],"picked":"Shrug It Off","floor":2},{"not_picked":["Iron Wave","Burning Pact","Clash"],"picked":"SKIP","floor":3},{"not_picked":["Thunderclap","Heavy Blade","Rampage"],"picked":"SKIP","floor":4},{"not_picked":["Evolve","Shockwave"],"picked":"Uppercut","floor":7},{"not_picked":["Clash","Twin Strike"],"picked":"True Grit+1","floor":10}],"player_experience":297053,"relics_obtained":[{"floor":7,"key":"Singing Bowl"},{"floor":9,"key":"Toxic Egg 2"}],"event_choices":[{"damage_healed":0,"gold_gain":0,"player_choice":"Got Potions","damage_taken":0,"max_hp_gain":0,"max_hp_loss":0,"event_name":"Lab","floor":8,"gold_loss":0}],"is_beta":false,"boss_relics":[],"items_purged_floors":[5],"is_endless":false,"potions_floor_spawned":[1,3],"killed_by":"Gremlin Nob","ascension_level":7}