{"gold_per_floor":[110,130,55,71,71,71,100,100,100,132,132,148,180,20,20,98,98,109,109,124,124,134,134,149,149,176,176,176,176,195,206,206,282,282,294,294,254,254,0,0,20,55,79,90,107,107,107,126,126,126],"floor_reached":51,"playtime":3089,"items_purged":["Strike_B"],"score":1276,"play_id":"37471b71-db84-4d94-a9e7-93d4bb692823","local_time":"20181022202428","is_ascension_mode":true,"campfire_choices":[{"data":"Hello World","floor":6,"key":"SMITH"},{"data":"Zap","floor":8,"key":"SMITH"},{"data":"Defragment","floor":15,"key":"SMITH"},{"data":"Defragment","floor":23,"key":"SMITH"},{"data":"Machine Learning","floor":25,"key":"SMITH"},{"data":"Redo","floor":27,"key":"SMITH"},{"floor":29,"key":"REST"},{"floor":32,"key":"REST"},{"data":"Dualcast","floor":40,"key":"SMITH"},{"data":"Loop","floor":49,"key":"SMITH"}],"neow_cost":"NONE","seed_source_timestamp":811798084666552,"circlet_count":0,"master_deck":["Zap+1","Dualcast+1","AscendersBane","Compile Driver+1","Hello World+1","Melter","Glacier","Rip and Tear","Defragment+1","Defragment+1","Machine Learning+1","Redo+1","Cold Snap","Lockon","Lockon","Barrage","Rebound","Hologram+1","Go for the Eyes","Writhe","Undo","Stack","Decay","Thunder Strike","Defragment+1","Reboot","Glacier","Loop+1","Steam","Turbo","Writhe","Loop"],"relics":["Cracked Core","NeowsBlessing","FaceOfCleric","Potion Belt","Bottled Flame","Art of War","Calipers","Centennial Puzzle","Pandora\u0027s Box","Pantograph","Pen Nib","Runic Dome","Incense Burner","ClockworkSouvenir","Strawberry","Bag of Marbles"],"potions_floor_usage":[7,13,13,31,33,33,42,44,50,50],"damage_taken":[{"damage":0,"enemies":"Cultist","floor":1,"turns":1},{"damage":0,"enemies":"Jaw Worm","floor":2,"turns":1},{"damage":0,"enemies":"2 Louse","floor":4,"turns":1},{"damage":20,"enemies":"Gremlin Nob","floor":7,"turns":3},{"damage":7,"enemies":"3 Sentries","floor":10,"turns":9},{"damage":9,"enemies":"Exordium Thugs","floor":12,"turns":4},{"damage":16,"enemies":"Gremlin Nob","floor":13,"turns":4},{"damage":0,"enemies":"Hexaghost","floor":16,"turns":9},{"damage":15,"enemies":"2 Thieves","floor":18,"turns":5},{"damage":8,"enemies":"3 Byrds","floor":20,"turns":4},{"damage":20,"enemies":"Snecko","floor":22,"turns":8},{"damage":2,"enemies":"Sentry and Sphere","floor":24,"turns":6},{"damage":18,"enemies":"3 Cultists","floor":30,"turns":6},{"damage":12,"enemies":"Shelled Parasite and Fungi","floor":31,"turns":4},{"damage":52,"enemies":"Collector","floor":33,"turns":18},{"damage":11,"enemies":"Orb Walker","floor":35,"turns":3},{"damage":0,"enemies":"Mind Bloom Boss Battle","floor":36,"turns":8},{"damage":35,"enemies":"3 Shapes","floor":41,"turns":5},{"damage":23,"enemies":"Nemesis","floor":42,"turns":23},{"damage":7,"enemies":"Transient","floor":44,"turns":5},{"damage":0,"enemies":"Maw","floor":45,"turns":8},{"damage":39,"enemies":"3 Darklings","floor":48,"turns":7},{"damage":41,"enemies":"Time Eater","floor":50,"turns":18}],"seed_played":"-8622711641851399119","potions_obtained":[{"floor":4,"key":"Fire Potion"},{"floor":7,"key":"AttackPotion"},{"floor":10,"key":"Block Potion"},{"floor":18,"key":"Weak Potion"},{"floor":22,"key":"SkillPotion"},{"floor":31,"key":"Energy Potion"},{"floor":37,"key":"FairyPotion"},{"floor":37,"key":"LiquidBronze"},{"floor":37,"key":"Swift Potion"},{"floor":41,"key":"Energy Potion"},{"floor":42,"key":"Block Potion"}],"is_trial":false,"path_per_floor":["M","M","$","M","?","R","E","R","T","E","?","M","E","$","R","B",null,"M","?","M","?","M","R","M","R","T","R","?","R","M","M","R","B",null,"M","?","?","?","$","R","M","E","T","M","M","?","?","M","R","B"],"character_chosen":"DEFECT","items_purchased":["Centennial Puzzle","ClockworkSouvenir","Glacier"],"campfire_rested":2,"item_purchase_floors":[14,39,39],"current_hp_per_floor":[64,64,64,64,64,64,45,45,45,39,39,31,16,16,16,17,61,47,47,40,40,21,21,20,20,20,20,20,44,27,16,40,14,66,56,82,82,82,82,82,48,33,33,27,28,47,79,41,41,26],"gold":126,"neow_bonus":"THREE_ENEMY_KILL","is_prod":false,"is_daily":false,"chose_seed":false,"campfire_upgraded":8,"win_rate":0,"timestamp":1540232668,"path_taken":["M","?","?","?","?","R","E","R","T","E","?","M","E","$","R","BOSS","M","?","M","?","M","R","M","R","T","R","?","R","M","M","R","BOSS","M","?","?","?","$","R","M","E","T","M","?","?","?","M","R","BOSS"],"build_version":"2018-10-19","purchased_purges":1,"victory":true,"max_hp_per_floor":[71,71,71,71,71,71,72,72,72,73,73,74,75,75,75,76,76,77,77,78,78,79,79,80,80,80,80,80,80,81,82,82,83,83,84,85,85,85,85,85,86,94,94,95,96,96,79,80,80,81],"card_choices":[{"not_picked":["Sweeping Beam","Gash"],"picked":"Compile Driver","floor":1},{"not_picked":["Coolheaded","Scrape"],"picked":"Hello World","floor":2},{"not_picked":["Rebound","Reinforced Body"],"picked":"Melter","floor":4},{"not_picked":["Recycle","Steam"],"picked":"Glacier","floor":7},{"not_picked":["Coolheaded","Streamline"],"picked":"Rip and Tear","floor":10},{"not_picked":["Turbo","Reinforced Body"],"picked":"Defragment","floor":12},{"not_picked":["Compile Driver","Gash"],"picked":"Defragment","floor":13},{"not_picked":["Reboot","Electrodynamics"],"picked":"Machine Learning","floor":16},{"not_picked":["Leap","Redo"],"picked":"Go for the Eyes","floor":18},{"not_picked":["Barrage","Rainbow"],"picked":"Undo","floor":20},{"not_picked":["Scrape","Auto Shields"],"picked":"Stack","floor":22},{"not_picked":["Beam Cell","Chaos","Gash"],"picked":"SKIP","floor":24},{"not_picked":["Heatsinks","Compile Driver","Barrage"],"picked":"SKIP","floor":30},{"not_picked":["Coolheaded","Barrage","Consume"],"picked":"SKIP","floor":31},{"not_picked":["Seek","Hyperbeam"],"picked":"Thunder Strike","floor":33},{"not_picked":["Go for the Eyes+1","Hologram"],"picked":"Defragment+1","floor":35},{"not_picked":["Go for the Eyes","Self Repair"],"picked":"Reboot","floor":36},{"not_picked":["Barrage","Compile Driver"],"picked":"Loop","floor":41},{"not_picked":["Doom and Gloom","Cold Snap","Melter"],"picked":"SKIP","floor":42},{"not_picked":["Conserve Battery","Tempest+1"],"picked":"Steam","floor":44},{"not_picked":["Self Repair+1","Beam Cell"],"picked":"Turbo","floor":45},{"not_picked":["Ball Lightning","Doom and Gloom"],"picked":"Loop","floor":48}],"player_experience":251039,"relics_obtained":[{"floor":7,"key":"Potion Belt"},{"floor":9,"key":"Bottled Flame"},{"floor":10,"key":"Art of War"},{"floor":13,"key":"Calipers"},{"floor":26,"key":"Pen Nib"},{"floor":36,"key":"Incense Burner"},{"floor":42,"key":"Strawberry"},{"floor":43,"key":"Bag of Marbles"}],"event_choices":[{"damage_healed":0,"gold_gain":0,"player_choice":"Trade","damage_taken":0,"relics_obtained":["FaceOfCleric"],"max_hp_gain":0,"max_hp_loss":0,"event_name":"FaceTrader","floor":5,"gold_loss":0},{"damage_healed":0,"gold_gain":0,"player_choice":"Grow","damage_taken":0,"max_hp_gain":0,"max_hp_loss":0,"event_name":"Living Wall","floor":11,"gold_loss":0,"cards_upgraded":["Compile Driver"]},{"damage_healed":0,"gold_gain":0,"player_choice":"Opened","damage_taken":0,"relics_obtained":["Pantograph"],"max_hp_gain":0,"max_hp_loss":0,"event_name":"The Mausoleum","floor":19,"gold_loss":0,"cards_obtained":["Writhe"]},{"damage_healed":0,"gold_gain":0,"player_choice":"Upgraded","damage_taken":0,"max_hp_gain":0,"max_hp_loss":0,"event_name":"Upgrade Shrine","floor":21,"gold_loss":0,"cards_upgraded":["Hologram"]},{"damage_healed":0,"gold_gain":0,"player_choice":"Smashed Altar","damage_taken":0,"max_hp_gain":0,"max_hp_loss":0,"event_name":"Forgotten Altar","floor":28,"gold_loss":0,"cards_obtained":["Decay"]},{"damage_healed":0,"gold_gain":0,"player_choice":"Fight","damage_taken":0,"max_hp_gain":0,"max_hp_loss":0,"event_name":"MindBloom","floor":36,"gold_loss":0},{"damage_healed":0,"gold_gain":0,"player_choice":"Bought 3 Potions","damage_taken":0,"max_hp_gain":0,"max_hp_loss":0,"event_name":"The Woman in Blue","floor":37,"gold_loss":0},{"damage_healed":0,"gold_gain":0,"player_choice":"Ignored","damage_taken":0,"max_hp_gain":0,"max_hp_loss":0,"event_name":"Tomb of Lord Red Mask","floor":38,"gold_loss":0},{"damage_healed":19,"gold_gain":0,"player_choice":"Writhe","damage_taken":0,"max_hp_gain":0,"max_hp_loss":0,"event_name":"Winding Halls","floor":46,"gold_loss":0,"cards_obtained":["Writhe"]},{"damage_healed":79,"gold_gain":0,"player_choice":"Heal","damage_taken":0,"max_hp_gain":0,"max_hp_loss":17,"event_name":"The Moai Head","floor":47,"gold_loss":0}],"is_beta":true,"boss_relics":[{"not_picked":["Orrery","Busted Crown"],"picked":"Pandora\u0027s Box"},{"not_picked":["FrozenCore","Calling Bell"],"picked":"Runic Dome"}],"items_purged_floors":[3],"is_endless":false,"potions_floor_spawned":[4,7,10,18,22,31,41,42],"ascension_level":16}