{"path_per_floor":["M","M","?","M","M","E","M","R","T","R","M","E","T","M","R","B",null,"M","M","$","?","?","E","R","$","T","?","E","R","E","M","R"],"character_chosen":"IRONCLAD","items_purchased":["Inflame","Ornamental Fan","Metallicize"],"gold_per_floor":[116,135,135,146,160,195,215,215,293,293,303,328,328,338,338,434,434,446,465,319,319,319,347,347,7,31,31,63,63,90,103,103],"floor_reached":33,"campfire_rested":3,"playtime":3683,"current_hp_per_floor":[80,75,75,80,73,48,39,63,63,63,69,60,60,55,82,61,90,93,70,70,67,67,55,55,55,55,55,32,53,37,47,47],"items_purged":["Juggernaut"],"gold":103,"play_id":"d51cfb28-8f8d-473c-b9ae-d403db99627f","is_prod":false,"is_daily":false,"is_ascension_mode":false,"campfire_upgraded":3,"path_taken":["M","M","?","M","M","E","?","R","T","R","M","E","?","M","R","BOSS","M","M","$","?","?","E","R","$","T","?","E","R","E","M","R","BOSS"],"build_version":"2018-01-25-PROD3","purchased_purges":1,"victory":false,"master_deck":["Defend_R+1","Defend_R+1","Defend_R+1","Defend_R+1","Bash+1","Dropkick","Anger","Battle Trance+1","Headbutt","Twin Strike","Dropkick","Inflame+1","Heavy Blade","Iron Wave","Feed","Sword Boomerang+1","Flame Barrier+1","Inflame","Bite_R","Bite_R","Bite_R","Bite_R","Bite_R","Feed","Flash of Steel","Metallicize","Iron Wave+1","Flex+1","Spot Weakness+1"],"max_hp_per_floor":[80,80,80,80,80,80,80,80,80,80,80,90,90,90,90,90,90,93,96,96,67,67,70,70,70,70,70,73,73,76,82,82],"relics":["Black Blood","Vajra","Shuriken","Pear","Charon\u0027s Ashes","Toxic Egg","Ornamental Fan","Orichalcum","Art of War","Bottled Lightning"],"card_choices":[{"not_picked":["Anger","Sword Boomerang"],"picked":"Dropkick"},{"not_picked":["Perfected Strike","Infernal Blade"],"picked":"Anger"},{"not_picked":["Whirlwind","Wild Strike"],"picked":"Battle Trance"},{"not_picked":["Cleave","Body Slam"],"picked":"Headbutt"},{"not_picked":["Brutality","Perfected Strike"],"picked":"Twin Strike"},{"not_picked":["Sword Boomerang","Rage"],"picked":"Dropkick"},{"not_picked":["Thunderclap","Rampage"],"picked":"Inflame"},{"not_picked":["Wild Strike","Clash"],"picked":"Heavy Blade"},{"not_picked":["Dropkick","Pummel"],"picked":"Iron Wave"},{"not_picked":["Brutality","Reaper"],"picked":"Feed"},{"not_picked":["Armaments","Heavy Blade"],"picked":"Sword Boomerang"},{"not_picked":["Searing Blow","Thunderclap"],"picked":"Flame Barrier"},{"not_picked":["Warcry","Berserk"],"picked":"Iron Wave"},{"not_picked":["Body Slam","Thunderclap"],"picked":"Flex"},{"not_picked":["Warcry","Whirlwind"],"picked":"Spot Weakness"}],"player_experience":117435,"potions_floor_usage":[18,23,28,33],"damage_taken":[{"damage":0.0,"enemies":"Small Slimes","floor":1.0,"turns":4.0},{"damage":11.0,"enemies":"Blue Slaver","floor":2.0,"turns":4.0},{"damage":1.0,"enemies":"Cultist","floor":4.0,"turns":3.0},{"damage":13.0,"enemies":"Exordium Wildlife","floor":5.0,"turns":3.0},{"damage":31.0,"enemies":"Lagavulin","floor":6.0,"turns":7.0},{"damage":15.0,"enemies":"Looter","floor":7.0,"turns":3.0},{"damage":0.0,"enemies":"Lots of Slimes","floor":11.0,"turns":2.0},{"damage":25.0,"enemies":"3 Sentries","floor":12.0,"turns":5.0},{"damage":11.0,"enemies":"Red Slaver","floor":14.0,"turns":3.0},{"damage":27.0,"enemies":"The Guardian","floor":16.0,"turns":7.0},{"damage":10,"enemies":"Chosen","floor":18,"turns":3},{"damage":36,"enemies":"2 Thieves","floor":19,"turns":4},{"damage":29,"enemies":"Book of Stabbing","floor":23,"turns":4},{"damage":48,"enemies":"Slavers","floor":28,"turns":6},{"damage":35,"enemies":"Book of Stabbing","floor":30,"turns":6},{"damage":6,"enemies":"Chosen and Byrds","floor":31,"turns":4},{"damage":72,"enemies":"Champ","floor":33,"turns":8}],"event_choices":[{"event_name":"Living Wall","player_choice":"Change","floor":3.0,"damage_taken":0.0},{"event_name":"Vampires","player_choice":"Became a vampire","floor":21,"damage_taken":0},{"event_name":"Match and Keep!","player_choice":"2 cards matched","floor":22,"damage_taken":0},{"event_name":"Back to Basics","player_choice":"Simplicity","floor":27,"damage_taken":0}],"boss_relics":[{"not_picked":["Tiny House","Philosopher\u0027s Stone"],"picked":"Black Blood"}],"potions_floor_spawned":[2,5,7,12,14,19,28,31],"seed_played":"-1989554729828374718","killed_by":"Champ","ascension_level":0,"is_trial":false}