{"gold_per_floor":[116,116,7,21,38,73,90,90,113,113,132,147,66,101,101,196,196,212,212,212,63,63,63,79,79,79,79,79,4,24,24],"floor_reached":31,"playtime":861,"items_purged":["Decay"],"score":328,"play_id":"067f4aca-be74-407d-b9a8-3f7721b27a36","local_time":"20181218021053","is_ascension_mode":true,"campfire_choices":[{"data":"Zap","floor":8,"key":"SMITH"},{"floor":15,"key":"REST"},{"data":"Defragment","floor":23,"key":"SMITH"},{"floor":27,"key":"REST"}],"neow_cost":"NONE","seed_source_timestamp":2807766973908,"circlet_count":0,"master_deck":["Strike_B","Strike_B","Strike_B","Strike_B","Defend_B","Defend_B","Defend_B","Zap+1","Dualcast","Gash","Core Surge","Force Field","Defragment+1","Glacier","Gash","Double Energy+1","BootSequence","Ball Lightning","Conserve Battery","Leap","Glacier","Amplify","Echo Form","Capacitor","Streamline+1","Decay","Cold Snap"],"relics":["Cracked Core","NeowsBlessing","Lantern","Strawberry","Vajra","Cursed Key","Juzu Bracelet"],"potions_floor_usage":[16,16,16,31],"damage_taken":[{"damage":0,"enemies":"Small Slimes","floor":1,"turns":1},{"damage":0,"enemies":"Cultist","floor":4,"turns":1},{"damage":0,"enemies":"Jaw Worm","floor":5,"turns":1},{"damage":36,"enemies":"Gremlin Nob","floor":6,"turns":4},{"damage":1,"enemies":"Exordium Thugs","floor":7,"turns":5},{"damage":2,"enemies":"Exordium Wildlife","floor":11,"turns":3},{"damage":5,"enemies":"Blue Slaver","floor":12,"turns":4},{"damage":13,"enemies":"3 Sentries","floor":14,"turns":7},{"damage":21,"enemies":"Slime Boss","floor":16,"turns":12},{"damage":22,"enemies":"2 Thieves","floor":18,"turns":5},{"damage":6,"enemies":"Spheric Guardian","floor":24,"turns":6},{"damage":36,"enemies":"Shelled Parasite and Fungi","floor":30,"turns":6},{"damage":29,"enemies":"Book of Stabbing","floor":31,"turns":5}],"seed_played":"114227685803672033","potions_obtained":[{"floor":1,"key":"Strength Potion"},{"floor":6,"key":"EssenceOfSteel"},{"floor":12,"key":"Poison Potion"},{"floor":24,"key":"Block Potion"}],"is_trial":false,"path_per_floor":["M","?","$","M","M","E","M","R","T","?","M","M","$","E","R","B",null,"M","?","?","$","?","R","M","$","T","R","?","$","M","E"],"character_chosen":"DEFECT","items_purchased":["Defragment","Glacier","Glacier","Juzu Bracelet"],"campfire_rested":2,"item_purchase_floors":[3,3,13,21],"current_hp_per_floor":[68,68,68,68,68,32,31,31,38,38,36,31,31,18,42,21,67,45,45,45,45,45,45,39,39,39,63,63,63,27,0],"gold":24,"neow_bonus":"THREE_ENEMY_KILL","is_prod":false,"is_daily":false,"chose_seed":false,"campfire_upgraded":2,"win_rate":0,"timestamp":1545095453,"path_taken":["M","?","$","?","?","E","M","R","T","?","M","M","?","E","R","BOSS","M","?","?","$","?","R","M","?","T","R","?","?","M","E"],"build_version":"2018-12-13","purchased_purges":1,"victory":false,"max_hp_per_floor":[75,75,75,75,75,75,75,75,82,82,82,82,82,82,82,82,82,82,82,82,82,82,82,82,82,82,82,82,82,82,82],"card_choices":[{"not_picked":["FTL","Turbo"],"picked":"Gash","floor":1},{"not_picked":["Turbo","Coolheaded"],"picked":"Gash","floor":4},{"not_picked":["Go for the Eyes","Biased Cognition"],"picked":"Double Energy","floor":5},{"not_picked":["Auto Shields","White Noise"],"picked":"BootSequence","floor":6},{"not_picked":["Leap","Go for the Eyes"],"picked":"Ball Lightning","floor":7},{"not_picked":["FTL","Blizzard"],"picked":"Conserve Battery","floor":11},{"not_picked":["Double Energy","Fusion"],"picked":"Leap","floor":12},{"not_picked":["Biased Cognition","Redo"],"picked":"Amplify","floor":14},{"not_picked":["Buffer","Thunder Strike"],"picked":"Echo Form","floor":16},{"not_picked":["Steam","Sweeping Beam"],"picked":"Capacitor","floor":18},{"not_picked":["Steam Power","Rebound"],"picked":"Streamline+1","floor":24},{"not_picked":["Leap","Chill"],"picked":"Cold Snap","floor":30}],"player_experience":450370,"relics_obtained":[{"floor":6,"key":"Lantern"},{"floor":9,"key":"Strawberry"},{"floor":14,"key":"Vajra"}],"event_choices":[{"damage_healed":0,"gold_gain":0,"player_choice":"2 cards matched","damage_taken":0,"max_hp_gain":0,"max_hp_loss":0,"event_name":"Match and Keep!","floor":2,"gold_loss":0,"cards_obtained":["Core Surge","Force Field"]},{"cards_removed":["Defend_B"],"damage_healed":0,"gold_gain":0,"player_choice":"Purged","damage_taken":0,"max_hp_gain":0,"max_hp_loss":0,"event_name":"Purifier","floor":10,"gold_loss":0},{"damage_healed":0,"gold_gain":0,"player_choice":"Ignored","damage_taken":0,"max_hp_gain":0,"max_hp_loss":0,"event_name":"Vampires","floor":19,"gold_loss":0},{"damage_healed":0,"gold_gain":0,"player_choice":"Bought 0 Potions","damage_taken":0,"max_hp_gain":0,"max_hp_loss":0,"event_name":"The Woman in Blue","floor":20,"gold_loss":0},{"damage_healed":0,"gold_gain":0,"player_choice":"Forge","damage_taken":0,"max_hp_gain":0,"max_hp_loss":0,"event_name":"Accursed Blacksmith","floor":22,"gold_loss":0,"cards_upgraded":["Double Energy"]},{"damage_healed":0,"gold_gain":0,"player_choice":"Smashed Altar","damage_taken":0,"max_hp_gain":0,"max_hp_loss":0,"event_name":"Forgotten Altar","floor":28,"gold_loss":0,"cards_obtained":["Decay"]}],"is_beta":false,"boss_relics":[{"not_picked":["Snecko Eye","Coffee Dripper"],"picked":"Cursed Key"}],"items_purged_floors":[29],"is_endless":false,"potions_floor_spawned":[1,6,12,14,24],"killed_by":"Book of Stabbing","ascension_level":7}