{"gold_per_floor":[111,121,121,135,135,135,135,135,135,135,135,165,165,496,496,601,601,617,667,717,734,748,748,775,775,775,787,515,529,529,579,579,579],"floor_reached":33,"playtime":2739,"items_purged":[],"score":323,"play_id":"5ef2e7d8-e924-4a52-903c-52688f6b5bfe","local_time":"20180904084439","is_ascension_mode":true,"campfire_choices":[{"data":"Armaments","floor":6,"key":"SMITH"},{"data":"Pommel Strike","floor":10,"key":"SMITH"},{"data":"Whirlwind","floor":13,"key":"SMITH"},{"data":"Bash","floor":15,"key":"SMITH"},{"floor":23,"key":"REST"},{"floor":25,"key":"REST"},{"data":"Berserk","floor":30,"key":"SMITH"},{"data":"Flex","floor":32,"key":"SMITH"}],"neow_cost":"NONE","seed_source_timestamp":319835953505409,"circlet_count":0,"master_deck":["Defend_R","Defend_R","Defend_R","Defend_R","Bash+1","Pommel Strike+1","Armaments+1","Pommel Strike+1","Whirlwind+1","Warcry","Berserk+1","Body Slam","Bite","Bite","Bite","Bite","Bite","Flex+1","Battle Trance+1","Armaments+1","Shrug It Off+1","Flex+1","Infernal Blade+1","Flex+1"],"relics":["Burning Blood","Letter Opener","SsserpentHead","Meat on the Bone","Old Coin","Philosopher\u0027s Stone","Toxic Egg 2","Bottled Tornado","Lee\u0027s Waffle"],"potions_floor_usage":[12,12,12,14,16,16,18,21,22,24],"damage_taken":[{"damage":9,"enemies":"2 Louse","floor":1,"turns":4},{"damage":0,"enemies":"Small Slimes","floor":2,"turns":2},{"damage":1,"enemies":"Cultist","floor":4,"turns":4},{"damage":14,"enemies":"3 Sentries","floor":12,"turns":6},{"damage":6,"enemies":"Gremlin Nob","floor":14,"turns":3},{"damage":70,"enemies":"The Guardian","floor":16,"turns":10},{"damage":34,"enemies":"Shell Parasite","floor":18,"turns":3},{"damage":0,"enemies":"3 Byrds","floor":21,"turns":3},{"damage":66,"enemies":"Sentry and Sphere","floor":22,"turns":6},{"damage":9,"enemies":"Slavers","floor":24,"turns":2},{"damage":29,"enemies":"Cultist and Chosen","floor":27,"turns":6},{"damage":20,"enemies":"Snecko","floor":29,"turns":4},{"damage":86,"enemies":"Automaton","floor":33,"turns":6}],"seed_played":"-2339417663877061117","potions_obtained":[{"floor":1,"key":"SteroidPotion"},{"floor":5,"key":"EntropicBrew"},{"floor":5,"key":"SteroidPotion"},{"floor":14,"key":"Ancient Potion"},{"floor":16,"key":"Poison Potion"},{"floor":21,"key":"Poison Potion"},{"floor":22,"key":"Explosive Potion"}],"is_trial":false,"path_per_floor":["M","M","?","M","?","R","?","$","T","R","?","E","R","E","R","B",null,"M","?","?","M","M","R","E","R","T","M","$","M","R","?","R"],"character_chosen":"IRONCLAD","items_purchased":["Lee\u0027s Waffle","Shrug It Off+1","Flex+1"],"campfire_rested":2,"item_purchase_floors":[28,28,28],"current_hp_per_floor":[85,88,88,88,88,88,88,88,88,88,88,80,80,80,80,28,88,60,60,60,61,22,40,37,55,55,43,68,65,65,65,65,0],"gold":579,"neow_bonus":"TEN_PERCENT_HP_BONUS","is_prod":false,"is_daily":false,"chose_seed":false,"campfire_upgraded":6,"win_rate":0,"timestamp":1536043479,"path_taken":["M","M","?","M","?","R","?","$","T","R","?","E","R","E","R","BOSS","M","?","?","M","M","R","E","R","T","M","$","M","R","?","R","BOSS"],"build_version":"2018-08-30","purchased_purges":0,"victory":false,"max_hp_per_floor":[88,88,88,88,88,88,88,88,88,88,88,88,88,88,88,88,88,88,61,61,61,61,61,61,61,61,61,68,68,68,68,68,68],"card_choices":[{"not_picked":["Rupture","Sword Boomerang"],"picked":"Pommel Strike","floor":1},{"not_picked":["Rupture","Battle Trance"],"picked":"Armaments","floor":2},{"not_picked":["Heavy Blade","Clash"],"picked":"Pommel Strike","floor":4},{"not_picked":["Hemokinesis","Searing Blow"],"picked":"Whirlwind","floor":12},{"not_picked":["Whirlwind","Burning Pact"],"picked":"Warcry","floor":14},{"not_picked":["Immolate","Impervious"],"picked":"Berserk","floor":16},{"not_picked":["Fire Breathing","Iron Wave"],"picked":"Body Slam","floor":18},{"not_picked":["Corruption+1","Carnage+1"],"picked":"Flex","floor":21},{"not_picked":["Heavy Blade","Whirlwind"],"picked":"Battle Trance+1","floor":22},{"not_picked":["Perfected Strike","Clothesline","Rupture+1"],"picked":"SKIP","floor":24},{"not_picked":["Headbutt","Ghostly Armor+1"],"picked":"Armaments+1","floor":27},{"not_picked":["True Grit+1","Dark Embrace"],"picked":"Infernal Blade+1","floor":29}],"player_experience":88983,"relics_obtained":[{"floor":9,"key":"Letter Opener"},{"floor":12,"key":"Meat on the Bone"},{"floor":14,"key":"Old Coin"},{"floor":24,"key":"Toxic Egg 2"},{"floor":26,"key":"Bottled Tornado"}],"event_choices":[{"event_name":"The Cleric","player_choice":"Leave","floor":3,"damage_taken":0},{"event_name":"The Lab","player_choice":"Got Potions","floor":5,"damage_taken":0},{"event_name":"Living Wall","player_choice":"Grow","floor":7,"damage_taken":0},{"event_name":"FaceTrader","player_choice":"Trade","floor":11,"damage_taken":0},{"event_name":"Vampires","player_choice":"Became a vampire","floor":19,"damage_taken":0},{"event_name":"Beggar","player_choice":"Ignored","floor":20,"damage_taken":0},{"event_name":"Duplicator","player_choice":"One dupe","floor":31,"damage_taken":0}],"is_beta":false,"boss_relics":[{"not_picked":["Tiny House","Snecko Eye"],"picked":"Philosopher\u0027s Stone"}],"items_purged_floors":[],"is_endless":false,"potions_floor_spawned":[1,12,14,16,21,22],"killed_by":"Automaton","ascension_level":2}