{"gold_per_floor":[117,66,29,48,66,66,83,96,144,144,160,160,160,160,160,256,256,271,271,271],"floor_reached":20,"playtime":610,"items_purged":[],"score":271,"play_id":"5a9d1a80-e5c1-4fbe-b237-1fd2c26c6ce9","local_time":"20180918030532","is_ascension_mode":true,"campfire_choices":[{"data":"Dualcast","floor":6,"key":"SMITH"},{"floor":10,"key":"REST"},{"floor":12,"key":"REST"},{"data":"Conserve Battery","floor":15,"key":"SMITH"}],"neow_cost":"NONE","seed_source_timestamp":224429363070575,"circlet_count":0,"master_deck":["Strike_B","Defend_B","Defend_B","Defend_B","Defend_B","Zap+1","Dualcast+1","AscendersBane","Gash","Gash","Gash","Skim","Sunder","Gash","Conserve Battery+1","Go for the Eyes","Hyperbeam","Steam","Necronomicurse"],"relics":["Cracked Core","PreservedInsect","Empty Cage","Necronomicon"],"potions_floor_usage":[16,18],"damage_taken":[{"damage":3,"enemies":"2 Louse","floor":1,"turns":2},{"damage":7,"enemies":"Jaw Worm","floor":4,"turns":2},{"damage":2,"enemies":"Small Slimes","floor":5,"turns":3},{"damage":26,"enemies":"Exordium Thugs","floor":7,"turns":4},{"damage":13,"enemies":"Blue Slaver","floor":8,"turns":2},{"damage":12,"enemies":"Looter","floor":11,"turns":3},{"damage":54,"enemies":"Hexaghost","floor":16,"turns":9},{"damage":36,"enemies":"2 Thieves","floor":18,"turns":5},{"damage":14,"enemies":"Shell Parasite","floor":20,"turns":2}],"seed_played":"-3883944679698096423","potions_obtained":[{"floor":1,"key":"Ancient Potion"},{"floor":7,"key":"Strength Potion"},{"floor":11,"key":"Block Potion"},{"floor":16,"key":"SpeedPotion"}],"is_trial":false,"path_per_floor":["M","$","?","M","M","R","M","M","T","R","M","R","?","?","R","B",null,"M","?"],"character_chosen":"DEFECT","items_purchased":["Gash"],"campfire_rested":2,"item_purchase_floors":[2],"current_hp_per_floor":[65,65,65,58,56,56,30,17,17,39,27,49,49,74,74,20,61,25,9,0],"gold":271,"neow_bonus":"UPGRADE_CARD","is_prod":false,"is_daily":false,"chose_seed":false,"campfire_upgraded":2,"win_rate":0,"timestamp":1537232732,"path_taken":["M","$","?","M","M","R","M","M","T","R","M","R","?","?","R","BOSS","M","?","M"],"build_version":"2018-09-06","purchased_purges":0,"victory":false,"max_hp_per_floor":[75,75,75,75,75,75,75,75,75,75,75,75,75,75,75,75,75,75,75,75],"card_choices":[{"not_picked":["Turbo","Coolheaded"],"picked":"Gash","floor":1},{"not_picked":["Coolheaded","Blizzard"],"picked":"Gash","floor":4},{"not_picked":["Glacier","Undo"],"picked":"Skim","floor":5},{"not_picked":["Darkness","Turbo"],"picked":"Sunder","floor":7},{"not_picked":["Compile Driver","Go for the Eyes"],"picked":"Gash","floor":8},{"not_picked":["Turbo","Steam Power"],"picked":"Conserve Battery","floor":11},{"not_picked":["Core Surge","Buffer"],"picked":"Hyperbeam","floor":16},{"not_picked":["Beam Cell","Recycle"],"picked":"Steam","floor":18}],"player_experience":323829,"relics_obtained":[{"floor":9,"key":"PreservedInsect"},{"floor":19,"key":"Necronomicon"}],"event_choices":[{"event_name":"World of Goop","player_choice":"Left","floor":3,"damage_taken":0},{"event_name":"Transmorgrifier","player_choice":"Transform","floor":13,"damage_taken":0},{"event_name":"Big Fish","player_choice":"Banana","floor":14,"damage_taken":0},{"event_name":"Cursed Tome","player_choice":"Obtained Book","floor":19,"damage_taken":0}],"is_beta":false,"boss_relics":[{"not_picked":["Velvet Choker","FrozenCore"],"picked":"Empty Cage"}],"items_purged_floors":[],"is_endless":false,"potions_floor_spawned":[1,7,11,16],"killed_by":"Shell Parasite","ascension_level":10}