{"path_per_floor":["M","?","?","M","?","E","M","R","T","M","M","M","E","?","R","B",null,"M","M","$","M","M","R","E","?","T","R","M","M","$","M","R"],"character_chosen":"DEFECT","items_purchased":["Scrape","Go for the Eyes","War Paint","Weak Potion"],"gold_per_floor":[115,115,65,77,77,112,128,128,128,148,161,173,201,201,201,297,297,315,327,149,160,179,179,212,212,212,212,228,239,40,59,59,59],"floor_reached":33,"campfire_rested":3,"playtime":2062,"current_hp_per_floor":[65,70,70,70,70,58,58,58,58,58,58,57,33,26,47,36,64,54,47,47,47,25,31,10,10,10,39,5,5,5,5,34,0],"items_purged":["Strike_B"],"gold":59,"score":365,"play_id":"0a07b304-2564-44eb-8658-b0b9f9230e66","local_time":"20180515135820","is_prod":false,"is_daily":false,"chose_seed":false,"is_ascension_mode":true,"campfire_upgraded":2,"timestamp":1526385500,"path_taken":["M","?","?","M","?","E","M","R","T","?","M","M","E","?","R","BOSS","M","M","$","M","M","R","E","?","T","R","?","M","$","M","R","BOSS"],"build_version":"2018-05-14v2","seed_source_timestamp":445199468255011,"purchased_purges":3,"victory":false,"master_deck":["Defend_B+1","Defend_B","Defend_B","Zap+1","Dualcast+1","Cold Snap","Cold Snap","Gash","Melter","Leap+1","White Noise","Conserve Battery","Coolheaded","Machine Learning+1","Axe Kick","Streamline+1","Scrape","Go for the Eyes","Genetic Algorithm+1","Static Discharge+1","Leap","Blizzard"],"max_hp_per_floor":[68,73,73,73,73,73,73,73,73,73,73,73,73,73,73,73,73,73,73,73,73,73,73,73,73,73,73,73,73,73,73,73,73],"relics":["Cracked Core","Du-Vu Doll","Ginger","Turnip","Eternal Feather","Gremlin Horn","Ornamental Fan","War Paint"],"card_choices":[{"not_picked":["Storm","Rebound"],"picked":"Cold Snap","floor":1},{"not_picked":["Rebound","Redo"],"picked":"Cold Snap","floor":4},{"not_picked":["Self Repair","Beam Cell"],"picked":"Gash","floor":6},{"not_picked":["Fusion","Leap"],"picked":"Melter","floor":7},{"not_picked":["Aggregate","Static Discharge"],"picked":"Leap","floor":10},{"not_picked":["Stack","Rebound"],"picked":"White Noise","floor":11},{"not_picked":["Cold Snap","Heatsinks"],"picked":"Conserve Battery","floor":12},{"not_picked":["Undo","Rebound"],"picked":"Coolheaded","floor":13},{"not_picked":["Creative AI","Fusion"],"picked":"Machine Learning","floor":16},{"not_picked":["Capacitor","Coolheaded"],"picked":"Axe Kick","floor":18},{"not_picked":["Go for the Eyes","Ball Lightning"],"picked":"Streamline+1","floor":19},{"not_picked":["Capacitor","Coolheaded"],"picked":"Genetic Algorithm+1","floor":21},{"not_picked":["Fusion","Ball Lightning","Barrage"],"picked":"SKIP","floor":22},{"not_picked":["Ball Lightning","Consume"],"picked":"Static Discharge+1","floor":24},{"not_picked":["Capacitor","Turbo"],"picked":"Leap","floor":28},{"not_picked":["Force Field","Chill"],"picked":"Blizzard","floor":29},{"not_picked":["Chaos","Rebound","Thunder Strike"],"picked":"SKIP","floor":31}],"player_experience":76228,"potions_floor_usage":[6,13,16,24,24,29,33,33],"damage_taken":[{"damage":3,"enemies":"2 Louse","floor":1,"turns":3},{"damage":0,"enemies":"Cultist","floor":4,"turns":4},{"damage":12,"enemies":"Lagavulin","floor":6,"turns":7},{"damage":0,"enemies":"Small Slimes","floor":7,"turns":3},{"damage":0,"enemies":"3 Louse","floor":10,"turns":3},{"damage":0,"enemies":"Large Slime","floor":11,"turns":4},{"damage":1,"enemies":"Lots of Slimes","floor":12,"turns":3},{"damage":38,"enemies":"Gremlin Nob","floor":13,"turns":5},{"damage":26,"enemies":"Slime Boss","floor":16,"turns":13},{"damage":10,"enemies":"3 Byrds","floor":18,"turns":6},{"damage":7,"enemies":"Shell Parasite","floor":19,"turns":6},{"damage":0,"enemies":"Sentry and Sphere","floor":21,"turns":2},{"damage":22,"enemies":"Snake Plant","floor":22,"turns":5},{"damage":21,"enemies":"Gremlin Leader","floor":24,"turns":9},{"damage":34,"enemies":"Slaver and Parasite","floor":28,"turns":6},{"damage":0,"enemies":"Snecko","floor":29,"turns":6},{"damage":0,"enemies":"Centurion and Healer","floor":31,"turns":7},{"damage":34,"enemies":"Champ","floor":33,"turns":22}],"relics_obtained":[{"floor":6,"key":"Du-Vu Doll"},{"floor":9,"key":"Ginger"},{"floor":13,"key":"Turnip"},{"floor":24,"key":"Gremlin Horn"},{"floor":26,"key":"Ornamental Fan"}],"event_choices":[{"event_name":"Big Fish","player_choice":"Donut","floor":2,"damage_taken":0},{"event_name":"The Cleric","player_choice":"Card Removal","floor":3,"damage_taken":0},{"event_name":"Living Wall","player_choice":"Grow","floor":5,"damage_taken":0},{"event_name":"Golden Wing","player_choice":"Card Removal","floor":14,"damage_taken":0},{"event_name":"Ghosts","player_choice":"Ignored","floor":25,"damage_taken":0}],"boss_relics":[{"not_picked":["Nuclear Battery","Inserter"],"picked":"Eternal Feather"}],"potions_floor_spawned":[1,4,10,16,19,24,29,31],"seed_played":"1409822110816255443","killed_by":"Champ","ascension_level":6,"potions_obtained":[{"floor":1,"key":"Regen Potion"},{"floor":4,"key":"LiquidBronze"},{"floor":10,"key":"Regen Potion"},{"floor":16,"key":"FocusPotion"},{"floor":19,"key":"Block Potion"},{"floor":24,"key":"Ancient Potion"},{"floor":29,"key":"Explosive Potion"},{"floor":31,"key":"Ancient Potion"}],"is_trial":false}