{"gold_per_floor":[113,129,149,149,149,149,172,172,172,212,230,230,230,264,264,389,389,405,320,336,352,352,352,225,225,225,249,268,268,295,308,308,437,437,456,456,456],"floor_reached":37,"playtime":3995,"items_purged":["Strike_G"],"score":553,"play_id":"4b13d813-7586-4d29-98f5-04fedf2454d5","local_time":"20180717152205","is_ascension_mode":true,"campfire_choices":[{"data":"Neutralize","floor":6.0,"key":"SMITH"},{"data":"Calculated Gamble","floor":8.0,"key":"SMITH"},{"floor":13.0,"key":"REST"},{"floor":15.0,"key":"REST"},{"floor":23.0,"key":"REST"},{"data":"A Thousand Cuts","floor":25.0,"key":"SMITH"},{"floor":32.0,"key":"REST"}],"neow_cost":"NONE","seed_source_timestamp":0,"circlet_count":0,"master_deck":["Defend_G","Defend_G","Defend_G","Defend_G","Defend_G","Strike_G","Strike_G","Survivor","Neutralize+1","Calculated Gamble+1","Cloak And Dagger","Flying Knee","Bullet Time","Backflip","Backflip","Dash","A Thousand Cuts+1","Terror+1","Ghostly","Ghostly","Ghostly","Ghostly","Ghostly","Well Laid Plans","Noxious Fumes","Concentrate","Outmaneuver","Envenom","Acrobatics+1","Deflect+1","Backflip+1","Caltrops+1","Madness","Madness"],"special_seed":0,"relics":["Ring of the Snake","Omamori","Smiling Mask","Golden Idol","Regal Pillow","Snake Skull","Mummified Hand","Empty Cage","Girya","Bottled Lightning","Vajra","Orrery"],"potions_floor_usage":[],"damage_taken":[{"damage":13.0,"enemies":"Jaw Worm","floor":1.0,"turns":8.0},{"damage":2.0,"enemies":"Small Slimes","floor":2.0,"turns":4.0},{"damage":0.0,"enemies":"2 Louse","floor":3.0,"turns":2.0},{"damage":14.0,"enemies":"Large Slime","floor":7.0,"turns":7.0},{"damage":46.0,"enemies":"Gremlin Nob","floor":10.0,"turns":6.0},{"damage":0.0,"enemies":"Exordium Wildlife","floor":11.0,"turns":5.0},{"damage":0.0,"enemies":"3 Sentries","floor":14.0,"turns":9.0},{"damage":67.0,"enemies":"The Guardian","floor":16.0,"turns":17.0},{"damage":14.0,"enemies":"3 Byrds","floor":18.0,"turns":7.0},{"damage":11.0,"enemies":"Chosen","floor":20.0,"turns":6.0},{"damage":19.0,"enemies":"Slaver and Parasite","floor":21.0,"turns":7.0},{"damage":14.0,"enemies":"Sentry and Sphere","floor":27.0,"turns":8.0},{"damage":2.0,"enemies":"Centurion and Healer","floor":28.0,"turns":6.0},{"damage":0.0,"enemies":"Snecko","floor":29.0,"turns":5.0},{"damage":9.0,"enemies":"Chosen and Byrds","floor":31.0,"turns":7.0},{"damage":19.0,"enemies":"Collector","floor":33.0,"turns":9.0},{"damage":0.0,"enemies":"3 Shapes","floor":35.0,"turns":5.0},{"damage":44,"enemies":"Flame Bruiser 1 Orb","floor":37,"turns":2}],"seed_played":"-7470209496837896086","potions_obtained":[{"floor":3.0,"key":"Regen Potion"},{"floor":10.0,"key":"GhostInAJar"},{"floor":11.0,"key":"SteroidPotion"},{"floor":14.0,"key":"Fire Potion"},{"floor":16.0,"key":"SkillPotion"},{"floor":18.0,"key":"Block Potion"},{"floor":20.0,"key":"PowerPotion"},{"floor":27.0,"key":"SmokeBomb"},{"floor":31.0,"key":"Poison Potion"},{"floor":35.0,"key":"SkillPotion"}],"is_trial":false,"path_per_floor":["M","M","M","?","?","R","M","R","T","E","M","?","R","E","R","B",null,"M","?","M","M","?","R","$","R","T","M","M","M","T","M","R","B",null,"M","?"],"character_chosen":"THE_SILENT","items_purchased":["Well Laid Plans"],"campfire_rested":4,"item_purchase_floors":[24],"current_hp_per_floor":[50,48,48,48,48,48,49,49,49,3,3,3,39,39,70,3,53,39,39,28,9,9,34,34,34,34,20,18,18,18,9,34,15,30,30,26,0],"gold":456,"neow_bonus":"RANDOM_COMMON_RELIC","is_prod":false,"is_daily":false,"chose_seed":false,"campfire_upgraded":3,"win_rate":0,"timestamp":1531866125,"path_taken":["M","M","M","?","?","R","M","R","T","E","?","?","R","E","R","BOSS","M","?","M","M","?","R","$","R","T","M","M","M","?","?","R","BOSS","M","?","M"],"build_version":"2018-07-12","purchased_purges":1,"victory":false,"max_hp_per_floor":[70,70,70,70,70,70,70,70,70,70,70,70,70,70,70,70,70,70,70,70,70,35,35,35,35,35,35,35,35,35,35,35,35,35,35,35,35],"card_choices":[{"not_picked":["Outmaneuver","Underhanded Strike"],"picked":"Calculated Gamble","floor":1.0},{"not_picked":["Dagger Throw","Heel Hook"],"picked":"Cloak And Dagger","floor":2.0},{"not_picked":["Concentrate","Finisher"],"picked":"Flying Knee","floor":3.0},{"not_picked":["All Out Attack","Deflect"],"picked":"Bullet Time","floor":7.0},{"not_picked":["Cloak And Dagger","Deflect"],"picked":"Backflip","floor":10.0},{"not_picked":["All Out Attack","Dagger Throw"],"picked":"Backflip","floor":11.0},{"not_picked":["Endless Agony","Caltrops"],"picked":"Dash","floor":14.0},{"not_picked":["Envenom","Grand Finale"],"picked":"A Thousand Cuts","floor":16.0},{"not_picked":["Quick Slash","Bane"],"picked":"Terror+1","floor":18.0},{"not_picked":["Acrobatics","Deadly Poison","Bouncing Flask"],"picked":"SKIP","floor":20.0},{"not_picked":["Blade Dance","Deadly Poison","Poisoned Stab"],"picked":"SKIP","floor":21.0},{"not_picked":["Terror","Distraction"],"picked":"Noxious Fumes","floor":27.0},{"not_picked":["Dagger Throw","Slice"],"picked":"Concentrate","floor":28.0},{"not_picked":["Quick Slash","Choke"],"picked":"Outmaneuver","floor":31.0},{"not_picked":["Burst","Glass Knife"],"picked":"Envenom","floor":33.0},{"not_picked":["Deadly Poison","Deflect"],"picked":"Acrobatics+1","floor":34.0},{"not_picked":["Deadly Poison+1","Underhanded Strike"],"picked":"Deflect+1","floor":34.0},{"not_picked":["Backstab+1","Malaise+1"],"picked":"Backflip+1","floor":34.0},{"not_picked":["Quick Slash+1","PiercingWail+1"],"picked":"Caltrops+1","floor":35.0}],"player_experience":164667,"relics_obtained":[{"floor":9.0,"key":"Regal Pillow"},{"floor":10.0,"key":"Snake Skull"},{"floor":14.0,"key":"Mummified Hand"},{"floor":26.0,"key":"Bottled Lightning"},{"floor":30.0,"key":"Vajra"}],"event_choices":[{"event_name":"Big Fish","player_choice":"Box","floor":4.0,"damage_taken":0.0},{"event_name":"Golden Idol","player_choice":"Take Wound","floor":5.0,"damage_taken":0.0},{"event_name":"Scrap Ooze","player_choice":"unsuccessful","floor":12.0,"damage_taken":0.0},{"event_name":"Addict","player_choice":"Obtained Relic","floor":19.0,"damage_taken":0.0},{"event_name":"Ghosts","player_choice":"Became a Ghost","floor":22.0,"damage_taken":0.0},{"event_name":"Winding Halls","player_choice":"Embrace Madness","floor":36.0,"damage_taken":0.0}],"boss_relics":[{"not_picked":["Eternal Feather","Pandora\u0027s Box"],"picked":"Empty Cage"},{"not_picked":["Calling Bell","Black Star"],"picked":"Orrery"}],"items_purged_floors":[24],"is_endless":false,"potions_floor_spawned":[3,10,11,14,16,18,20,27,31,35],"killed_by":"Flame Bruiser 1 Orb","ascension_level":6}