{"gold_per_floor":[116,79,95,95,115,143,158,187,187,219,237,252,252,270,270,365,365,385,416,416,436,436],"floor_reached":22,"playtime":1574,"items_purged":[],"score":254,"play_id":"9701f89b-d6c0-4b14-a907-1bc12cd30eb9","local_time":"20190325165035","is_ascension_mode":true,"campfire_choices":[{"floor":13,"key":"REST"},{"floor":15,"key":"REST"}],"neow_cost":"NONE","seed_source_timestamp":9277663591722,"circlet_count":0,"master_deck":["Defend_G","Defend_G","Defend_G+1","Defend_G","Defend_G","Survivor","Neutralize","Noxious Fumes+1","Heel Hook","Backflip+1","Dagger Throw","Flying Knee","Dodge and Roll","Noxious Fumes","Prepared","Sucker Punch","Cloak And Dagger","Dash","Deflect","Corpse Explosion","Escape Plan","Quick Slash+1","Bite","Bite","Bite","Bite","Bite","Dash+1"],"relics":["Ring of the Snake","NeowsBlessing","Dream Catcher","War Paint","Centennial Puzzle","Pantograph","Sozu","Red Mask"],"potions_floor_usage":[6,8,16],"damage_taken":[{"damage":0,"enemies":"Cultist","floor":1,"turns":1},{"damage":0,"enemies":"Jaw Worm","floor":3,"turns":1},{"damage":0,"enemies":"2 Louse","floor":5,"turns":1},{"damage":19,"enemies":"3 Sentries","floor":6,"turns":7},{"damage":5,"enemies":"Looter","floor":7,"turns":4},{"damage":11,"enemies":"Lagavulin","floor":8,"turns":5},{"damage":12,"enemies":"3 Sentries","floor":10,"turns":8},{"damage":1,"enemies":"Blue Slaver","floor":11,"turns":5},{"damage":17,"enemies":"Exordium Wildlife","floor":12,"turns":4},{"damage":13,"enemies":"3 Louse","floor":14,"turns":2},{"damage":57,"enemies":"Slime Boss","floor":16,"turns":11},{"damage":26,"enemies":"3 Byrds","floor":18,"turns":4},{"damage":37,"enemies":"Masked Bandits","floor":19,"turns":4},{"damage":19,"enemies":"Shell Parasite","floor":21,"turns":7},{"damage":16,"enemies":"Sentry and Sphere","floor":22,"turns":3}],"seed_played":"1825096561756549958","potions_obtained":[{"floor":1,"key":"Fire Potion"},{"floor":7,"key":"PowerPotion"},{"floor":11,"key":"Ancient Potion"},{"floor":14,"key":"SteroidPotion"},{"floor":16,"key":"GamblersBrew"}],"is_trial":false,"path_per_floor":["M","$","M","?","M","E","M","E","T","E","M","M","R","M","R","B",null,"M","?","?","M","M"],"character_chosen":"THE_SILENT","items_purchased":["Noxious Fumes"],"campfire_rested":2,"item_purchase_floors":[2],"current_hp_per_floor":[70,70,70,70,70,51,46,35,35,23,22,5,26,13,34,2,70,44,7,7,6,0],"gold":436,"neow_bonus":"THREE_ENEMY_KILL","is_prod":false,"is_daily":false,"chose_seed":false,"campfire_upgraded":0,"win_rate":0,"timestamp":1553532635,"path_taken":["M","?","M","?","M","E","M","E","T","E","M","M","R","?","R","BOSS","M","?","?","M","M"],"build_version":"2019-01-23","purchased_purges":0,"victory":false,"max_hp_per_floor":[70,70,70,70,70,70,70,70,70,70,70,70,70,70,70,70,70,70,70,49,49,49],"card_choices":[{"not_picked":["Accuracy","Concentrate","Flechettes"],"picked":"SKIP","floor":1},{"not_picked":["Backflip","Concentrate"],"picked":"Heel Hook","floor":3},{"not_picked":["Finisher","Poisoned Stab"],"picked":"Backflip","floor":5},{"not_picked":["Acrobatics","Escape Plan"],"picked":"Dagger Throw","floor":6},{"not_picked":["Reflex","Dagger Throw"],"picked":"Flying Knee","floor":7},{"not_picked":["A Thousand Cuts","Reflex"],"picked":"Dodge and Roll","floor":8},{"not_picked":["Underhanded Strike","Slice"],"picked":"Noxious Fumes","floor":10},{"not_picked":["Dagger Throw","Dodge and Roll"],"picked":"Prepared","floor":11},{"not_picked":["Prepared","Masterful Stab"],"picked":"Sucker Punch","floor":12},{"not_picked":["Flechettes","Dagger Throw"],"picked":"Cloak And Dagger","floor":13},{"not_picked":["Caltrops","All Out Attack"],"picked":"Dash","floor":14},{"not_picked":["Caltrops","All Out Attack"],"picked":"Deflect","floor":15},{"not_picked":["After Image","Malaise"],"picked":"Corpse Explosion","floor":16},{"not_picked":["Sucker Punch","Quick Slash"],"picked":"Escape Plan","floor":18},{"not_picked":["Endless Agony+1","Dagger Throw"],"picked":"Quick Slash+1","floor":19},{"not_picked":["Backflip","Caltrops+1"],"picked":"Dash+1","floor":21}],"player_experience":205918,"relics_obtained":[{"floor":6,"key":"Dream Catcher"},{"floor":8,"key":"War Paint"},{"floor":9,"key":"Centennial Puzzle"},{"floor":10,"key":"Pantograph"},{"floor":19,"key":"Red Mask"}],"event_choices":[{"damage_healed":0,"gold_gain":0,"player_choice":"Upgraded","damage_taken":0,"max_hp_gain":0,"max_hp_loss":0,"event_name":"Upgrade Shrine","floor":4,"gold_loss":0,"cards_upgraded":["Noxious Fumes"]},{"damage_healed":0,"gold_gain":0,"player_choice":"Fought Bandits","damage_taken":0,"max_hp_gain":0,"max_hp_loss":0,"event_name":"Masked Bandits","floor":19,"gold_loss":0},{"damage_healed":0,"gold_gain":0,"player_choice":"Became a vampire","damage_taken":0,"max_hp_gain":0,"max_hp_loss":21,"event_name":"Vampires","floor":20,"gold_loss":0,"cards_obtained":["Bite","Bite","Bite","Bite","Bite"]}],"is_beta":false,"boss_relics":[{"not_picked":["Ring of the Serpent","White Beast Statue"],"picked":"Sozu"}],"items_purged_floors":[],"is_endless":false,"potions_floor_spawned":[1,7,11,14,16,18],"killed_by":"Sentry and Sphere","ascension_level":2}