{"path_per_floor":["M","?","M","?","M","R","E","M","T","R","M","M","E","M","R"],"character_chosen":"THE_SILENT","items_purchased":[],"gold_per_floor":[115,190,207,382,393,393,424,443,443,443,458,474,505,524,524],"floor_reached":16,"campfire_rested":2,"playtime":1101,"current_hp_per_floor":[69,58,58,58,57,57,40,37,37,58,53,53,15,17,38],"items_purged":[],"gold":524,"score":137,"play_id":"88936513-641d-435b-bf87-967b1a05b635","is_prod":false,"is_daily":false,"is_ascension_mode":true,"campfire_upgraded":1,"path_taken":["M","?","M","?","M","R","E","M","T","R","M","?","E","M","R","BOSS"],"build_version":"2018-02-22-PROD2","purchased_purges":0,"victory":false,"master_deck":["Defend_G","Defend_G","Defend_G","Defend_G","Defend_G","Strike_G","Strike_G","Strike_G","Strike_G","Strike_G","Survivor","Neutralize","Prepared","Bane","Noxious Fumes+1","Doubt","Poisoned Stab","Deflect","Escape Plan","Blur","Cloak And Dagger","Caltrops","Deadly Poison"],"max_hp_per_floor":[70,70,70,70,70,70,70,70,70,70,70,70,70,70,70],"relics":["Ring of the Snake","Omamori","Calipers","Blood Vial"],"card_choices":[{"not_picked":["Dagger Spray","Cloak And Dagger"],"picked":"Prepared"},{"not_picked":["Concentrate","Outmaneuver"],"picked":"Bane"},{"not_picked":["PiercingWail","Deflect"],"picked":"Noxious Fumes"},{"not_picked":["Acrobatics","Underhanded Strike"],"picked":"Poisoned Stab"},{"not_picked":["Poisoned Stab","Storm of Steel"],"picked":"Deflect"},{"not_picked":["Reflex","Skewer"],"picked":"Escape Plan"},{"not_picked":["Cloak And Dagger","Flechettes"],"picked":"Blur"},{"not_picked":["Terror","Quick Slash"],"picked":"Cloak And Dagger"},{"not_picked":["Reflex","Escape Plan"],"picked":"Caltrops"},{"not_picked":["Endless Agony","Distraction"],"picked":"Deadly Poison"}],"player_experience":171804,"potions_floor_usage":[7,12,16],"damage_taken":[{"damage":1.0,"enemies":"Small Slimes","floor":1.0,"turns":4.0},{"damage":0,"enemies":"Jaw Worm","floor":3,"turns":4},{"damage":1,"enemies":"2 Louse","floor":5,"turns":3},{"damage":17,"enemies":"Lagavulin","floor":7,"turns":7},{"damage":3,"enemies":"Looter","floor":8,"turns":3},{"damage":5,"enemies":"Blue Slaver","floor":11,"turns":5},{"damage":0,"enemies":"Exordium Thugs","floor":12,"turns":5},{"damage":38,"enemies":"Gremlin Nob","floor":13,"turns":5},{"damage":0,"enemies":"2 Fungi Beasts","floor":14,"turns":4},{"damage":42,"enemies":"Hexaghost","floor":16,"turns":9}],"event_choices":[{"event_name":"World of Goop","player_choice":"Gather Gold","floor":2.0,"damage_taken":0.0},{"event_name":"Liars Game","player_choice":"agreed","floor":4,"damage_taken":0}],"boss_relics":[],"potions_floor_spawned":[5,8,13],"seed_played":"-8230908356979610704","killed_by":"Hexaghost","ascension_level":4,"is_trial":false}