{"path_per_floor":["M","M","M","$","$","E","?","E","T","R","M","M","E","?","R","B",null,"M","?","$","M","$","E","?","?","T","R","M","E","?","M","R","B",null,"M","T","?","M","?","R","E","?","T","?","R","M","M","$","R","B"],"character_chosen":"THE_SILENT","items_purchased":["Die Die Die","Ninja Scroll","Accuracy","Mercury Hourglass","Bronze Scales"],"gold_per_floor":[115,127,144,75,75,107,107,135,190,190,200,213,238,313,313,416,416,432,357,96,116,43,72,72,72,72,72,83,112,112,127,127,231,231,247,547,594,607,607,607,634,634,634,634,634,652,671,288,288,288],"floor_reached":51,"campfire_rested":1,"playtime":2895,"current_hp_per_floor":[75,75,75,75,75,47,47,35,35,35,35,30,20,9,32,12,77,71,71,71,71,71,57,57,57,57,57,53,53,53,53,53,27,77,77,77,77,74,74,74,74,74,74,77,77,77,77,77,77,11],"items_purged":[],"gold":288,"play_id":"d8c04f93-6064-4559-905f-ddfe9a589516","is_prod":false,"is_daily":false,"is_ascension_mode":false,"campfire_upgraded":6,"path_taken":["M","M","M","?","$","E","?","E","T","R","M","M","E","?","R","BOSS","M","?","?","M","$","E","?","?","T","R","M","E","?","M","R","BOSS","M","?","?","M","?","R","E","?","T","?","R","M","M","$","R","BOSS"],"build_version":"2018-02-01-PROD3","purchased_purges":0,"victory":true,"master_deck":["Defend_G","Defend_G","Defend_G","Defend_G","Defend_G","Strike_G","Strike_G","Survivor","Neutralize","Dagger Throw","Dagger Throw","Dagger Spray","Die Die Die","Finisher+1","Terror+1","Blade Dance+1","Dagger Spray","Dagger Spray","Die Die Die","Slice+1","Outmaneuver","Accuracy+1","Cloak And Dagger+1","Clumsy","Blur+1","Cloak And Dagger+1","Cloak And Dagger+1","Burst+1","Dodge and Roll+1","Parasite","Cloak And Dagger+1","Outmaneuver+1","Decay","Writhe","Accuracy+1","Flying Knee+1"],"max_hp_per_floor":[77,77,77,77,77,77,77,77,77,77,77,77,77,77,77,77,77,77,77,77,77,77,77,77,77,77,77,77,77,77,77,77,77,77,77,77,77,77,77,77,77,77,77,77,77,77,77,77,77,77],"relics":["Ring of the Snake","Mango","Ornamental Fan","Pantograph","Juzu Bracelet","Tough Bandages","Cursed Key","Ninja Scroll","Bottled Flame","Du-Vu Doll","Matryoshka","Philosopher\u0027s Stone","Vajra","Old Coin","Gambling Chip","Mummified Hand","Snake Skull","Unceasing Top","Mercury Hourglass","Bronze Scales"],"card_choices":[{"not_picked":["Acrobatics","Backflip"],"picked":"Dagger Throw"},{"not_picked":["Bane","Prepared"],"picked":"Dagger Throw"},{"not_picked":["Dagger Throw","Sucker Punch"],"picked":"Dagger Spray"},{"not_picked":["Calculated Gamble","Blur"],"picked":"Finisher"},{"not_picked":["Choke","Storm of Steel"],"picked":"Terror"},{"not_picked":["Choke","Bane"],"picked":"Blade Dance"},{"not_picked":["Malaise","Bane"],"picked":"Dagger Spray"},{"not_picked":["Choke","Skewer"],"picked":"Dagger Spray"},{"not_picked":["Glass Knife","A Thousand Cuts"],"picked":"Die Die Die"},{"not_picked":["Quick Slash","Infinite Blades"],"picked":"Slice"},{"not_picked":["Poisoned Stab","Sucker Punch"],"picked":"Outmaneuver"},{"not_picked":["Deflect","PiercingWail"],"picked":"Blur"},{"not_picked":["Wraith Form","Malaise"],"picked":"Cloak And Dagger"},{"not_picked":["Terror","PiercingWail"],"picked":"Cloak And Dagger"},{"not_picked":["Envenom","After Image"],"picked":"Burst"},{"not_picked":["Blur","Escape Plan"],"picked":"Dodge and Roll"},{"not_picked":["Backflip","Poisoned Stab"],"picked":"Cloak And Dagger"},{"not_picked":["Dagger Throw","PiercingWail"],"picked":"Outmaneuver"},{"not_picked":["Dagger Throw","Dodge and Roll"],"picked":"Accuracy"},{"not_picked":["Underhanded Strike","Accuracy"],"picked":"Flying Knee"}],"player_experience":69754,"potions_floor_usage":[6,13,23,28,33,50,50,50],"damage_taken":[{"damage":2,"enemies":"Blue Slaver","floor":1,"turns":6},{"damage":0,"enemies":"Cultist","floor":2,"turns":3},{"damage":0,"enemies":"Small Slimes","floor":3,"turns":3},{"damage":28,"enemies":"Lagavulin","floor":6,"turns":5},{"damage":12,"enemies":"3 Sentries","floor":8,"turns":4},{"damage":0,"enemies":"3 Louse","floor":11,"turns":2},{"damage":5,"enemies":"2 Fungi Beasts","floor":12,"turns":2},{"damage":10,"enemies":"Gremlin Nob","floor":13,"turns":3},{"damage":45,"enemies":"Hexaghost","floor":16,"turns":10},{"damage":6,"enemies":"Shell Parasite","floor":18,"turns":3},{"damage":0,"enemies":"Spheric Guardian","floor":21,"turns":2},{"damage":14,"enemies":"Book of Stabbing","floor":23,"turns":4},{"damage":4,"enemies":"Snake Plant","floor":28,"turns":3},{"damage":0,"enemies":"Gremlin Leader","floor":29,"turns":3},{"damage":0,"enemies":"Chosen and Byrds","floor":31,"turns":2},{"damage":50,"enemies":"Automaton","floor":33,"turns":8},{"damage":0,"enemies":"Orb Walker","floor":35,"turns":1},{"damage":0,"enemies":"Mysterious Sphere","floor":37,"turns":2},{"damage":3,"enemies":"3 Shapes","floor":38,"turns":2},{"damage":0,"enemies":"Nemesis","floor":41,"turns":1},{"damage":0,"enemies":"Sphere and 2 Shapes","floor":46,"turns":2},{"damage":0,"enemies":"4 Shapes","floor":47,"turns":2},{"damage":66,"enemies":"Awakened One","floor":50,"turns":8}],"event_choices":[{"event_name":"Liars Game","player_choice":"disagreed","floor":7,"damage_taken":0},{"event_name":"World of Goop","player_choice":"Gather Gold","floor":14,"damage_taken":0},{"event_name":"Beggar","player_choice":"Gave Gold","floor":19,"damage_taken":0},{"event_name":"The Library","player_choice":"Read","floor":24,"damage_taken":0},{"event_name":"Upgrade Shrine","player_choice":"Upgraded","floor":25,"damage_taken":0},{"event_name":"Drug Dealer","player_choice":"Ignored","floor":30,"damage_taken":0},{"event_name":"Mysterious Sphere","player_choice":"Fight","floor":37,"damage_taken":0},{"event_name":"Bonfire Elementals","player_choice":"BASIC","floor":39,"damage_taken":0},{"event_name":"Winding Halls","player_choice":"Writhe","floor":44,"damage_taken":0}],"boss_relics":[{"not_picked":["Question Card","Astrolabe"],"picked":"Cursed Key"},{"not_picked":["Velvet Choker","Runic Pyramid"],"picked":"Philosopher\u0027s Stone"}],"potions_floor_spawned":[2,8,12,16,18,28,29,33,35,38,47],"seed_played":"193061783106291425","ascension_level":0,"is_trial":false}