{"path_per_floor":["M","M","M","?","M","R","E","M","T","M","R","M","R","?","R"],"character_chosen":"DEFECT","items_purchased":[],"gold_per_floor":[114,127,147,147,165,165,225,243,269,280,280,296,296,546,546,546],"floor_reached":16,"campfire_rested":3,"playtime":2002,"item_purchase_floors":[],"current_hp_per_floor":[73,69,68,73,64,64,40,26,26,3,27,14,38,38,62,0],"items_purged":[],"gold":546,"score":154,"play_id":"5d35dd60-c77a-476c-87b7-84c665526549","local_time":"20180520185513","is_prod":false,"is_daily":false,"chose_seed":false,"is_ascension_mode":false,"campfire_upgraded":1,"timestamp":1526835313,"campfire_choices":[{"data":"Loop","floor":6,"key":"SMITH"},{"floor":11,"key":"REST"},{"floor":13,"key":"REST"},{"floor":15,"key":"REST"}],"path_taken":["M","M","M","?","M","R","E","M","T","M","R","M","R","?","R","BOSS"],"build_version":"2018-05-18","seed_source_timestamp":99035440164185,"purchased_purges":0,"victory":false,"master_deck":["Strike_B","Strike_B","Strike_B","Strike_B","Defend_B","Defend_B","Defend_B","Zap","Dualcast","Loop+1","Capacitor","Ball Lightning","Capacitor","Glacier","Regret"],"max_hp_per_floor":[75,75,75,80,80,80,80,80,80,80,80,80,80,80,80,80],"relics":["Cracked Core","Tiny Chest","Juzu Bracelet"],"card_choices":[{"not_picked":["Scrape","Turbo","Aggregate"],"picked":"SKIP","floor":1},{"not_picked":["Steam","Sweeping Beam","Fusion"],"picked":"SKIP","floor":2},{"not_picked":["Conserve Battery","Reprogram","Tempest"],"picked":"SKIP","floor":3},{"not_picked":["Skim","Streamline"],"picked":"Capacitor","floor":5},{"not_picked":["Steam","Gash"],"picked":"Ball Lightning","floor":7},{"not_picked":["Leap","Beam Cell","Hyperbeam"],"picked":"SKIP","floor":8},{"not_picked":["Steam Power","Sweeping Beam"],"picked":"Capacitor","floor":10},{"not_picked":["Beam Cell","Axe Kick"],"picked":"Glacier","floor":12}],"player_experience":121971,"potions_floor_usage":[2,5,7,8],"damage_taken":[{"damage":2,"enemies":"2 Louse","floor":1,"turns":3},{"damage":4,"enemies":"Small Slimes","floor":2,"turns":4},{"damage":1,"enemies":"Jaw Worm","floor":3,"turns":3},{"damage":9,"enemies":"Blue Slaver","floor":5,"turns":4},{"damage":24,"enemies":"Gremlin Nob","floor":7,"turns":4},{"damage":21,"enemies":"Exordium Thugs","floor":8,"turns":4},{"damage":23,"enemies":"Large Slime","floor":10,"turns":5},{"damage":13,"enemies":"Red Slaver","floor":12,"turns":2}],"relics_obtained":[{"floor":7,"key":"Tiny Chest"},{"floor":9,"key":"Juzu Bracelet"}],"event_choices":[{"event_name":"Big Fish","player_choice":"Donut","floor":4,"damage_taken":0},{"event_name":"Golden Shrine","player_choice":"Desecrate","floor":14,"damage_taken":0}],"boss_relics":[],"items_purged_floors":[],"potions_floor_spawned":[1,2,3,7],"seed_played":"-3348247780914393056","killed_by":"Hexaghost","ascension_level":0,"potions_obtained":[{"floor":1,"key":"SteroidPotion"},{"floor":2,"key":"FearPotion"},{"floor":3,"key":"Poison Potion"},{"floor":7,"key":"PowerPotion"}],"is_trial":false}