{"path_per_floor":["M","M","?","M","M","R","E","M","T","R","M","M","M","M","R","B",null,"M","?","$","?","M","R","E","R","T","$","M","M","M","M","R","B",null,"M","M","M","?","?","R","M","E","T","R","M","?","R","M","R","B"],"character_chosen":"IRONCLAD","items_purchased":["Gremlin Horn"],"gold_per_floor":[15,29,129,149,163,163,192,207,231,231,249,269,285,297,297,396,396,408,408,77,77,97,97,132,132,132,32,47,64,82,95,95,199,199,210,229,240,240,240,240,254,280,280,280,291,0,0,20,20,20],"floor_reached":51,"campfire_rested":4,"playtime":8164,"current_hp_per_floor":[80,80,80,80,74,74,40,27,27,27,28,22,28,24,48,8,80,64,64,64,64,47,47,51,51,65,65,65,76,76,65,93,67,94,84,78,79,79,79,79,73,38,38,66,57,57,85,86,86,40],"items_purged":["Strike_R","Strike_R"],"gold":20,"score":585,"play_id":"96b0aa09-ce90-4f03-9a72-ddad6baa9d9e","local_time":"20180305220734","is_prod":false,"is_daily":false,"is_ascension_mode":true,"campfire_upgraded":2,"timestamp":1520316454,"path_taken":["M","M","?","M","M","R","E","M","T","R","M","M","M","?","R","BOSS","M","?","$","?","M","R","E","R","T","$","M","M","M","M","R","BOSS","M","M","M","?","?","R","M","E","T","R","M","?","R","M","R","BOSS"],"build_version":"2018-03-01-PROD1","purchased_purges":2,"victory":true,"master_deck":["Strike_R+1","Strike_R","Strike_R+1","Defend_R","Defend_R+1","Defend_R","Armaments+1","Body Slam","Double Tap+1","Shrug It Off","Combust","True Grit+1","Rupture","Brutality","Shrug It Off","Disarm","Rupture","Combust","Shrug It Off","Twin Strike","Pummel+1","Berserk","Heavy Blade","Shrug It Off","Disarm+1","Rupture","Body Slam+1"],"max_hp_per_floor":[80,80,80,80,80,80,80,80,80,80,80,80,80,80,80,80,80,80,80,80,80,80,80,80,80,94,94,94,94,94,94,94,94,94,94,94,94,94,94,94,94,94,94,94,94,94,94,94,94,94],"relics":["Black Blood","Shovel","Shuriken","Prayer Wheel","Bronze Scales","Gremlin Horn","Ancient Tea Set","Bird Faced Urn","Whetstone","Mango","Runic Cube","Anchor","War Paint","Red Mask","Paper Frog"],"card_choices":[{"not_picked":["Body Slam","Flex"],"picked":"Armaments"},{"not_picked":["Flex","Clash"],"picked":"Body Slam"},{"not_picked":["Whirlwind","Iron Wave"],"picked":"Double Tap"},{"not_picked":["Iron Wave","Flex"],"picked":"Shrug It Off"},{"not_picked":["Battle Trance","Armaments"],"picked":"Combust"},{"not_picked":["Sever Soul","Rampage"],"picked":"True Grit"},{"not_picked":["Searing Blow","Body Slam"],"picked":"Rupture"},{"not_picked":["Berserk","Reaper"],"picked":"Brutality"},{"not_picked":["Cleave","Flame Barrier"],"picked":"Shrug It Off"},{"not_picked":["Flex","Second Wind"],"picked":"Rupture"},{"not_picked":["Armaments","Power Through"],"picked":"Combust"},{"not_picked":["Hemokinesis","Body Slam"],"picked":"Shrug It Off"},{"not_picked":["Perfected Strike","Heavy Blade"],"picked":"Twin Strike"},{"not_picked":["Warcry","Rampage"],"picked":"Pummel"},{"not_picked":["Immolate","Bludgeon"],"picked":"Berserk"},{"not_picked":["Thunderclap","Twin Strike"],"picked":"Heavy Blade"},{"not_picked":["Inflame","Headbutt"],"picked":"Shrug It Off"},{"not_picked":["Pommel Strike","Wild Strike"],"picked":"Disarm"},{"not_picked":["Wild Strike","Cleave"],"picked":"Rupture"},{"not_picked":["Hemokinesis","Warcry"],"picked":"Body Slam"}],"player_experience":85532,"potions_floor_usage":[13,16,24,24,31,35,42,50,50],"damage_taken":[{"damage":2,"enemies":"2 Louse","floor":1,"turns":4},{"damage":6,"enemies":"Cultist","floor":2,"turns":3},{"damage":3,"enemies":"Jaw Worm","floor":4,"turns":6},{"damage":12,"enemies":"Red Slaver","floor":5,"turns":6},{"damage":40,"enemies":"Lagavulin","floor":7,"turns":10},{"damage":19,"enemies":"Exordium Thugs","floor":8,"turns":5},{"damage":5,"enemies":"2 Fungi Beasts","floor":11,"turns":4},{"damage":12,"enemies":"3 Louse","floor":12,"turns":2},{"damage":0,"enemies":"Lots of Slimes","floor":13,"turns":2},{"damage":10,"enemies":"Blue Slaver","floor":14,"turns":4},{"damage":46,"enemies":"The Guardian","floor":16,"turns":12},{"damage":26,"enemies":"Shell Parasite","floor":18,"turns":8},{"damage":27,"enemies":"Spheric Guardian","floor":22,"turns":7},{"damage":21,"enemies":"Gremlin Leader","floor":24,"turns":8},{"damage":18,"enemies":"3 Cultists","floor":28,"turns":5},{"damage":9,"enemies":"Snake Plant","floor":29,"turns":5},{"damage":20,"enemies":"Centurion and Healer","floor":30,"turns":7},{"damage":31,"enemies":"Cultist and Chosen","floor":31,"turns":6},{"damage":45,"enemies":"Champ","floor":33,"turns":9},{"damage":26,"enemies":"3 Shapes","floor":35,"turns":6},{"damage":26,"enemies":"3 Darklings","floor":36,"turns":5},{"damage":21,"enemies":"Maw","floor":37,"turns":8},{"damage":28,"enemies":"4 Shapes","floor":41,"turns":8},{"damage":57,"enemies":"Nemesis","floor":42,"turns":7},{"damage":33,"enemies":"Sphere and 2 Shapes","floor":45,"turns":6},{"damage":17,"enemies":"3 Darklings","floor":48,"turns":5},{"damage":70,"enemies":"Time Eater","floor":50,"turns":8}],"event_choices":[{"event_name":"Wheel of Change","player_choice":"Gold","floor":3,"damage_taken":0},{"event_name":"The Mausoleum","player_choice":"No","floor":19,"damage_taken":0},{"event_name":"Transmorgrifier","player_choice":"Transform","floor":21,"damage_taken":0},{"event_name":"Mysterious Sphere","player_choice":"Ignore","floor":38,"damage_taken":0},{"event_name":"Purifier","player_choice":"One Purge","floor":39,"damage_taken":0},{"event_name":"Tomb of Lord Red Mask","player_choice":"Paid","floor":46,"damage_taken":0}],"boss_relics":[{"not_picked":["Astrolabe","Question Card"],"picked":"Black Blood"},{"not_picked":["Pandora\u0027s Box","Calling Bell"],"picked":"Runic Cube"}],"potions_floor_spawned":[1,5,8,12,16,22,28,29,33,35,42,45],"seed_played":"843403326378834028","ascension_level":1,"is_trial":false}