{"gold_per_floor":[367,383,160,140,160,195,211,211,211,246,258,270,325,325,325,325],"floor_reached":16,"playtime":667,"items_purged":["Strike_B"],"score":183,"play_id":"9b5cde0b-df45-407a-8a99-64e314a78130","local_time":"20181123235515","is_ascension_mode":true,"campfire_choices":[{"floor":8,"key":"REST"},{"floor":15,"key":"REST"}],"neow_cost":"PERCENT_DAMAGE","seed_source_timestamp":242421388872761,"circlet_count":0,"master_deck":["AscendersBane","Strike_B","Strike_B","Strike_B","Defend_B","Defend_B","Defend_B","Defend_B","Zap","Dualcast","Streamline","Gash","Defragment","Sunder","Machine Learning","Leap","Gash","Gash"],"relics":["Cracked Core","Regal Pillow","Strawberry","Bottled Flame","Tiny Chest"],"potions_floor_usage":[6,6,13,16],"damage_taken":[{"damage":7,"enemies":"Jaw Worm","floor":1,"turns":3},{"damage":1,"enemies":"Cultist","floor":2,"turns":3},{"damage":0,"enemies":"Small Slimes","floor":5,"turns":3},{"damage":11,"enemies":"Lagavulin","floor":6,"turns":6},{"damage":6,"enemies":"3 Louse","floor":7,"turns":3},{"damage":40,"enemies":"3 Sentries","floor":10,"turns":7},{"damage":0,"enemies":"Large Slime","floor":11,"turns":4},{"damage":4,"enemies":"2 Fungi Beasts","floor":12,"turns":2},{"damage":16,"enemies":"Gremlin Nob","floor":13,"turns":3},{"damage":51,"enemies":"Hexaghost","floor":16,"turns":9}],"seed_played":"-3097853652613214608","potions_obtained":[{"floor":2,"key":"Block Potion"},{"floor":4,"key":"EssenceOfSteel"},{"floor":5,"key":"Ancient Potion"},{"floor":11,"key":"Fire Potion"},{"floor":12,"key":"SkillPotion"}],"is_trial":false,"path_per_floor":["M","M","$","?","M","E","M","R","T","E","M","M","E","?","R","B"],"character_chosen":"DEFECT","items_purchased":["Defragment","Sunder"],"campfire_rested":2,"item_purchase_floors":[3,3],"current_hp_per_floor":[43,42,42,42,42,31,25,62,69,29,29,25,9,9,48,0],"gold":325,"neow_bonus":"TWO_FIFTY_GOLD","is_prod":false,"is_daily":false,"chose_seed":false,"campfire_upgraded":0,"win_rate":0,"timestamp":1543038915,"path_taken":["M","M","$","?","M","E","?","R","T","E","M","M","E","?","R","BOSS"],"build_version":"2018-11-15","purchased_purges":1,"victory":false,"max_hp_per_floor":[75,75,75,75,75,75,75,75,82,82,82,82,82,82,82,82],"card_choices":[{"not_picked":["Conserve Battery","Capacitor"],"picked":"Streamline","floor":1},{"not_picked":["White Noise","Go for the Eyes"],"picked":"Gash","floor":2},{"not_picked":["Hologram","Melter","Compile Driver"],"picked":"SKIP","floor":5},{"not_picked":["Darkness","Go for the Eyes","Reinforced Body"],"picked":"SKIP","floor":6},{"not_picked":["Recycle","Barrage"],"picked":"Machine Learning","floor":7},{"not_picked":["Streamline","Steam Power"],"picked":"Leap","floor":10},{"not_picked":["Leap","Capacitor"],"picked":"Gash","floor":11},{"not_picked":["Conserve Battery","Doom and Gloom","Barrage"],"picked":"SKIP","floor":12},{"not_picked":["Beam Cell","Rebound"],"picked":"Gash","floor":13}],"player_experience":221348,"relics_obtained":[{"floor":6,"key":"Regal Pillow"},{"floor":9,"key":"Strawberry"},{"floor":10,"key":"Bottled Flame"},{"floor":13,"key":"Tiny Chest"}],"event_choices":[{"damage_healed":0,"gold_gain":0,"player_choice":"Bought 1 Potion","damage_taken":0,"max_hp_gain":0,"max_hp_loss":0,"event_name":"The Woman in Blue","floor":4,"gold_loss":0},{"damage_healed":0,"gold_gain":0,"player_choice":"Ignored","damage_taken":0,"max_hp_gain":0,"max_hp_loss":0,"event_name":"Liars Game","floor":14,"gold_loss":0}],"is_beta":false,"boss_relics":[],"items_purged_floors":[3],"is_endless":false,"potions_floor_spawned":[2,5,11,12],"killed_by":"Hexaghost","ascension_level":10}