{"gold_per_floor":[115,132,82,31,31,63,63,63,89,89,114,114,152,168,168,297,297,320,320,330,344,22,22,34,34,105,121,121,131,131,131,131,131],"floor_reached":33,"playtime":996,"items_purged":["Regret"],"score":280,"play_id":"3d509043-15c7-433f-8334-148943d7a16f","local_time":"20190121005123","is_ascension_mode":false,"campfire_choices":[{"floor":10,"key":"RECALL"},{"data":"True Grit","floor":12,"key":"SMITH"},{"data":"Body Slam","floor":15,"key":"SMITH"},{"floor":23,"key":"REST"},{"data":"Clothesline","floor":25,"key":"SMITH"},{"floor":30,"key":"REST"},{"data":"Perfected Strike","floor":32,"key":"SMITH"}],"neow_cost":"NONE","seed_source_timestamp":8197045700734,"circlet_count":0,"master_deck":["Strike_R+1","Strike_R+1","Strike_R+1","Strike_R+1","Defend_R+1","Defend_R+1","Defend_R+1","Defend_R+1","Clothesline+1","Perfected Strike+1","Body Slam+1","True Grit+1","Headbutt+1","Pommel Strike+1","Perfected Strike+1","True Grit+1"],"relics":["Burning Blood","NeowsBlessing","Boot","Oddly Smooth Stone","Bloody Idol","Molten Egg 2","Lantern","Bag of Marbles","Runic Pyramid","Bottled Lightning","Toxic Egg 2"],"potions_floor_usage":[13,18,21,27,29],"damage_taken":[{"damage":0,"enemies":"Small Slimes","floor":1,"turns":1},{"damage":0,"enemies":"2 Louse","floor":2,"turns":1},{"damage":0,"enemies":"Lagavulin","floor":6,"turns":1},{"damage":0,"enemies":"Jaw Worm","floor":11,"turns":3},{"damage":15,"enemies":"Gremlin Nob","floor":13,"turns":4},{"damage":7,"enemies":"Looter","floor":14,"turns":2},{"damage":38,"enemies":"The Guardian","floor":16,"turns":16},{"damage":16,"enemies":"Shell Parasite","floor":18,"turns":5},{"damage":18,"enemies":"Spheric Guardian","floor":20,"turns":4},{"damage":35,"enemies":"Centurion and Healer","floor":21,"turns":6},{"damage":8,"enemies":"Snake Plant","floor":24,"turns":4},{"damage":26,"enemies":"3 Cultists","floor":27,"turns":6},{"damage":30,"enemies":"Sentry and Sphere","floor":29,"turns":5},{"damage":101,"enemies":"Champ","floor":33,"turns":18}],"seed_played":"-2993214756572162365","potions_obtained":[{"floor":2,"key":"Strength Potion"},{"floor":14,"key":"EssenceOfSteel"},{"floor":16,"key":"PowerPotion"},{"floor":18,"key":"Swift Potion"},{"floor":24,"key":"Fire Potion"},{"floor":27,"key":"Regen Potion"}],"is_trial":false,"path_per_floor":["M","M","?","$","?","E","?","T","T","R","M","R","E","M","R","B",null,"M","?","M","M","$","R","M","R","T","M","?","M","R","?","R","B"],"character_chosen":"IRONCLAD","items_purchased":["Body Slam","Bottled Lightning"],"campfire_rested":2,"item_purchase_floors":[4,22],"current_hp_per_floor":[80,80,80,80,80,80,60,60,60,60,66,66,57,56,56,24,80,70,70,63,39,39,63,66,66,71,56,56,51,75,75,75,0],"gold":131,"neow_bonus":"THREE_ENEMY_KILL","is_prod":false,"is_daily":false,"chose_seed":false,"campfire_upgraded":4,"win_rate":0,"timestamp":1548049883,"path_taken":["M","M","?","$","?","E","?","?","T","R","M","R","E","?","R","BOSS","M","?","M","M","$","R","M","R","T","M","?","M","R","?","R","BOSS"],"build_version":"2019-01-17v2","purchased_purges":1,"victory":false,"max_hp_per_floor":[80,80,80,80,80,80,80,80,80,80,80,80,80,80,80,80,80,80,80,80,80,80,80,80,80,80,80,80,80,80,80,80,80],"card_choices":[{"not_picked":["Thunderclap","Infernal Blade"],"picked":"Clothesline","floor":1},{"not_picked":["Wild Strike","Iron Wave"],"picked":"Perfected Strike","floor":2},{"not_picked":["Juggernaut","Rupture"],"picked":"True Grit","floor":6},{"not_picked":["Iron Wave+1","Blood for Blood+1"],"picked":"Headbutt+1","floor":11},{"not_picked":["Intimidate","Pummel+1"],"picked":"Pommel Strike+1","floor":13},{"not_picked":["Flame Barrier","Flex","Wild Strike+1"],"picked":"SKIP","floor":14},{"not_picked":["Power Through+1","Blood for Blood+1","Headbutt+1"],"picked":"SKIP","floor":18},{"not_picked":["Second Wind","Fire Breathing","Wild Strike+1"],"picked":"SKIP","floor":20},{"not_picked":["Entrench","Thunderclap+1","Cleave+1"],"picked":"SKIP","floor":21},{"not_picked":["Impervious","Sword Boomerang+1"],"picked":"Perfected Strike+1","floor":24},{"not_picked":["Reckless Charge+1","Feel No Pain","Wild Strike+1"],"picked":"SKIP","floor":27},{"not_picked":["Entrench+1","Armaments+1"],"picked":"True Grit+1","floor":29}],"player_experience":554972,"relics_obtained":[{"floor":6,"key":"Oddly Smooth Stone"},{"floor":8,"key":"Molten Egg 2"},{"floor":9,"key":"Lantern"},{"floor":13,"key":"Bag of Marbles"},{"floor":26,"key":"Toxic Egg 2"}],"event_choices":[{"cards_removed":["Strike_R"],"damage_healed":0,"gold_gain":0,"player_choice":"Card Removal","damage_taken":0,"max_hp_gain":0,"max_hp_loss":0,"event_name":"The Cleric","floor":3,"gold_loss":50},{"damage_healed":0,"gold_gain":0,"player_choice":"Box","damage_taken":0,"relics_obtained":["Boot"],"max_hp_gain":0,"max_hp_loss":0,"event_name":"Big Fish","floor":5,"gold_loss":0,"cards_obtained":["Regret"]},{"damage_healed":0,"gold_gain":0,"player_choice":"Take Damage","damage_taken":20,"relics_obtained":["Golden Idol"],"max_hp_gain":0,"max_hp_loss":0,"event_name":"Golden Idol","floor":7,"gold_loss":0},{"damage_healed":0,"gold_gain":0,"player_choice":"Gave Idol","damage_taken":0,"relics_obtained":["Bloody Idol"],"max_hp_gain":0,"max_hp_loss":0,"event_name":"Forgotten Altar","floor":19,"relics_lost":["Golden Idol"],"gold_loss":0},{"damage_healed":0,"gold_gain":0,"player_choice":"Simplicity","damage_taken":0,"max_hp_gain":0,"max_hp_loss":0,"event_name":"Back to Basics","floor":28,"gold_loss":0,"cards_upgraded":["Strike_R","Strike_R","Strike_R","Strike_R","Defend_R","Defend_R","Defend_R","Defend_R"]},{"cards_removed":["Bash"],"damage_healed":0,"gold_gain":0,"player_choice":"Purged","damage_taken":0,"max_hp_gain":0,"max_hp_loss":0,"event_name":"Purifier","floor":31,"gold_loss":0}],"is_beta":false,"boss_relics":[{"not_picked":["Orrery","Ectoplasm"],"picked":"Runic Pyramid"}],"items_purged_floors":[22],"is_endless":false,"potions_floor_spawned":[2,14,16,18,24,27],"killed_by":"Champ","ascension_level":0}