{"path_per_floor":["M","M","?","M","?","R","E","M","T","M","$","M","E","M","R","B",null,"M","?","?","$","?","E","R","?","T","R","M","R","T","M","R","B",null,"M","$","M","?","M","R","M","E","T","E","M","E","$","M","R","B"],"character_chosen":"IRONCLAD","items_purchased":["Molten Egg 2","Singing Bowl","Bottled Tornado","Pommel Strike"],"gold_per_floor":[118,136,211,227,402,402,431,448,473,491,19,38,72,92,92,193,193,208,108,108,8,8,42,42,132,244,244,254,254,254,271,271,367,367,384,13,24,78,92,92,110,144,214,247,257,290,118,138,138,138],"floor_reached":51,"campfire_rested":2,"playtime":2272,"current_hp_per_floor":[80,79,68,67,67,67,32,32,39,34,34,34,34,30,60,19,101,101,101,81,81,81,75,75,59,59,59,57,57,57,55,88,54,110,111,111,89,96,95,95,111,111,111,98,112,98,98,94,94,85],"items_purged":["Doubt","Defend_R","Defend_R","Defend_R"],"gold":138,"score":904,"play_id":"b10d6b34-e5f8-4442-abac-b8bd255972db","local_time":"20180331111854","is_prod":false,"is_daily":false,"is_ascension_mode":true,"campfire_upgraded":6,"timestamp":1522487934,"path_taken":["M","M","?","M","?","R","E","M","T","M","$","?","E","M","R","BOSS","M","?","?","$","?","E","R","?","T","R","?","R","?","M","R","BOSS","M","$","?","?","M","R","M","E","T","E","M","E","$","M","R","BOSS"],"build_version":"2018-03-29v2","purchased_purges":4,"victory":true,"master_deck":["Strike_R","Strike_R","Strike_R","Strike_R","Strike_R","Defend_R+1","Bash+1","Pommel Strike+1","Headbutt","Shrug It Off+1","Spot Weakness","Heavy Blade+1","Offering","Headbutt+1","Reaper+1","Flex+1","Fiend Fire+1","Clothesline+1","J.A.X.","Demon Form+1","Reaper+1","Heavy Blade+1","Seeing Red+1","Perfected Strike+1","Sword Boomerang+1","Double Tap+1","Pain","Metallicize+1","Inflame+1","Pommel Strike+1","Shockwave+1"],"max_hp_per_floor":[80,80,80,80,80,80,80,80,87,87,87,87,101,101,101,101,101,101,101,106,106,106,106,106,106,106,106,108,108,108,110,110,110,110,112,112,112,112,112,112,112,112,112,112,112,114,114,114,114,114],"relics":["Sozu","Matryoshka","Strawberry","Lantern","Molten Egg 2","Singing Bowl","Mango","Runic Dome","Orichalcum","Tiny Chest","Toolbox","Torii","Cursed Key","Bottled Tornado","Calipers","Bird Faced Urn","Toxic Egg 2","War Paint","Pen Nib"],"card_choices":[{"not_picked":["Exhume","Iron Wave"],"picked":"Pommel Strike","floor":1},{"not_picked":["Clash","Rampage"],"picked":"Headbutt","floor":2},{"not_picked":["Evolve","Iron Wave"],"picked":"Shrug It Off","floor":4},{"not_picked":["Warcry","Armaments"],"picked":"Spot Weakness","floor":7},{"not_picked":["Twin Strike","Second Wind"],"picked":"Heavy Blade","floor":8},{"not_picked":["Sever Soul","Spot Weakness"],"picked":"Offering","floor":10},{"not_picked":["Pommel Strike","Fire Breathing"],"picked":"Headbutt","floor":12},{"not_picked":["Rampage","Carnage"],"picked":"Reaper","floor":13},{"not_picked":["Body Slam","Thunderclap"],"picked":"Flex","floor":14},{"not_picked":["Impervious","Double Tap"],"picked":"Fiend Fire","floor":16},{"not_picked":["Body Slam","Reckless Charge"],"picked":"Clothesline","floor":18},{"not_picked":["Searing Blow","True Grit"],"picked":"Demon Form","floor":23},{"not_picked":["Juggernaut","Dark Embrace"],"picked":"Reaper","floor":33},{"not_picked":["Demon Form","Perfected Strike"],"picked":"Heavy Blade","floor":37},{"not_picked":["Shrug It Off","Havoc"],"picked":"Seeing Red","floor":38},{"not_picked":["Intimidate","True Grit"],"picked":"Perfected Strike","floor":39},{"not_picked":["Sentinel","Spot Weakness"],"picked":"Sword Boomerang","floor":41},{"not_picked":["Rage","Clothesline"],"picked":"Double Tap","floor":42},{"not_picked":["Body Slam","Power Through"],"picked":"Metallicize","floor":44},{"not_picked":["Shrug It Off","Thunderclap"],"picked":"Inflame","floor":45},{"not_picked":["Rage","Clash"],"picked":"Shockwave","floor":48}],"player_experience":160753,"potions_floor_usage":[],"damage_taken":[{"damage":0,"enemies":"Small Slimes","floor":1,"turns":2},{"damage":1,"enemies":"Jaw Worm","floor":2,"turns":2},{"damage":1,"enemies":"2 Louse","floor":4,"turns":2},{"damage":35,"enemies":"Lagavulin","floor":7,"turns":7},{"damage":0,"enemies":"Large Slime","floor":8,"turns":5},{"damage":5,"enemies":"Exordium Wildlife","floor":10,"turns":3},{"damage":0,"enemies":"Looter","floor":12,"turns":2},{"damage":14,"enemies":"Gremlin Nob","floor":13,"turns":3},{"damage":9,"enemies":"Exordium Thugs","floor":14,"turns":2},{"damage":46,"enemies":"Slime Boss","floor":16,"turns":11},{"damage":0,"enemies":"Spheric Guardian","floor":18,"turns":2},{"damage":30,"enemies":"Gremlin Leader","floor":23,"turns":5},{"damage":4,"enemies":"2 Thieves","floor":28,"turns":2},{"damage":4,"enemies":"Snake Plant","floor":31,"turns":2},{"damage":34,"enemies":"Automaton","floor":33,"turns":6},{"damage":5,"enemies":"3 Shapes","floor":35,"turns":3},{"damage":23,"enemies":"3 Darklings","floor":37,"turns":3},{"damage":34,"enemies":"Mysterious Sphere","floor":38,"turns":3},{"damage":26,"enemies":"Sphere and 2 Shapes","floor":39,"turns":4},{"damage":2,"enemies":"4 Shapes","floor":41,"turns":4},{"damage":12,"enemies":"Giant Head","floor":42,"turns":5},{"damage":34,"enemies":"2 Orb Walkers","floor":44,"turns":3},{"damage":10,"enemies":"3 Darklings","floor":45,"turns":3},{"damage":21,"enemies":"Nemesis","floor":46,"turns":3},{"damage":6,"enemies":"Sphere and 2 Shapes","floor":48,"turns":3},{"damage":34,"enemies":"Time Eater","floor":50,"turns":4}],"event_choices":[{"event_name":"World of Goop","player_choice":"Gather Gold","floor":3,"damage_taken":0},{"event_name":"Liars Game","player_choice":"agreed","floor":5,"damage_taken":0},{"event_name":"Drug Dealer","player_choice":"Got JAXXED","floor":19,"damage_taken":0},{"event_name":"Forgotten Altar","player_choice":"Shed Blood","floor":20,"damage_taken":0},{"event_name":"Ghosts","player_choice":"Ignored","floor":22,"damage_taken":0},{"event_name":"Knowing Skull","player_choice":"GOLD ","floor":25,"damage_taken":0},{"event_name":"Mysterious Sphere","player_choice":"Fight","floor":38,"damage_taken":0}],"boss_relics":[{"not_picked":["Pandora\u0027s Box","Eternal Feather"],"picked":"Runic Dome"},{"not_picked":["Black Star","Orrery"],"picked":"Cursed Key"}],"potions_floor_spawned":[1,4,10,13,16,23,31,37,38,42,44,46,48],"seed_played":"-5537616439653613411","ascension_level":1,"is_trial":false}