{"gold_per_floor":[144,189,189,38,38,38,128,173,248,293,248,338,338,238,238,538,538,583,628,353,353,398,488,488,578,578,653,743,1043,1088,1133,1133,1433,1433,1478,1478,1778,1778,1778,1868,1125,1170,1170,1215,1305,1350,1350,1395,1395,1395],"floor_reached":51,"playtime":2948,"items_purged":["Strike_R","Defend_R","Strike_G","Defend_B"],"score":948,"play_id":"8fb43d85-b079-4e7e-9b51-c423d73ae4e0","local_time":"20190216195543","daily_mods":["Chimera","Time Dilation","Midas"],"is_ascension_mode":false,"campfire_choices":[{"floor":6,"key":"REST"},{"floor":13,"key":"REST"},{"floor":15,"key":"REST"},{"floor":24,"key":"REST"},{"floor":32,"key":"REST"},{"floor":49,"key":"REST"}],"neow_cost":"","seed_source_timestamp":0,"circlet_count":0,"master_deck":["Survivor","Zap","Ball Lightning+1","Chill+1","Gash","Cold Snap","Gash","Glacier","Core Surge+1","Ball Lightning+1","Genetic Algorithm+1","Gash+1","Coolheaded+1","Coolheaded+1","Seek+1","Beam Cell+1","Apotheosis+1","Flash of Steel+1","Blizzard+1","Master of Strategy+1","Blizzard+1","Hologram+1","Seek+1"],"special_seed":17944,"relics":["Cracked Core","Bag of Preparation","Mercury Hourglass","Molten Egg 2","Lizard Tail","Bag of Marbles","MutagenicStrength","Toxic Egg 2","Letter Opener","Emotion Chip","Singing Bowl","StoneCalendar","Ginger","Mummified Hand","Empty Cage","FossilizedHelix","Smiling Mask","ClockworkSouvenir","Pen Nib","PreservedInsect","Blue Candle","Bronze Scales"],"potions_floor_usage":[33,50,50,50],"damage_taken":[{"damage":6,"enemies":"Jaw Worm","floor":1,"turns":3},{"damage":0,"enemies":"Small Slimes","floor":2,"turns":3},{"damage":2,"enemies":"3 Sentries","floor":7,"turns":5},{"damage":0,"enemies":"2 Louse","floor":8,"turns":2},{"damage":0,"enemies":"Exordium Wildlife","floor":10,"turns":2},{"damage":4,"enemies":"Lagavulin","floor":12,"turns":5},{"damage":32,"enemies":"Hexaghost","floor":16,"turns":6},{"damage":0,"enemies":"3 Byrds","floor":18,"turns":4},{"damage":0,"enemies":"2 Thieves","floor":19,"turns":3},{"damage":0,"enemies":"Centurion and Healer","floor":22,"turns":4},{"damage":6,"enemies":"Book of Stabbing","floor":23,"turns":3},{"damage":0,"enemies":"Slavers","floor":25,"turns":3},{"damage":21,"enemies":"Book of Stabbing","floor":28,"turns":4},{"damage":0,"enemies":"Colosseum Slavers","floor":29,"turns":2},{"damage":0,"enemies":"Colosseum Nobs","floor":29,"turns":3},{"damage":5,"enemies":"3 Cultists","floor":30,"turns":3},{"damage":0,"enemies":"Snecko","floor":31,"turns":2},{"damage":42,"enemies":"Automaton","floor":33,"turns":9},{"damage":0,"enemies":"3 Shapes","floor":35,"turns":2},{"damage":0,"enemies":"Mind Bloom Boss Battle","floor":37,"turns":4},{"damage":0,"enemies":"Giant Head","floor":40,"turns":5},{"damage":0,"enemies":"3 Darklings","floor":42,"turns":1},{"damage":0,"enemies":"Maw","floor":44,"turns":3},{"damage":0,"enemies":"Reptomancer","floor":45,"turns":2},{"damage":0,"enemies":"Jaw Worm Horde","floor":46,"turns":2},{"damage":0,"enemies":"Transient","floor":48,"turns":5},{"damage":0,"enemies":"Awakened One","floor":50,"turns":5}],"seed_played":"3988833726402513641","potions_obtained":[{"floor":2,"key":"LiquidBronze"},{"floor":8,"key":"Fire Potion"},{"floor":10,"key":"PowerPotion"},{"floor":19,"key":"Strength Potion"},{"floor":37,"key":"FocusPotion"}],"is_trial":false,"path_per_floor":["M","M","?","$","?","R","E","M","T","M","?","E","R","$","R","B",null,"M","M","$","?","M","E","R","E","T","T","E","?","M","M","R","B",null,"M","?","?","?","?","E","$","M","T","M","E","M","?","M","R","B",null],"character_chosen":"DEFECT","items_purchased":["Gash","Cold Snap","Bag of Marbles","ClockworkSouvenir","Pen Nib","PreservedInsect","Master of Strategy+1"],"campfire_rested":6,"item_purchase_floors":[4,4,20,41,41,41,41],"current_hp_per_floor":[69,69,54,54,47,69,67,67,67,67,67,63,75,75,75,43,75,75,75,75,75,75,69,75,75,75,75,54,54,49,49,71,29,75,75,70,72,72,72,72,72,72,72,72,74,74,74,76,77,77],"gold":1395,"neow_bonus":"","is_prod":false,"is_daily":true,"chose_seed":false,"campfire_upgraded":0,"win_rate":0,"timestamp":1550375743,"path_taken":["M","M","?","$","?","R","E","M","T","?","?","E","R","$","R","BOSS","M","M","$","?","M","E","R","E","T","?","E","?","M","M","R","BOSS","M","?","?","?","?","E","$","M","T","M","E","?","?","M","R","BOSS"],"build_version":"2019-01-23","purchased_purges":4,"victory":true,"max_hp_per_floor":[75,75,75,75,75,75,75,75,75,75,75,75,75,75,75,75,75,75,75,75,75,75,75,75,75,75,75,75,75,75,75,75,75,75,75,75,77,73,73,73,73,73,73,73,75,75,75,77,77,77],"card_choices":[{"not_picked":["Rebound","Hologram"],"picked":"Ball Lightning","floor":1},{"not_picked":["Redo","Lockon"],"picked":"Chill","floor":2},{"not_picked":["Hello World","Chill"],"picked":"Gash","floor":7},{"not_picked":["Streamline","Ball Lightning","Recycle"],"picked":"SKIP","floor":8},{"not_picked":["Chaos","Gash"],"picked":"Glacier","floor":10},{"not_picked":["Redo","Rebound"],"picked":"Core Surge","floor":12},{"not_picked":["Tempest+1","Redo","Rebound+1"],"picked":"SKIP","floor":18},{"not_picked":["Loop","Leap","Compile Driver+1"],"picked":"SKIP","floor":19},{"not_picked":["Chill+1","Consume"],"picked":"Ball Lightning+1","floor":22},{"not_picked":["Amplify","Storm+1","Doom and Gloom+1"],"picked":"SKIP","floor":23},{"not_picked":["Conserve Battery+1","Ball Lightning+1"],"picked":"Genetic Algorithm+1","floor":25},{"not_picked":["Stack+1","Go for the Eyes+1"],"picked":"Gash+1","floor":28},{"not_picked":["Ball Lightning+1","Reinforced Body+1"],"picked":"Coolheaded+1","floor":29},{"not_picked":["Ball Lightning+1","Turbo+1"],"picked":"Reinforced Body+1","floor":30},{"not_picked":["Turbo+1","Redo+1"],"picked":"Coolheaded+1","floor":31},{"not_picked":["Buffer","Creative AI"],"picked":"Seek+1","floor":33},{"not_picked":["Aggregate+1","Conserve Battery+1"],"picked":"Beam Cell+1","floor":35},{"not_picked":["Good Instincts+1","Secret Weapon+1"],"picked":"Apotheosis+1","floor":36},{"not_picked":["Dark Shackles+1","Blind+1"],"picked":"Flash of Steel+1","floor":36},{"not_picked":["Chaos+1","Barrage+1","Genetic Algorithm+1"],"picked":"Singing Bowl","floor":37},{"not_picked":["Amplify+1","Glacier+1"],"picked":"Blizzard+1","floor":40},{"not_picked":["Storm","Ball Lightning+1"],"picked":"Blizzard+1","floor":42},{"not_picked":["Turbo+1","Go for the Eyes+1"],"picked":"Hologram+1","floor":44},{"not_picked":["Self Repair+1","Conserve Battery+1","Cold Snap+1"],"picked":"Singing Bowl","floor":45},{"not_picked":["Fusion+1","Reprogram+1"],"picked":"Seek+1","floor":46},{"not_picked":["Fusion+1","Stack+1","Melter+1"],"picked":"Singing Bowl","floor":48}],"player_experience":646077,"relics_obtained":[{"floor":7,"key":"Bag of Preparation"},{"floor":9,"key":"Mercury Hourglass"},{"floor":12,"key":"Molten Egg 2"},{"floor":23,"key":"Toxic Egg 2"},{"floor":25,"key":"Letter Opener"},{"floor":26,"key":"Emotion Chip"},{"floor":27,"key":"Singing Bowl"},{"floor":28,"key":"StoneCalendar"},{"floor":29,"key":"Ginger"},{"floor":29,"key":"Mummified Hand"},{"floor":37,"key":"FossilizedHelix"},{"floor":40,"key":"Smiling Mask"},{"floor":43,"key":"Blue Candle"},{"floor":45,"key":"Bronze Scales"}],"event_choices":[{"damage_healed":0,"gold_gain":0,"player_choice":"Entered Light","damage_taken":15,"max_hp_gain":0,"max_hp_loss":0,"event_name":"Shining Light","floor":3,"gold_loss":0,"cards_upgraded":["Chill","Ball Lightning"]},{"cards_removed":["Strike_B"],"damage_healed":0,"gold_gain":0,"player_choice":"Card Removal","damage_taken":7,"max_hp_gain":0,"max_hp_loss":0,"event_name":"Golden Wing","floor":5,"gold_loss":0},{"damage_healed":0,"gold_gain":0,"player_choice":"Left Gold","damage_taken":0,"max_hp_gain":0,"max_hp_loss":0,"event_name":"World of Goop","floor":11,"gold_loss":45},{"damage_healed":0,"gold_gain":0,"player_choice":"Inject Mutagens","damage_taken":0,"relics_obtained":["MutagenicStrength"],"max_hp_gain":0,"max_hp_loss":0,"event_name":"Drug Dealer","floor":21,"gold_loss":0},{"damage_healed":0,"gold_gain":0,"player_choice":"Fight","damage_taken":0,"max_hp_gain":0,"max_hp_loss":0,"event_name":"Colosseum","floor":29,"gold_loss":0},{"damage_healed":0,"gold_gain":0,"player_choice":"Fought Nobs","damage_taken":0,"max_hp_gain":0,"max_hp_loss":0,"event_name":"Colosseum","floor":29,"gold_loss":0},{"damage_healed":0,"gold_gain":0,"player_choice":"Memory 2","damage_taken":5,"max_hp_gain":0,"max_hp_loss":0,"event_name":"SensoryStone","floor":36,"gold_loss":0},{"damage_healed":0,"gold_gain":0,"player_choice":"Fight","damage_taken":0,"max_hp_gain":0,"max_hp_loss":0,"event_name":"MindBloom","floor":37,"gold_loss":0},{"damage_healed":0,"gold_gain":0,"player_choice":"Max HP","damage_taken":0,"max_hp_gain":0,"max_hp_loss":4,"event_name":"Winding Halls","floor":38,"gold_loss":0},{"damage_healed":0,"gold_gain":0,"player_choice":"Ignored","damage_taken":0,"max_hp_gain":0,"max_hp_loss":0,"event_name":"Tomb of Lord Red Mask","floor":39,"gold_loss":0},{"cards_removed":["Reinforced Body"],"damage_healed":0,"gold_gain":0,"player_choice":"Removed Skill","damage_taken":0,"max_hp_gain":0,"max_hp_loss":0,"event_name":"Falling","floor":47,"gold_loss":0}],"is_beta":false,"boss_relics":[{"not_picked":["Runic Dome","Eternal Feather"],"picked":"Lizard Tail"},{"not_picked":["FrozenCore","Philosopher\u0027s Stone"],"picked":"Empty Cage"}],"items_purged_floors":[4,14,20,41],"is_endless":false,"potions_floor_spawned":[2,8,10,16,19,23,28,29,30,31,37,45,48],"ascension_level":0}