{"gold_per_floor":[118,118,132,132,144,178,178,178,178,212,227,175,193,210,210,310,310,323,323,323,193,208,234,234,234,281,309,321,321,338,349,349,452,452,466,466,36,53,0,31,31,49,49,69,103,126,144,161,161,161],"floor_reached":51,"playtime":3276,"items_purged":["Riddle With Holes"],"score":809,"play_id":"3c1d6deb-ee57-47ae-927f-ff2b061f433b","local_time":"20190224134320","is_ascension_mode":false,"campfire_choices":[{"floor":7,"key":"REST"},{"floor":15,"key":"REST"},{"floor":24,"key":"REST"},{"floor":29,"key":"REST"},{"floor":32,"key":"REST"},{"floor":41,"key":"REST"},{"floor":49,"key":"REST"}],"neow_cost":"NONE","seed_source_timestamp":109022056136548,"circlet_count":0,"master_deck":["Survivor","Neutralize","Bane","Noxious Fumes","Bane","Crippling Poison","Crippling Poison+1","Well Laid Plans","Deadly Poison+1","Backflip+1","Corpse Explosion+1","Prepared+1","Enlightenment+1","Deadly Poison+1","Deadly Poison+1","Wraith Form v2","Backflip+1","Corpse Explosion+1","Riddle With Holes","Dagger Spray","Catalyst+1","Setup+1","Well Laid Plans","Quick Slash","Corpse Explosion+1","Wraith Form v2","Quick Slash","Poisoned Stab+1","Bandage Up+1","Bullet Time+1","Escape Plan+1","Catalyst+1","Night Terror+1"],"relics":["Ring of the Snake","Centennial Puzzle","Dodecahedron","Blue Candle","Singing Bowl","Toxic Egg 2","Omamori","Fusion Hammer","Nloth\u0027s Gift","Orichalcum","Gambling Chip","Pandora\u0027s Box","Blood Vial","ClockworkSouvenir","Red Mask","FossilizedHelix","Dead Branch","Du-Vu Doll","Dream Catcher"],"potions_floor_usage":[16,16,22,33,33,40,50,50],"damage_taken":[{"damage":0,"enemies":"Cultist","floor":1,"turns":4},{"damage":1,"enemies":"Jaw Worm","floor":3,"turns":4},{"damage":2,"enemies":"Small Slimes","floor":5,"turns":3},{"damage":20,"enemies":"Gremlin Nob","floor":6,"turns":5},{"damage":13,"enemies":"3 Sentries","floor":10,"turns":6},{"damage":8,"enemies":"Exordium Wildlife","floor":11,"turns":3},{"damage":1,"enemies":"Red Slaver","floor":13,"turns":4},{"damage":2,"enemies":"Looter","floor":14,"turns":2},{"damage":21,"enemies":"Slime Boss","floor":16,"turns":9},{"damage":2,"enemies":"Spheric Guardian","floor":18,"turns":3},{"damage":6,"enemies":"Chosen","floor":22,"turns":3},{"damage":11,"enemies":"Gremlin Leader","floor":23,"turns":5},{"damage":21,"enemies":"Book of Stabbing","floor":27,"turns":5},{"damage":0,"enemies":"Snecko","floor":28,"turns":4},{"damage":0,"enemies":"Snake Plant","floor":30,"turns":3},{"damage":25,"enemies":"Shelled Parasite and Fungi","floor":31,"turns":5},{"damage":22,"enemies":"Champ","floor":33,"turns":10},{"damage":3,"enemies":"3 Darklings","floor":35,"turns":2},{"damage":7,"enemies":"3 Shapes","floor":38,"turns":3},{"damage":0,"enemies":"Nemesis","floor":40,"turns":5},{"damage":0,"enemies":"3 Darklings","floor":42,"turns":2},{"damage":0,"enemies":"Sphere and 2 Shapes","floor":44,"turns":2},{"damage":0,"enemies":"Giant Head","floor":45,"turns":5},{"damage":1,"enemies":"Writhing Mass","floor":47,"turns":4},{"damage":5,"enemies":"4 Shapes","floor":48,"turns":2},{"damage":27,"enemies":"Awakened One","floor":50,"turns":5}],"seed_played":"-4740913794867181010","potions_obtained":[{"floor":6,"key":"Swift Potion"},{"floor":10,"key":"Fire Potion"},{"floor":23,"key":"GhostInAJar"},{"floor":27,"key":"Swift Potion"},{"floor":28,"key":"GamblersBrew"},{"floor":33,"key":"SteroidPotion"},{"floor":35,"key":"LiquidBronze"},{"floor":47,"key":"SteroidPotion"},{"floor":48,"key":"EssenceOfSteel"}],"is_trial":false,"path_per_floor":["M","?","M","T","M","E","R","?","T","E","M","$","M","M","R","B",null,"M","?","?","$","M","E","R","?","T","E","M","R","M","M","R","B",null,"M","?","$","M","?","E","R","M","T","M","E","T","M","M","R","B",null],"character_chosen":"THE_SILENT","items_purchased":["Poison Potion","Prepared+1","Enlightenment+1","Blood Vial","ClockworkSouvenir"],"campfire_rested":7,"item_purchase_floors":[12,21,21,37,37],"current_hp_per_floor":[70,70,69,69,67,47,68,50,50,37,29,29,28,26,47,26,70,70,70,70,70,64,53,72,72,72,51,53,74,76,51,73,51,76,73,73,73,70,70,78,78,78,78,80,80,80,80,82,84,57],"gold":161,"neow_bonus":"RANDOM_COMMON_RELIC","is_prod":false,"is_daily":false,"chose_seed":false,"campfire_upgraded":0,"win_rate":0,"timestamp":1551015800,"path_taken":["M","?","M","?","M","E","R","?","T","E","?","?","M","M","R","BOSS","M","?","?","$","M","E","R","?","T","E","M","R","?","M","R","BOSS","M","?","$","M","?","E","R","M","T","M","E","?","M","?","R","BOSS"],"build_version":"2019-01-23","purchased_purges":1,"victory":true,"max_hp_per_floor":[70,70,70,70,70,70,70,70,70,70,70,70,70,70,70,70,70,72,72,72,72,72,72,72,72,72,72,74,74,76,76,76,76,76,76,76,76,78,78,78,78,78,78,80,80,80,80,82,84,84],"card_choices":[{"not_picked":["Dagger Spray","Reflex"],"picked":"Bane","floor":1},{"not_picked":["Acrobatics","Outmaneuver"],"picked":"Noxious Fumes","floor":3},{"not_picked":["Dagger Throw","Dagger Spray"],"picked":"Bane","floor":5},{"not_picked":["Bouncing Flask","Footwork"],"picked":"Crippling Poison","floor":6},{"not_picked":["Flechettes","Unload"],"picked":"Crippling Poison+1","floor":10},{"not_picked":["Bane","Leg Sweep+1"],"picked":"Well Laid Plans","floor":11},{"not_picked":["Sucker Punch","Dodge and Roll+1"],"picked":"Deadly Poison+1","floor":13},{"not_picked":["Underhanded Strike","Dagger Spray"],"picked":"Backflip+1","floor":14},{"not_picked":["Glass Knife","Envenom"],"picked":"Corpse Explosion+1","floor":16},{"not_picked":["Quick Slash","Predator","Dodge and Roll+1"],"picked":"Singing Bowl","floor":18},{"not_picked":["Sucker Punch","Expertise+1"],"picked":"Deadly Poison+1","floor":22},{"not_picked":["Deflect+1","Cloak And Dagger+1"],"picked":"Deadly Poison+1","floor":23},{"not_picked":["Adrenaline+1","Flying Knee"],"picked":"Wraith Form v2","floor":27},{"not_picked":["Flying Knee","Masterful Stab","Dodge and Roll+1"],"picked":"Singing Bowl","floor":28},{"not_picked":["Flying Knee","Masterful Stab","Quick Slash"],"picked":"Singing Bowl","floor":30},{"not_picked":["Flechettes+1","Deflect+1"],"picked":"Backflip+1","floor":31},{"not_picked":["Phantasmal Killer+1","Unload"],"picked":"Corpse Explosion+1","floor":33},{"not_picked":["Flying Knee+1","Heel Hook+1"],"picked":"Poisoned Stab+1","floor":35},{"not_picked":["Purity+1","Enlightenment+1"],"picked":"Bandage Up+1","floor":36},{"not_picked":["Dodge and Roll+1","Caltrops+1","Acrobatics+1"],"picked":"Singing Bowl","floor":38},{"not_picked":["Glass Knife","Backflip+1"],"picked":"Bullet Time+1","floor":40},{"not_picked":["Sucker Punch+1","Backflip+1"],"picked":"Escape Plan+1","floor":42},{"not_picked":["Riddle With Holes","Dagger Throw+1","Well Laid Plans+1"],"picked":"Singing Bowl","floor":44},{"not_picked":["Bullet Time+1","Choke+1"],"picked":"Catalyst+1","floor":45},{"not_picked":["Dodge and Roll+1","Leg Sweep+1"],"picked":"Night Terror+1","floor":47},{"not_picked":["Slice+1","Masterful Stab+1","Crippling Poison+1"],"picked":"Singing Bowl","floor":48},{"not_picked":["Underhanded Strike+1","Cloak And Dagger+1","Footwork+1"],"picked":"Singing Bowl","floor":49}],"player_experience":183322,"relics_obtained":[{"floor":4,"key":"Dodecahedron"},{"floor":6,"key":"Blue Candle"},{"floor":9,"key":"Toxic Egg 2"},{"floor":10,"key":"Omamori"},{"floor":23,"key":"Boot"},{"floor":26,"key":"Orichalcum"},{"floor":27,"key":"Gambling Chip"},{"floor":40,"key":"FossilizedHelix"},{"floor":43,"key":"Dead Branch"},{"floor":45,"key":"Du-Vu Doll"},{"floor":46,"key":"Dream Catcher"}],"event_choices":[{"damage_healed":0,"gold_gain":0,"player_choice":"Ignored","damage_taken":0,"max_hp_gain":0,"max_hp_loss":0,"event_name":"Golden Wing","floor":2,"gold_loss":0},{"damage_healed":0,"gold_gain":0,"player_choice":"Success","damage_taken":18,"relics_obtained":["Singing Bowl"],"max_hp_gain":0,"max_hp_loss":0,"event_name":"Scrap Ooze","floor":8,"gold_loss":0},{"damage_healed":0,"gold_gain":0,"player_choice":"Ignored","damage_taken":0,"max_hp_gain":0,"max_hp_loss":0,"event_name":"Beggar","floor":19,"gold_loss":0},{"damage_healed":0,"gold_gain":0,"player_choice":"Ignored","damage_taken":0,"max_hp_gain":0,"max_hp_loss":0,"event_name":"Ghosts","floor":20,"gold_loss":0},{"damage_healed":0,"gold_gain":0,"player_choice":"Traded Relic","damage_taken":0,"relics_obtained":["Nloth\u0027s Gift"],"max_hp_gain":0,"max_hp_loss":0,"event_name":"N\u0027loth","floor":25,"relics_lost":["Boot"],"gold_loss":0},{"damage_healed":0,"gold_gain":0,"player_choice":"Memory 1","damage_taken":0,"max_hp_gain":0,"max_hp_loss":0,"event_name":"SensoryStone","floor":36,"gold_loss":0},{"damage_healed":0,"gold_gain":0,"player_choice":"Paid","damage_taken":0,"relics_obtained":["Red Mask"],"max_hp_gain":0,"max_hp_loss":0,"event_name":"Tomb of Lord Red Mask","floor":39,"gold_loss":53}],"is_beta":false,"boss_relics":[{"not_picked":["WristBlade","Coffee Dripper"],"picked":"Fusion Hammer"},{"not_picked":["Philosopher\u0027s Stone","Velvet Choker"],"picked":"Pandora\u0027s Box"}],"items_purged_floors":[37],"is_endless":false,"potions_floor_spawned":[6,10,23,27,28,33,35,38,47,48],"ascension_level":0}