{"path_per_floor":["M","?","M","$","?","R","E","M","T","$","?","M","R","?","R","B",null,"M","?","M","?","$","E","?","R","T","R","M","?","M","M","R","B",null,"M","?","$","?","?"],"character_chosen":"DEFECT","items_purchased":["Juzu Bracelet","Darkness","Leap","Ancient Tea Set"],"gold_per_floor":[111,286,297,34,34,34,63,80,126,74,39,57,57,57,57,158,158,148,148,167,167,67,102,102,102,147,147,158,158,177,189,189,290,290,303,303,27,0,0,0],"floor_reached":40,"campfire_rested":1,"playtime":1836,"current_hp_per_floor":[75,75,75,75,68,68,37,32,39,39,59,49,49,49,49,35,82,74,74,64,64,64,47,47,47,47,47,29,29,27,10,34,7,82,42,42,42,42,63,0],"items_purged":["Doubt","Strike_B","Decay"],"gold":0,"score":400,"play_id":"0f54e3e8-daec-4ceb-b6f3-c1ebd6b9fcdc","local_time":"20180430183852","is_prod":false,"is_daily":false,"chose_seed":false,"is_ascension_mode":false,"campfire_upgraded":5,"timestamp":1525106332,"path_taken":["M","?","M","$","?","R","E","M","T","$","?","M","R","?","R","BOSS","M","?","M","?","$","E","?","R","T","R","M","?","M","M","R","BOSS","M","?","$","?","?","E"],"build_version":"2018-04-27v3","seed_source_timestamp":25931398141281,"purchased_purges":3,"victory":false,"master_deck":["Strike_B","Strike_B","Defend_B","Defend_B","Defend_B","Defend_B","Zap+1","Barrage+1","Darkness+1","Leap+1","Rebound","Seek","Multi-Cast+1","Go for the Eyes+1","Hologram+1","Darkness+1","Glacier+1","Undo+1","Double Energy+1","Biased Cognition","Tempest+1","Writhe"],"max_hp_per_floor":[75,75,75,75,75,75,75,75,82,82,82,82,82,82,82,82,82,82,82,82,82,82,82,82,82,82,82,82,82,82,82,82,82,82,82,82,82,82,82,82],"relics":["Inserter","Juzu Bracelet","Oddly Smooth Stone","Strawberry","Sozu","Lantern","Happy Flower","Cursed Key","Ancient Tea Set","Red Mask"],"card_choices":[{"not_picked":["Force Field","Skim"],"picked":"Barrage","floor":1},{"not_picked":["Beam Cell","Double Energy"],"picked":"Sweeping Beam","floor":8},{"not_picked":["Hologram","Double Energy"],"picked":"Rebound","floor":12},{"not_picked":["Biased Cognition","Amplify"],"picked":"Multi-Cast","floor":16},{"not_picked":["Reprogram","Barrage"],"picked":"Go for the Eyes","floor":18},{"not_picked":["Capacitor","Turbo"],"picked":"Hologram","floor":20},{"not_picked":["Sweeping Beam","Biased Cognition"],"picked":"Darkness","floor":23},{"not_picked":["Skim","Rebound"],"picked":"Glacier","floor":28},{"not_picked":["Coolheaded","Melter"],"picked":"Undo","floor":30},{"not_picked":["Axe Kick","Melter"],"picked":"Double Energy","floor":31},{"not_picked":["Amplify","Seek"],"picked":"Biased Cognition","floor":33},{"not_picked":["Ball Lightning","Heatsinks"],"picked":"Tempest","floor":35}],"player_experience":14519,"potions_floor_usage":[31,31,35],"damage_taken":[{"damage":0,"enemies":"2 Louse","floor":1,"turns":2},{"damage":0,"enemies":"Small Slimes","floor":3,"turns":3},{"damage":31,"enemies":"Lagavulin","floor":7,"turns":6},{"damage":5,"enemies":"Jaw Worm","floor":8,"turns":4},{"damage":10,"enemies":"2 Fungi Beasts","floor":12,"turns":6},{"damage":14,"enemies":"Hexaghost","floor":16,"turns":8},{"damage":8,"enemies":"2 Thieves","floor":18,"turns":4},{"damage":10,"enemies":"Shell Parasite","floor":20,"turns":7},{"damage":17,"enemies":"Book of Stabbing","floor":23,"turns":5},{"damage":18,"enemies":"Snake Plant","floor":28,"turns":4},{"damage":2,"enemies":"3 Cultists","floor":30,"turns":5},{"damage":17,"enemies":"Sentry and Sphere","floor":31,"turns":6},{"damage":30,"enemies":"Automaton","floor":33,"turns":9},{"damage":40,"enemies":"Flame Bruiser 1 Orb","floor":35,"turns":5},{"damage":79,"enemies":"Giant Head","floor":40,"turns":8}],"event_choices":[{"event_name":"Liars Game","player_choice":"agreed","floor":2,"damage_taken":0},{"event_name":"Golden Wing","player_choice":"Card Removal","floor":5,"damage_taken":0},{"event_name":"The Cleric","player_choice":"Healed","floor":11,"damage_taken":0},{"event_name":"Living Wall","player_choice":"Change","floor":14,"damage_taken":0},{"event_name":"The Woman in Blue","player_choice":"Bought 0 Potions","floor":19,"damage_taken":0},{"event_name":"Vampires","player_choice":"Ignored","floor":21,"damage_taken":0},{"event_name":"Forgotten Altar","player_choice":"Smashed Altar","floor":24,"damage_taken":0},{"event_name":"Accursed Blacksmith","player_choice":"Forge","floor":29,"damage_taken":0},{"event_name":"Tomb of Lord Red Mask","player_choice":"Paid","floor":38,"damage_taken":0},{"event_name":"Winding Halls","player_choice":"Writhe","floor":39,"damage_taken":0}],"boss_relics":[{"not_picked":["Runic Pyramid","Snecko Eye"],"picked":"Sozu"},{"not_picked":["Lizard Tail","Runic Dome"],"picked":"Cursed Key"}],"potions_floor_spawned":[1,8,12,20,30,31,35],"seed_played":"4383571556091989551","killed_by":"Giant Head","ascension_level":0,"is_trial":false}