{"gold_per_floor":[16,191,207,221,241,241,241,259,259,259,259],"floor_reached":11,"playtime":473,"items_purged":[],"score":65,"play_id":"63fba127-9c47-44c3-a024-f7b2b38078c2","local_time":"20190217010713","is_ascension_mode":false,"campfire_choices":[{"data":"Coolheaded","floor":6,"key":"SMITH"},{"data":"Zap","floor":10,"key":"SMITH"}],"neow_cost":"NO_GOLD","seed_source_timestamp":0,"circlet_count":0,"master_deck":["Strike_B","Strike_B","Strike_B","Strike_B","Defend_B","Defend_B","Defend_B","Defend_B","Zap+1","Dualcast","Coolheaded+1","BootSequence"],"special_seed":0,"relics":["Cracked Core","Thread and Needle","Unceasing Top"],"potions_floor_usage":[],"damage_taken":[{"damage":0.0,"enemies":"2 Louse","floor":1.0,"turns":2.0},{"damage":1,"enemies":"Jaw Worm","floor":3,"turns":4},{"damage":0,"enemies":"Cultist","floor":4,"turns":4},{"damage":2,"enemies":"Red Slaver","floor":5,"turns":5},{"damage":6,"enemies":"Blue Slaver","floor":8,"turns":3},{"damage":7,"enemies":"3 Sentries","floor":11,"turns":5}],"seed_played":"-2414357641299436887","potions_obtained":[{"floor":3,"key":"AttackPotion"}],"is_trial":false,"path_per_floor":["M","?","M","M","M","R","?","M","T","R","E"],"character_chosen":"DEFECT","items_purchased":[],"campfire_rested":0,"item_purchase_floors":[],"current_hp_per_floor":[75,75,74,74,72,72,72,66,66,66,59],"gold":259,"neow_bonus":"ONE_RARE_RELIC","is_prod":false,"is_daily":false,"chose_seed":false,"campfire_upgraded":2,"win_rate":0,"timestamp":1550383633,"path_taken":["M","?","M","M","M","R","?","M","T","R","E"],"build_version":"2019-01-23","purchased_purges":0,"victory":false,"max_hp_per_floor":[75,75,75,75,75,75,75,75,75,75,75],"card_choices":[{"not_picked":["Reinforced Body","Sunder"],"picked":"Coolheaded","floor":1.0},{"not_picked":["Recycle","Storm"],"picked":"BootSequence","floor":3},{"not_picked":["Blizzard","Redo","Leap"],"picked":"SKIP","floor":4},{"not_picked":["Go for the Eyes","Blizzard","Scrape"],"picked":"SKIP","floor":5},{"not_picked":["Rebound","Hello World","Ball Lightning"],"picked":"SKIP","floor":8}],"player_experience":698464,"relics_obtained":[{"floor":9,"key":"Unceasing Top"}],"event_choices":[{"damage_healed":0.0,"max_hp_gain":0.0,"max_hp_loss":0.0,"gold_gain":175.0,"event_name":"Liars Game","player_choice":"AGREE","floor":2.0,"gold_loss":0.0,"damage_taken":0.0,"cards_obtained":["Doubt"]},{"cards_removed":["Doubt"],"damage_healed":0,"gold_gain":0,"player_choice":"Purged","damage_taken":0,"max_hp_gain":0,"max_hp_loss":0,"event_name":"Purifier","floor":7,"gold_loss":0}],"is_beta":false,"boss_relics":[],"items_purged_floors":[],"is_endless":false,"potions_floor_spawned":[3],"killed_by":"3 Sentries","ascension_level":0}