{"gold_per_floor":[116,126,126,144,162,181,181,192,192,192,208,208,220,74,374,472,472,484,494,494,494,34,34,34,46,46,46,0,13,27,53,53,156,206,224,70,86,101,78,78,78],"floor_reached":41,"playtime":2637,"items_purged":[],"score":432,"play_id":"32c745b5-7ff0-43ba-820d-4d0283d41384","local_time":"20180912075841","is_ascension_mode":false,"campfire_choices":[{"floor":7,"key":"DIG"},{"floor":10,"key":"DIG"},{"floor":12,"key":"DIG"},{"floor":15,"key":"DIG"},{"floor":24,"key":"DIG"},{"floor":27,"key":"DIG"},{"floor":32,"key":"REST"},{"floor":40,"key":"DIG"}],"neow_cost":"NONE","seed_source_timestamp":3964027609587,"circlet_count":0,"master_deck":["Strike_B","Strike_B","Strike_B","Strike_B","Defend_B","Defend_B","Defend_B","Defend_B","Zap","Dualcast","Go for the Eyes","Sunder","Glacier","Cold Snap","Go for the Eyes","Coolheaded","Cold Snap+1","Conserve Battery","Chill","Blizzard","BootSequence","Streamline+1","Gash+1","Stack","Cold Snap+1","Leap"],"relics":["Cracked Core","NeowsBlessing","Shovel","Pocketwatch","Bird Faced Urn","Gambling Chip","Strawberry","Anchor","Old Coin","Busted Crown","Pen Nib","Toolbox","Bag of Preparation","MutagenicStrength","Art of War","Molten Egg 2","Shuriken","Ice Cream","Tiny House","Oddly Smooth Stone","Bottled Flame"],"potions_floor_usage":[16,25,31,33,38,38],"damage_taken":[{"damage":0,"enemies":"Cultist","floor":1,"turns":1},{"damage":0,"enemies":"2 Louse","floor":2,"turns":1},{"damage":0,"enemies":"Small Slimes","floor":4,"turns":1},{"damage":6,"enemies":"Exordium Wildlife","floor":5,"turns":4},{"damage":16,"enemies":"Gremlin Gang","floor":6,"turns":4},{"damage":5,"enemies":"3 Louse","floor":8,"turns":3},{"damage":5,"enemies":"Blue Slaver","floor":11,"turns":4},{"damage":0,"enemies":"Looter","floor":13,"turns":3},{"damage":4,"enemies":"The Guardian","floor":16,"turns":16},{"damage":20,"enemies":"3 Byrds","floor":18,"turns":7},{"damage":8,"enemies":"Spheric Guardian","floor":19,"turns":4},{"damage":6,"enemies":"Chosen and Byrds","floor":25,"turns":7},{"damage":4,"enemies":"Snake Plant","floor":29,"turns":5},{"damage":4,"enemies":"Centurion and Healer","floor":30,"turns":7},{"damage":9,"enemies":"Gremlin Leader","floor":31,"turns":6},{"damage":42,"enemies":"Champ","floor":33,"turns":11},{"damage":14,"enemies":"3 Darklings","floor":35,"turns":4},{"damage":0,"enemies":"Orb Walker","floor":37,"turns":3},{"damage":1,"enemies":"3 Darklings","floor":38,"turns":6},{"damage":116,"enemies":"Giant Head","floor":41,"turns":12}],"seed_played":"-6201410491963535750","potions_obtained":[{"floor":2,"key":"Strength Potion"},{"floor":6,"key":"FairyPotion"},{"floor":8,"key":"Ancient Potion"},{"floor":18,"key":"Regen Potion"},{"floor":30,"key":"EssenceOfSteel"},{"floor":34,"key":"Fruit Juice"},{"floor":37,"key":"Fire Potion"}],"is_trial":false,"path_per_floor":["M","M","?","M","M","M","R","M","T","R","M","R","M","$","R","B",null,"M","M","?","?","$","?","R","M","T","R","?","M","M","E","R","B",null,"M","$","M","M","$","R"],"character_chosen":"DEFECT","items_purchased":["Anchor","Chill","Toolbox","Bag of Preparation","Blizzard","Oddly Smooth Stone","Leap"],"campfire_rested":1,"item_purchase_floors":[14,22,22,22,22,36,39],"current_hp_per_floor":[75,75,68,68,62,46,46,41,41,41,36,43,43,43,43,39,82,62,54,54,54,54,54,54,64,64,64,64,60,56,47,71,31,87,73,73,75,79,79,79,0],"gold":78,"neow_bonus":"THREE_ENEMY_KILL","is_prod":false,"is_daily":false,"chose_seed":false,"campfire_upgraded":0,"win_rate":0.0,"timestamp":1536735521,"path_taken":["M","?","?","M","M","M","R","M","T","R","M","R","?","$","R","BOSS","M","M","?","?","$","?","R","M","T","R","?","M","M","E","R","BOSS","M","$","M","M","$","R","E"],"build_version":"2018-09-06","purchased_purges":0,"victory":false,"max_hp_per_floor":[75,75,75,75,75,75,75,75,75,75,75,82,82,82,82,82,82,82,82,82,82,82,82,82,82,82,82,82,82,82,82,82,82,87,87,87,87,92,92,92,92],"card_choices":[{"not_picked":["Gash","Rebound"],"picked":"Go for the Eyes","floor":1},{"not_picked":["Hologram","Cold Snap"],"picked":"Sunder","floor":2},{"not_picked":["Reinforced Body","Hologram"],"picked":"Glacier","floor":4},{"not_picked":["Sweeping Beam","Steam"],"picked":"Cold Snap","floor":5},{"not_picked":["Ball Lightning","Compile Driver"],"picked":"Go for the Eyes","floor":6},{"not_picked":["Sweeping Beam","Hello World"],"picked":"Coolheaded","floor":8},{"not_picked":["Stack","Hologram","Redo"],"picked":"SKIP","floor":11},{"not_picked":["Barrage","Storm"],"picked":"Cold Snap","floor":13},{"not_picked":[],"picked":"Conserve Battery","floor":18},{"not_picked":["Compile Driver+1"],"picked":"SKIP","floor":19},{"not_picked":[],"picked":"BootSequence","floor":25},{"not_picked":["Rebound+1"],"picked":"SKIP","floor":29},{"not_picked":[],"picked":"Streamline+1","floor":30},{"not_picked":[],"picked":"Gash+1","floor":31},{"not_picked":[],"picked":"Stack","floor":34},{"not_picked":[],"picked":"Cold Snap+1","floor":35},{"not_picked":["Aggregate"],"picked":"SKIP","floor":37},{"not_picked":["Scrape+1"],"picked":"SKIP","floor":38}],"player_experience":147150,"relics_obtained":[{"floor":7,"key":"Pocketwatch"},{"floor":9,"key":"Bird Faced Urn"},{"floor":10,"key":"Gambling Chip"},{"floor":12,"key":"Strawberry"},{"floor":15,"key":"Old Coin"},{"floor":24,"key":"Art of War"},{"floor":26,"key":"Molten Egg 2"},{"floor":27,"key":"Shuriken"},{"floor":31,"key":"Ice Cream"},{"floor":40,"key":"Bottled Flame"}],"event_choices":[{"event_name":"Scrap Ooze","player_choice":"success","floor":3,"damage_taken":7},{"event_name":"The Mausoleum","player_choice":"Yes","floor":20,"damage_taken":0},{"event_name":"Back to Basics","player_choice":"Elegance","floor":21,"damage_taken":0},{"event_name":"Drug Dealer","player_choice":"Inject Mutagens","floor":23,"damage_taken":0},{"event_name":"Masked Bandits","player_choice":"Paid Fearfully","floor":28,"damage_taken":0}],"is_beta":false,"boss_relics":[{"not_picked":["Philosopher\u0027s Stone","Eternal Feather"],"picked":"Busted Crown"},{"not_picked":["White Beast Statue","Empty Cage"],"picked":"Tiny House"}],"items_purged_floors":[],"is_endless":false,"potions_floor_spawned":[2,6,8,18,30,37],"killed_by":"Giant Head","ascension_level":0}