{"path_per_floor":["M","M","?","M","?","R","E","M","T","$","R","?","R","?","R","B",null,"M","M","?","?","?","R","M","?","T","M","M","?","M"],"character_chosen":"DEFECT","items_purchased":[],"gold_per_floor":[113,123,123,142,142,142,176,197,224,149,149,149,149,99,99,220,220,245,268,268,268,268,268,281,281,308,326,340,340,359,359],"floor_reached":31,"campfire_rested":2,"playtime":1438,"current_hp_per_floor":[75,74,56,52,45,45,31,18,18,18,40,40,40,40,62,33,75,75,60,60,60,60,60,60,60,60,43,37,37,34,0],"items_purged":["Strike_B"],"gold":359,"score":235,"play_id":"b94f9328-0b0e-4f0f-b698-4742105d1b13","local_time":"20180516234734","is_prod":false,"is_daily":false,"chose_seed":false,"is_ascension_mode":false,"campfire_upgraded":3,"timestamp":1526539654,"path_taken":["M","M","?","M","?","R","E","M","T","$","R","?","R","?","R","BOSS","M","M","?","?","?","R","M","?","T","M","M","?","M","E"],"build_version":"2018-05-15","seed_source_timestamp":273648678243328,"purchased_purges":2,"victory":false,"master_deck":["Strike_B+1","Defend_B+1","Defend_B+1","Defend_B+1","Defend_B+1","Zap","Dualcast+1","Coolheaded+1","Loop","Capacitor+1","Chaos+1","Coolheaded+1","Barrage+1","Decay","Doom and Gloom","Doom and Gloom","Cold Snap"],"max_hp_per_floor":[75,75,75,75,75,75,75,75,75,75,75,75,75,75,75,75,75,75,75,75,75,75,75,75,75,75,75,75,75,75,75],"relics":["Snecko Eye","Golden Idol","Lantern","War Paint","Nuclear Battery","Art of War"],"card_choices":[{"not_picked":["Beam Cell","Cold Snap"],"picked":"Coolheaded","floor":1},{"not_picked":["Go for the Eyes","Genetic Algorithm"],"picked":"Loop","floor":2},{"not_picked":["Beam Cell","Stack"],"picked":"Capacitor","floor":4},{"not_picked":["Hologram","Genetic Algorithm","Stack"],"picked":"SKIP","floor":7},{"not_picked":["Aggregate","Rebound"],"picked":"Chaos","floor":8},{"not_picked":["Melter","Capacitor"],"picked":"Coolheaded","floor":18},{"not_picked":["Skim","Tempest"],"picked":"Barrage+1","floor":19},{"not_picked":["Undo","Scrape","Leap"],"picked":"SKIP","floor":24},{"not_picked":["Go for the Eyes+1","Ball Lightning"],"picked":"Doom and Gloom","floor":27},{"not_picked":["Go for the Eyes","Barrage"],"picked":"Cold Snap","floor":28},{"not_picked":["Rip and Tear","Leap","BootSequence"],"picked":"SKIP","floor":30}],"player_experience":100457,"potions_floor_usage":[16,16,31],"damage_taken":[{"damage":0,"enemies":"2 Louse","floor":1,"turns":2},{"damage":1,"enemies":"Small Slimes","floor":2,"turns":5},{"damage":4,"enemies":"Jaw Worm","floor":4,"turns":3},{"damage":14,"enemies":"Lagavulin","floor":7,"turns":8},{"damage":13,"enemies":"Looter","floor":8,"turns":4},{"damage":29,"enemies":"Slime Boss","floor":16,"turns":11},{"damage":0,"enemies":"Spheric Guardian","floor":18,"turns":4},{"damage":15,"enemies":"2 Thieves","floor":19,"turns":4},{"damage":0,"enemies":"Snecko","floor":24,"turns":5},{"damage":17,"enemies":"Snake Plant","floor":27,"turns":4},{"damage":6,"enemies":"Sentry and Sphere","floor":28,"turns":4},{"damage":3,"enemies":"Slaver and Parasite","floor":30,"turns":3},{"damage":35,"enemies":"Slavers","floor":31,"turns":2}],"relics_obtained":[{"floor":7,"key":"Lantern"},{"floor":9,"key":"War Paint"},{"floor":26,"key":"Art of War"}],"event_choices":[{"event_name":"Golden Idol","player_choice":"Take Damage","floor":3,"damage_taken":0},{"event_name":"Golden Wing","player_choice":"Card Removal","floor":5,"damage_taken":0},{"event_name":"The Lab","player_choice":"Got Potions","floor":12,"damage_taken":0},{"event_name":"The Cleric","player_choice":"Card Removal","floor":14,"damage_taken":0},{"event_name":"Back to Basics","player_choice":"Simplicity","floor":20,"damage_taken":0},{"event_name":"Wheel of Change","player_choice":"Curse","floor":21,"damage_taken":0},{"event_name":"The Library","player_choice":"Read","floor":22,"damage_taken":0},{"event_name":"Vampires","player_choice":"Ignored","floor":25,"damage_taken":0},{"event_name":"Ghosts","player_choice":"Ignored","floor":29,"damage_taken":0}],"boss_relics":[{"not_picked":["Lizard Tail","Philosopher\u0027s Stone"],"picked":"Nuclear Battery"}],"potions_floor_spawned":[2,4,24,27,28],"seed_played":"8005793049007594175","killed_by":"Slavers","ascension_level":0,"potions_obtained":[{"floor":2,"key":"Fire Potion"},{"floor":4,"key":"Poison Potion"},{"floor":12,"key":"LiquidBronze"},{"floor":12,"key":"Poison Potion"},{"floor":24,"key":"Block Potion"},{"floor":27,"key":"LiquidBronze"}],"is_trial":false}