{"gold_per_floor":[219,219,232,249,249,262,262,287,311,311,324,343,371,381,381,484,484,498,597,194,194,178,178],"floor_reached":23,"playtime":952,"items_purged":["Defend_B"],"score":244,"play_id":"14603556-df6e-4e3b-9906-2de38716ae9e","local_time":"20181114145228","is_ascension_mode":true,"campfire_choices":[{"data":"Dualcast","floor":7,"key":"SMITH"},{"data":"Zap","floor":10,"key":"SMITH"},{"floor":15,"key":"REST"}],"neow_cost":"NONE","seed_source_timestamp":506121472291144,"circlet_count":0,"master_deck":["Strike_B+1","Strike_B+1","Strike_B+1","Strike_B+1","Defend_B+1","Defend_B+1","Defend_B+1","Zap+1","Dualcast+1","Melter","Glacier","Streamline","Lockon","Storm","Sunder","Glacier","Genetic Algorithm","Creative AI","Cold Snap","Capacitor","Glacier+1"],"relics":["Cracked Core","Juzu Bracelet","Anchor","Lantern","Black Star","Mummified Hand"],"potions_floor_usage":[16,16,16,23],"damage_taken":[{"damage":0,"enemies":"Small Slimes","floor":1,"turns":2},{"damage":2,"enemies":"Jaw Worm","floor":3,"turns":3},{"damage":0,"enemies":"Cultist","floor":4,"turns":3},{"damage":0,"enemies":"Large Slime","floor":6,"turns":5},{"damage":32,"enemies":"Lagavulin","floor":8,"turns":7},{"damage":6,"enemies":"Exordium Wildlife","floor":11,"turns":6},{"damage":1,"enemies":"Looter","floor":12,"turns":2},{"damage":7,"enemies":"3 Sentries","floor":13,"turns":7},{"damage":0,"enemies":"Exordium Thugs","floor":14,"turns":2},{"damage":23,"enemies":"The Guardian","floor":16,"turns":12},{"damage":28,"enemies":"Chosen","floor":18,"turns":8},{"damage":13,"enemies":"2 Thieves","floor":22,"turns":4},{"damage":21,"enemies":"Gremlin Leader","floor":23,"turns":4}],"seed_played":"-4121637071674026298","potions_obtained":[{"floor":3,"key":"Fire Potion"},{"floor":6,"key":"Ancient Potion"},{"floor":8,"key":"Poison Potion"},{"floor":12,"key":"FearPotion"},{"floor":18,"key":"Dexterity Potion"}],"is_trial":false,"path_per_floor":["M","$","M","M","?","M","R","E","T","R","M","M","E","M","R","B",null,"M","?","$","?","M","E"],"character_chosen":"DEFECT","items_purchased":["Mummified Hand","Capacitor"],"campfire_rested":1,"item_purchase_floors":[20,20],"current_hp_per_floor":[75,75,73,73,73,73,73,41,41,41,35,34,27,27,49,26,75,47,47,47,47,34,13],"gold":178,"neow_bonus":"HUNDRED_GOLD","is_prod":false,"is_daily":false,"chose_seed":false,"campfire_upgraded":2,"win_rate":0,"timestamp":1542203548,"path_taken":["M","$","M","M","?","M","R","E","T","R","M","M","E","M","R","BOSS","M","?","$","?","M","E"],"build_version":"2018-11-08","purchased_purges":1,"victory":false,"max_hp_per_floor":[75,75,75,75,75,75,75,75,75,75,75,75,75,75,75,75,75,75,75,75,75,75,75],"card_choices":[{"not_picked":["Rebound","Leap"],"picked":"Melter","floor":1},{"not_picked":["Self Repair","Stack"],"picked":"Glacier","floor":3},{"not_picked":["Recycle","Rebound"],"picked":"Streamline","floor":4},{"not_picked":["Rebound","Barrage"],"picked":"Lockon","floor":6},{"not_picked":["Gash","Coolheaded"],"picked":"Storm","floor":8},{"not_picked":["Ball Lightning","Lockon"],"picked":"Sunder","floor":11},{"not_picked":["Lockon","Gash","Hyperbeam"],"picked":"SKIP","floor":12},{"not_picked":["Go for the Eyes","Rebound"],"picked":"Glacier","floor":13},{"not_picked":["Streamline","Steam Power"],"picked":"Genetic Algorithm","floor":14},{"not_picked":["Rainbow","Machine Learning"],"picked":"Creative AI","floor":16},{"not_picked":["Leap","Redo"],"picked":"Cold Snap","floor":18},{"not_picked":["Undo+1","Barrage"],"picked":"Glacier+1","floor":22}],"player_experience":345700,"relics_obtained":[{"floor":8,"key":"Juzu Bracelet"},{"floor":9,"key":"Anchor"},{"floor":13,"key":"Lantern"}],"event_choices":[{"damage_healed":0,"gold_gain":0,"player_choice":"Leave","damage_taken":0,"max_hp_gain":0,"max_hp_loss":0,"event_name":"The Cleric","floor":5,"gold_loss":0},{"damage_healed":0,"gold_gain":99,"player_choice":"Stole From Cult","damage_taken":0,"max_hp_gain":0,"max_hp_loss":0,"event_name":"Nest","floor":19,"gold_loss":0},{"damage_healed":0,"gold_gain":0,"player_choice":"Simplicity","damage_taken":0,"max_hp_gain":0,"max_hp_loss":0,"event_name":"Back to Basics","floor":21,"gold_loss":0,"cards_upgraded":["Strike_B","Strike_B","Strike_B","Strike_B","Defend_B","Defend_B","Defend_B"]}],"is_beta":false,"boss_relics":[{"not_picked":["Lizard Tail","Snecko Eye"],"picked":"Black Star"}],"items_purged_floors":[20],"is_endless":false,"potions_floor_spawned":[3,6,8,12,14,18],"killed_by":"Gremlin Leader","ascension_level":4}