{"path_per_floor":["M","M","?","M","?","E","R","E","T","?","E","T","$","?","R","B",null,"M","$","M","M","M","E","R","T","T","$","E","?","R","M","R","B",null,"M","?","?","M","M","R","M","R","T","M","E","$","R","M","R","B"],"character_chosen":"DEFECT","items_purchased":["Singing Bowl","Defragment","Ball Lightning","Apotheosis","Anchor"],"gold_per_floor":[109,128,128,138,138,172,172,202,280,280,306,306,231,231,231,334,334,345,99,110,122,135,160,160,160,241,159,192,192,192,212,212,307,307,317,317,317,330,340,340,360,360,360,379,404,70,70,90,90,90],"floor_reached":51,"campfire_rested":5,"playtime":3097,"item_purchase_floors":[19,27,27,46,46],"current_hp_per_floor":[74,63,68,61,45,41,65,58,58,58,56,56,56,56,56,63,80,80,80,76,73,79,70,70,70,70,70,63,47,72,57,82,84,84,86,86,86,80,89,89,91,91,91,75,20,20,47,57,84,83],"items_purged":["Defend_B","Strike_B"],"gold":90,"score":872,"play_id":"1750e0ba-3f3c-4365-8025-dcf738d406fd","local_time":"20180602103319","is_prod":false,"is_daily":false,"chose_seed":false,"is_ascension_mode":true,"campfire_upgraded":3,"win_rate":0.0,"timestamp":1527960799,"campfire_choices":[{"floor":7,"key":"REST"},{"data":"Rainbow","floor":15,"key":"SMITH"},{"data":"Defragment","floor":24,"key":"SMITH"},{"floor":30,"key":"REST"},{"floor":32,"key":"REST"},{"data":"Defragment","floor":40,"key":"SMITH"},{"floor":42,"key":"DIG"},{"floor":47,"key":"REST"},{"floor":49,"key":"REST"}],"path_taken":["M","M","?","M","?","E","R","E","T","?","E","?","$","?","R","BOSS","M","$","M","M","M","E","R","?","T","$","E","?","R","M","R","BOSS","M","?","?","M","M","R","M","R","T","M","E","$","R","M","R","BOSS"],"build_version":"2018-05-31","seed_source_timestamp":403828573662544,"purchased_purges":2,"victory":true,"master_deck":["Strike_B","Defend_B","Defend_B+1","Defend_B+1","Zap","Dualcast+1","Defragment+1","Cold Snap","Self Repair","Go for the Eyes","Rainbow+1","Cold Snap","Machine Learning","Tempest+1","Defragment+1","Tempest","Sweeping Beam+1","Defragment+1","Ball Lightning","Necronomicurse","Cold Snap","Electrodynamics","Master of Strategy","Coolheaded+1","Glacier","Apotheosis","Chaos"],"max_hp_per_floor":[75,75,80,80,80,80,80,80,80,80,80,80,80,80,80,80,80,80,80,80,80,82,82,82,82,82,82,84,84,84,84,84,84,84,86,86,86,88,90,90,92,92,92,92,92,92,92,92,92,92],"relics":["Cracked Core","Shovel","Oddly Smooth Stone","Dodecahedron","War Paint","Gambling Chip","Inserter","Singing Bowl","Calipers","Torii","Question Card","Thread and Needle","Necronomicon","Black Star","Molten Egg 2","Kunai","Bottled Lightning","Frozen Egg 2","Anchor"],"card_choices":[{"not_picked":["Beam Cell","Gash"],"picked":"Defragment","floor":1},{"not_picked":["Steam","Streamline"],"picked":"Cold Snap","floor":2},{"not_picked":["Cold Snap","Blizzard"],"picked":"Self Repair","floor":4},{"not_picked":["Storm","Chill"],"picked":"Go for the Eyes","floor":6},{"not_picked":["Steam","Hologram"],"picked":"Rainbow","floor":8},{"not_picked":["Beam Cell","Amplify"],"picked":"Cold Snap","floor":11},{"not_picked":["Amplify","Creative AI"],"picked":"Machine Learning","floor":16},{"not_picked":["Gash+1","Redo"],"picked":"Tempest+1","floor":18},{"not_picked":["Stack+1","Rip and Tear"],"picked":"Defragment","floor":20},{"not_picked":["Steam+1","Gash"],"picked":"Tempest","floor":21},{"not_picked":["Lockon+1","Compile Driver","Steam Power"],"picked":"Singing Bowl","floor":22},{"not_picked":["Barrage","Conserve Battery"],"picked":"Sweeping Beam+1","floor":23},{"not_picked":["Steam","Conserve Battery+1","Beam Cell","Capacitor"],"picked":"Singing Bowl","floor":28},{"not_picked":["Compile Driver","Redo","Hologram"],"picked":"Cold Snap","floor":31},{"not_picked":["Biased Cognition","Seek","Thunder Strike"],"picked":"Electrodynamics","floor":33},{"not_picked":["Cold Snap+1","Hologram+1","Leap+1","Lockon"],"picked":"Singing Bowl","floor":35},{"not_picked":["Panacea","Swift Strike","Thinking Ahead"],"picked":"Master of Strategy","floor":36},{"not_picked":["Coolheaded","Sweeping Beam+1","Reinforced Body","White Noise+1"],"picked":"Singing Bowl","floor":38},{"not_picked":["Auto Shields","Cold Snap+1","Steam+1","Coolheaded"],"picked":"Singing Bowl","floor":39},{"not_picked":["Force Field+1","Leap+1","Skim+1","Steam Power"],"picked":"Singing Bowl","floor":41},{"not_picked":["Double Energy","Blizzard+1","White Noise+1"],"picked":"Coolheaded+1","floor":44},{"not_picked":["Aggregate","Ball Lightning+1","Compile Driver+1"],"picked":"Glacier","floor":45},{"not_picked":["Steam","Hologram","Multi-Cast"],"picked":"Chaos","floor":48}],"player_experience":293552,"potions_floor_usage":[16,16,23,41,50,50,50],"damage_taken":[{"damage":1,"enemies":"Cultist","floor":1,"turns":3},{"damage":11,"enemies":"Jaw Worm","floor":2,"turns":3},{"damage":7,"enemies":"Small Slimes","floor":4,"turns":3},{"damage":11,"enemies":"3 Sentries","floor":6,"turns":8},{"damage":14,"enemies":"Gremlin Nob","floor":8,"turns":4},{"damage":9,"enemies":"3 Sentries","floor":11,"turns":7},{"damage":0,"enemies":"Hexaghost","floor":16,"turns":8},{"damage":0,"enemies":"Chosen","floor":18,"turns":3},{"damage":11,"enemies":"2 Thieves","floor":20,"turns":4},{"damage":10,"enemies":"Sentry and Sphere","floor":21,"turns":5},{"damage":3,"enemies":"Cultist and Chosen","floor":22,"turns":5},{"damage":16,"enemies":"Gremlin Leader","floor":23,"turns":9},{"damage":16,"enemies":"Book of Stabbing","floor":28,"turns":6},{"damage":15,"enemies":"Snake Plant","floor":31,"turns":3},{"damage":0,"enemies":"Automaton","floor":33,"turns":10},{"damage":1,"enemies":"3 Shapes","floor":35,"turns":3},{"damage":8,"enemies":"3 Darklings","floor":38,"turns":3},{"damage":0,"enemies":"Maw","floor":39,"turns":7},{"damage":0,"enemies":"Sphere and 2 Shapes","floor":41,"turns":3},{"damage":23,"enemies":"4 Shapes","floor":44,"turns":3},{"damage":62,"enemies":"2 Orb Walkers","floor":45,"turns":4},{"damage":0,"enemies":"Maw","floor":48,"turns":7},{"damage":1,"enemies":"Donu and Deca","floor":50,"turns":9}],"relics_obtained":[{"floor":6,"key":"Shovel"},{"floor":8,"key":"Oddly Smooth Stone"},{"floor":9,"key":"Dodecahedron"},{"floor":11,"key":"War Paint"},{"floor":12,"key":"Gambling Chip"},{"floor":23,"key":"Calipers"},{"floor":25,"key":"Torii"},{"floor":26,"key":"Question Card"},{"floor":28,"key":"Thread and Needle"},{"floor":29,"key":"Necronomicon"},{"floor":42,"key":"Molten Egg 2"},{"floor":43,"key":"Kunai"},{"floor":45,"key":"Bottled Lightning"},{"floor":45,"key":"Frozen Egg 2"}],"event_choices":[{"event_name":"Big Fish","player_choice":"Donut","floor":3,"damage_taken":0},{"event_name":"Shining Light","player_choice":"Entered Light","floor":5,"damage_taken":0},{"event_name":"Living Wall","player_choice":"Grow","floor":10,"damage_taken":0},{"event_name":"Purifier","player_choice":"One Purge","floor":14,"damage_taken":0},{"event_name":"Cursed Tome","player_choice":"Obtained Book","floor":29,"damage_taken":0},{"event_name":"SensoryStone","player_choice":"Memory 1","floor":36,"damage_taken":0}],"boss_relics":[{"not_picked":["Tiny House","Calling Bell"],"picked":"Inserter"},{"not_picked":["Astrolabe","Snecko Eye"],"picked":"Black Star"}],"items_purged_floors":[13,19],"potions_floor_spawned":[4,11,20,28,33,35,41,45,48],"seed_played":"-4714960451701050732","ascension_level":1,"potions_obtained":[{"floor":4,"key":"LiquidBronze"},{"floor":11,"key":"Block Potion"},{"floor":20,"key":"Swift Potion"},{"floor":28,"key":"Dexterity Potion"},{"floor":33,"key":"Dexterity Potion"},{"floor":35,"key":"EssenceOfSteel"},{"floor":41,"key":"SkillPotion"},{"floor":45,"key":"EssenceOfSteel"},{"floor":48,"key":"FearPotion"}],"is_trial":false}