{"path_per_floor":["M","?","M","M","M","R","E","R","T","R","$","?","?","M","R","B",null,"M","?","M","M","M"],"character_chosen":"IRONCLAD","items_purchased":["Blood Vial"],"gold_per_floor":[116,116,127,137,147,147,182,182,182,182,31,31,0,18,18,116,116,132,132,152,164,174,174],"floor_reached":23,"campfire_rested":1,"playtime":1811,"current_hp_per_floor":[72,72,72,78,73,73,47,71,71,71,71,64,64,69,69,73,80,71,71,55,47,41,0],"items_purged":[],"gold":174,"score":193,"play_id":"1ab9a00e-bda7-4416-a7e5-039977592bf5","local_time":"20180408180948","is_prod":false,"is_daily":false,"is_ascension_mode":false,"campfire_upgraded":3,"timestamp":1523207388,"path_taken":["M","?","M","M","M","R","E","R","T","R","$","?","?","M","R","BOSS","M","?","M","?","M","E"],"build_version":"2018-04-05v2","purchased_purges":0,"victory":false,"master_deck":["Strike_R","Strike_R","Strike_R","Strike_R","Strike_R","Defend_R","Defend_R","Defend_R","Defend_R","Bash+1","Flame Barrier+1","Uppercut","Warcry","Iron Wave+1","Second Wind","Shrug It Off","Reaper","Rage","Body Slam","Intimidate","Entrench","Impervious","Warcry","Ghostly Armor+1"],"max_hp_per_floor":[80,80,80,80,80,80,80,80,80,80,80,80,80,80,80,80,80,80,80,80,80,80,80],"relics":["Burning Blood","Question Card","Magic Flower","Blood Vial","Pen Nib","Orrery"],"card_choices":[{"not_picked":["Rampage","Uppercut"],"picked":"Flame Barrier","floor":1},{"not_picked":["Burning Pact","Twin Strike"],"picked":"Uppercut","floor":3},{"not_picked":["Perfected Strike","Wild Strike"],"picked":"Warcry","floor":4},{"not_picked":["Whirlwind","Second Wind"],"picked":"Iron Wave","floor":5},{"not_picked":["Perfected Strike","Hemokinesis"],"picked":"Second Wind","floor":7},{"not_picked":["Warcry","True Grit","Bloodletting"],"picked":"Shrug It Off","floor":14},{"not_picked":["Limit Break","Exhume","Double Tap"],"picked":"Reaper","floor":16},{"not_picked":["Warcry","Carnage","Flex"],"picked":"Clothesline","floor":17},{"not_picked":["Iron Wave","Headbutt","Havoc"],"picked":"Rage","floor":17},{"not_picked":["Clothesline","Anger","Pommel Strike"],"picked":"Body Slam","floor":17},{"not_picked":["Cleave","Dual Wield","Corruption"],"picked":"Intimidate","floor":17},{"not_picked":["Spot Weakness","Heavy Blade","Inflame"],"picked":"Entrench","floor":18},{"not_picked":["Headbutt","Shrug It Off","Anger"],"picked":"Impervious","floor":20},{"not_picked":["Hemokinesis","Uppercut","Thunderclap"],"picked":"Warcry","floor":21},{"not_picked":["Heavy Blade","Disarm","Pommel Strike"],"picked":"Ghostly Armor","floor":22}],"player_experience":32709,"potions_floor_usage":[14,16,16,21,22,22],"damage_taken":[{"damage":14,"enemies":"2 Louse","floor":1,"turns":3},{"damage":6,"enemies":"Jaw Worm","floor":3,"turns":4},{"damage":0,"enemies":"Small Slimes","floor":4,"turns":3},{"damage":11,"enemies":"Exordium Thugs","floor":5,"turns":6},{"damage":32,"enemies":"Gremlin Nob","floor":7,"turns":5},{"damage":7,"enemies":"Large Slime","floor":14,"turns":6},{"damage":33,"enemies":"The Guardian","floor":16,"turns":13},{"damage":18,"enemies":"Shell Parasite","floor":18,"turns":6},{"damage":28,"enemies":"Chosen","floor":20,"turns":8},{"damage":57,"enemies":"Centurion and Healer","floor":21,"turns":19},{"damage":18,"enemies":"Snake Plant","floor":22,"turns":5},{"damage":50,"enemies":"Book of Stabbing","floor":23,"turns":7}],"event_choices":[{"event_name":"Golden Wing","player_choice":"Ignored","floor":2,"damage_taken":0},{"event_name":"Scrap Ooze","player_choice":"success","floor":12,"damage_taken":7},{"event_name":"World of Goop","player_choice":"Left","floor":13,"damage_taken":0},{"event_name":"Purifier","player_choice":"One Purge","floor":19,"damage_taken":0}],"boss_relics":[{"not_picked":["Lizard Tail","Tiny House"],"picked":"Orrery"}],"potions_floor_spawned":[1,3,7,16,18,21],"seed_played":"-3054310727885886598","killed_by":"Book of Stabbing","ascension_level":0,"is_trial":false}