{"gold_per_floor":[118,293,313,313,328,328,361,361,409,429,33,33,45,59,59,159,159,172,72,72],"floor_reached":20,"playtime":1798,"items_purged":["Doubt","Pain"],"score":183,"play_id":"029eb505-e64c-40e3-b52d-2ee9554d5652","local_time":"20180905201654","is_ascension_mode":true,"campfire_choices":[{"data":"Storm","floor":6,"key":"SMITH"},{"data":"Loop","floor":8,"key":"SMITH"},{"floor":15,"key":"REST"}],"neow_cost":"PERCENT_DAMAGE","seed_source_timestamp":448714053809774,"circlet_count":0,"master_deck":["Strike_B","Strike_B","Strike_B","Strike_B","Defend_B","Defend_B","Defend_B","Defend_B","Zap","Dualcast","Echo Form","Loop+1","Storm+1","Coolheaded","Machine Learning","White Noise","Heatsinks","Glacier","Amplify","Parasite","Decay","Hologram+1"],"relics":["Cracked Core","Blood Vial","Happy Flower","Pear","Calling Bell","Ancient Tea Set","Toxic Egg 2","Girya"],"potions_floor_usage":[7,10,18],"damage_taken":[{"damage":10,"enemies":"Small Slimes","floor":1,"turns":3},{"damage":13,"enemies":"Jaw Worm","floor":3,"turns":4},{"damage":0,"enemies":"2 Louse","floor":5,"turns":3},{"damage":23,"enemies":"3 Sentries","floor":7,"turns":5},{"damage":0,"enemies":"Exordium Wildlife","floor":10,"turns":3},{"damage":15,"enemies":"Exordium Thugs","floor":13,"turns":4},{"damage":22,"enemies":"Large Slime","floor":14,"turns":5},{"damage":13,"enemies":"The Guardian","floor":16,"turns":13},{"damage":21,"enemies":"Shell Parasite","floor":18,"turns":9},{"damage":71,"enemies":"Colosseum Slavers","floor":20,"turns":4}],"seed_played":"3216031224852766846","potions_obtained":[{"floor":1,"key":"Fire Potion"},{"floor":7,"key":"Fire Potion"},{"floor":16,"key":"Weak Potion"}],"is_trial":false,"path_per_floor":["M","?","M","?","M","R","E","R","T","M","$","?","M","M","R","B",null,"M","$"],"character_chosen":"DEFECT","items_purchased":["Heatsinks","Pear"],"campfire_rested":1,"item_purchase_floors":[11,11],"current_hp_per_floor":[44,44,31,56,56,56,33,33,33,35,45,45,32,12,37,26,85,64,64,0],"gold":72,"neow_bonus":"THREE_RARE_CARDS","is_prod":false,"is_daily":false,"chose_seed":false,"campfire_upgraded":2,"win_rate":0,"timestamp":1536171414,"path_taken":["M","?","M","?","M","R","E","R","T","?","$","?","M","M","R","BOSS","M","$","?"],"build_version":"2018-08-30","purchased_purges":2,"victory":false,"max_hp_per_floor":[75,75,75,75,75,75,75,75,75,75,85,85,85,85,85,85,85,85,85,85],"card_choices":[{"not_picked":["Reboot","Fission"],"picked":"Echo Form","floor":0},{"not_picked":["Gash","Go for the Eyes"],"picked":"Loop","floor":1},{"not_picked":["Rebound","White Noise"],"picked":"Storm","floor":3},{"not_picked":["Stack","Streamline"],"picked":"Coolheaded","floor":5},{"not_picked":["Consume","Redo"],"picked":"Machine Learning","floor":7},{"not_picked":["Sweeping Beam","Go for the Eyes"],"picked":"White Noise","floor":10},{"not_picked":["Gash","Sweeping Beam","Conserve Battery"],"picked":"SKIP","floor":13},{"not_picked":["Turbo","Scrape"],"picked":"Glacier","floor":14},{"not_picked":["Thunder Strike","Seek"],"picked":"Amplify","floor":16},{"not_picked":["Coolheaded+1","Compile Driver"],"picked":"Hologram+1","floor":18}],"player_experience":117402,"relics_obtained":[{"floor":7,"key":"Blood Vial"},{"floor":9,"key":"Happy Flower"},{"floor":17,"key":"Ancient Tea Set"},{"floor":17,"key":"Toxic Egg 2"},{"floor":17,"key":"Girya"}],"event_choices":[{"event_name":"Liars Game","player_choice":"agreed","floor":2,"damage_taken":0},{"event_name":"Big Fish","player_choice":"Banana","floor":4,"damage_taken":0},{"event_name":"The Cleric","player_choice":"Leave","floor":12,"damage_taken":0},{"event_name":"Colosseum","player_choice":"Fight","floor":20,"damage_taken":0}],"is_beta":false,"boss_relics":[{"not_picked":["FrozenCore","Empty Cage"],"picked":"Calling Bell"}],"items_purged_floors":[11,19],"is_endless":false,"potions_floor_spawned":[1,7,16],"killed_by":"Colosseum Slavers","ascension_level":1}