{"gold_per_floor":[116,127,138,138,15,46,58,58,81,106,120,120,93,104,104,104],"floor_reached":16,"playtime":1072,"items_purged":[],"score":102,"play_id":"534de820-b55b-4433-b481-ca09b5167501","local_time":"20190325200203","is_ascension_mode":false,"campfire_choices":[{"data":"Barricade","floor":8,"key":"SMITH"},{"floor":12,"key":"REST"},{"floor":15,"key":"REST"}],"neow_cost":"NONE","seed_source_timestamp":32168306211800,"circlet_count":0,"master_deck":["Strike_R","Strike_R","Strike_R","Strike_R","Strike_R","Defend_R","Defend_R","Defend_R","Defend_R","Bash","Thunderclap","Pommel Strike","Shrug It Off","Barricade+1","Armaments","Spot Weakness","Heavy Blade","Power Through","Shockwave"],"relics":["Burning Blood","Centennial Puzzle","Bag of Marbles","Dream Catcher","Smiling Mask"],"potions_floor_usage":[16],"damage_taken":[{"damage":0,"enemies":"2 Louse","floor":1,"turns":3},{"damage":6,"enemies":"Jaw Worm","floor":2,"turns":3},{"damage":2,"enemies":"Small Slimes","floor":3,"turns":4},{"damage":43,"enemies":"3 Sentries","floor":6,"turns":9},{"damage":6,"enemies":"Gremlin Gang","floor":7,"turns":4},{"damage":7,"enemies":"Blue Slaver","floor":11,"turns":3},{"damage":25,"enemies":"Exordium Thugs","floor":14,"turns":4},{"damage":95,"enemies":"Slime Boss","floor":16,"turns":15}],"seed_played":"5681229796511931090","potions_obtained":[{"floor":11,"key":"Regen Potion"},{"floor":14,"key":"Weak Potion"}],"is_trial":false,"path_per_floor":["M","M","M","?","$","E","M","R","T","T","M","R","?","M","R","B"],"character_chosen":"IRONCLAD","items_purchased":["Barricade","Armaments"],"campfire_rested":2,"item_purchase_floors":[5,5],"current_hp_per_floor":[88,88,88,81,81,44,44,44,44,44,43,69,69,50,76,0],"gold":104,"neow_bonus":"TEN_PERCENT_HP_BONUS","is_prod":false,"is_daily":false,"chose_seed":false,"campfire_upgraded":1,"win_rate":0.0,"timestamp":1553558523,"path_taken":["M","M","M","?","$","E","M","R","T","?","M","R","?","M","R","BOSS"],"build_version":"2019-01-23","purchased_purges":0,"victory":false,"max_hp_per_floor":[88,88,88,88,88,88,88,88,88,88,88,88,88,88,88,88],"card_choices":[{"not_picked":["Headbutt","Warcry"],"picked":"Thunderclap","floor":1},{"not_picked":["Searing Blow","Whirlwind"],"picked":"Pommel Strike","floor":2},{"not_picked":["Flex","Armaments"],"picked":"Shrug It Off","floor":3},{"not_picked":["Clothesline","Feed"],"picked":"Spot Weakness","floor":6},{"not_picked":["Sever Soul","Rupture","Reckless Charge"],"picked":"SKIP","floor":7},{"not_picked":["Sword Boomerang","Burning Pact","Wild Strike"],"picked":"SKIP","floor":11},{"not_picked":["Fire Breathing","Headbutt"],"picked":"Heavy Blade","floor":12},{"not_picked":["Thunderclap","Rupture"],"picked":"Power Through","floor":14},{"not_picked":["Cleave","Wild Strike"],"picked":"Shockwave","floor":15}],"player_experience":24943,"relics_obtained":[{"floor":6,"key":"Bag of Marbles"},{"floor":9,"key":"Dream Catcher"},{"floor":10,"key":"Smiling Mask"}],"event_choices":[{"damage_healed":0,"gold_gain":0,"player_choice":"Success","damage_taken":7,"relics_obtained":["Centennial Puzzle"],"max_hp_gain":0,"max_hp_loss":0,"event_name":"Scrap Ooze","floor":4,"gold_loss":0},{"damage_healed":0,"gold_gain":0,"player_choice":"Left Gold","damage_taken":0,"max_hp_gain":0,"max_hp_loss":0,"event_name":"World of Goop","floor":13,"gold_loss":27}],"is_beta":false,"boss_relics":[],"items_purged_floors":[],"is_endless":false,"potions_floor_spawned":[11,14],"killed_by":"Slime Boss","ascension_level":0}