{"gold_per_floor":[118,81,101,118,118,118,139,139,139,159,177,177,203,203,203,298,298,314,91,105,125,135,135,153,167,190,190,205,205,216,231,231,333,333,345,365,296,307,307,307,320,320,343,343,390,420,420,11,11,11],"floor_reached":51,"playtime":2769,"items_purged":[],"score":839,"play_id":"7c92669c-f586-46a9-af39-74bd809e1a21","local_time":"20180915033603","is_ascension_mode":true,"campfire_choices":[{"data":"Storm","floor":6,"key":"SMITH"},{"data":"Defragment","floor":8,"key":"SMITH"},{"data":"White Noise","floor":12,"key":"SMITH"},{"floor":15,"key":"REST"},{"data":"Storm","floor":23,"key":"SMITH"},{"data":"Capacitor","floor":27,"key":"SMITH"},{"data":"Loop","floor":29,"key":"SMITH"},{"data":"Static Discharge","floor":32,"key":"SMITH"},{"data":"Defragment","floor":40,"key":"SMITH"},{"data":"Seek","floor":42,"key":"SMITH"},{"data":"Thunder Strike","floor":44,"key":"SMITH"},{"data":"Electrodynamics","floor":47,"key":"SMITH"},{"floor":49,"key":"REST"}],"neow_cost":"","seed_source_timestamp":45226339328814,"circlet_count":0,"master_deck":["Strike_B","Strike_B","Strike_B","Defend_B","Defend_B","Defend_B","Defend_B","Zap","Dualcast","Defragment+1","Storm+1","Loop+1","Electrodynamics+1","Heatsinks","White Noise+1","Seek+1","Self Repair","FTL","Consume","Self Repair","Storm+1","Go for the Eyes+1","Static Discharge+1","Force Field+1","Coolheaded","Capacitor+1","Hello World+1","Glacier+1","Thunder Strike+1","Stack+1","Defragment+1","Glacier","Heatsinks+1","Panache","Heatsinks"],"relics":["Cracked Core","NlothsMask","Odd Mushroom","Bird Faced Urn","Orrery","Anchor","Dream Catcher","Lizard Tail","Ancient Tea Set","Turnip","Strawberry","Oddly Smooth Stone"],"potions_floor_usage":[7,7,13,16,38,41,41,41,45,45,45,50],"damage_taken":[{"damage":0,"enemies":"Cultist","floor":1,"turns":2},{"damage":3,"enemies":"2 Louse","floor":3,"turns":2},{"damage":7,"enemies":"Small Slimes","floor":4,"turns":3},{"damage":18,"enemies":"The Mushroom Lair","floor":7,"turns":3},{"damage":11,"enemies":"Blue Slaver","floor":10,"turns":3},{"damage":12,"enemies":"2 Fungi Beasts","floor":11,"turns":2},{"damage":20,"enemies":"Lagavulin","floor":13,"turns":3},{"damage":47,"enemies":"Hexaghost","floor":16,"turns":7},{"damage":12,"enemies":"Chosen","floor":18,"turns":3},{"damage":0,"enemies":"3 Byrds","floor":20,"turns":1},{"damage":10,"enemies":"Shelled Parasite and Fungi","floor":21,"turns":3},{"damage":0,"enemies":"Snecko","floor":22,"turns":3},{"damage":7,"enemies":"3 Cultists","floor":24,"turns":4},{"damage":11,"enemies":"Sentry and Sphere","floor":25,"turns":3},{"damage":17,"enemies":"Snecko","floor":28,"turns":4},{"damage":14,"enemies":"Snake Plant","floor":30,"turns":2},{"damage":11,"enemies":"Sentry and Sphere","floor":31,"turns":3},{"damage":50,"enemies":"Collector","floor":33,"turns":5},{"damage":23,"enemies":"3 Shapes","floor":35,"turns":3},{"damage":21,"enemies":"3 Darklings","floor":36,"turns":4},{"damage":16,"enemies":"Transient","floor":38,"turns":5},{"damage":14,"enemies":"Sphere and 2 Shapes","floor":41,"turns":3},{"damage":48,"enemies":"Mysterious Sphere","floor":45,"turns":4},{"damage":12,"enemies":"2 Orb Walkers","floor":46,"turns":3},{"damage":74,"enemies":"Awakened One","floor":50,"turns":9}],"seed_played":"3430125421861155239","potions_obtained":[{"floor":1,"key":"Regen Potion"},{"floor":3,"key":"PowerPotion"},{"floor":11,"key":"LiquidBronze"},{"floor":13,"key":"Ancient Potion"},{"floor":16,"key":"EssenceOfSteel"},{"floor":20,"key":"Fire Potion"},{"floor":25,"key":"Swift Potion"},{"floor":28,"key":"SteroidPotion"},{"floor":38,"key":"EntropicBrew"},{"floor":41,"key":"Regen Potion"},{"floor":46,"key":"SkillPotion"}],"is_trial":false,"path_per_floor":["M","$","M","M","?","R","?","R","T","M","M","R","E","?","R","B",null,"M","$","M","M","M","R","M","M","T","R","M","R","M","M","R","B",null,"M","M","$","M","?","R","M","R","T","R","?","E","R","$","R","B"],"character_chosen":"DEFECT","items_purchased":["Defragment","Anchor","Static Discharge","Defragment","Panache","Oddly Smooth Stone","Heatsinks"],"campfire_rested":2,"item_purchase_floors":[2,19,19,37,48,48,48],"current_hp_per_floor":[75,75,72,65,65,65,56,56,56,45,33,33,13,38,60,25,63,74,74,75,75,75,75,75,66,66,66,75,75,67,73,73,44,67,65,60,60,71,71,71,75,75,75,75,60,69,69,69,82,35],"gold":11,"neow_bonus":"","is_prod":false,"is_daily":false,"chose_seed":false,"campfire_upgraded":11,"win_rate":0,"timestamp":1536975363,"path_taken":["M","?","M","M","?","R","?","R","T","M","M","R","E","?","R","BOSS","M","$","M","M","M","R","M","M","T","R","M","R","M","M","R","BOSS","M","M","$","M","?","R","M","R","T","R","?","E","R","$","R","BOSS"],"build_version":"2018-09-06","purchased_purges":0,"victory":true,"max_hp_per_floor":[75,75,75,75,75,75,75,75,75,75,75,75,75,75,75,75,75,75,75,75,75,75,75,75,75,75,75,75,75,75,75,75,75,75,75,75,75,75,75,75,75,75,75,75,75,82,82,82,82,82],"card_choices":[{"not_picked":["Sunder","Streamline","Coolheaded"],"picked":"SKIP","floor":1},{"not_picked":["Rip and Tear","Genetic Algorithm"],"picked":"Storm","floor":3},{"not_picked":["Redo","Beam Cell"],"picked":"Loop","floor":4},{"not_picked":["Streamline","Capacitor"],"picked":"Electrodynamics","floor":7},{"not_picked":["Cold Snap","Conserve Battery"],"picked":"Heatsinks","floor":10},{"not_picked":["Glacier","Steam"],"picked":"White Noise","floor":11},{"not_picked":["Steam","Skim","Scrape"],"picked":"SKIP","floor":13},{"not_picked":["Rainbow","Multi-Cast"],"picked":"Seek","floor":16},{"not_picked":["Reprogram","Cold Snap"],"picked":"Self Repair","floor":17},{"not_picked":["Steam Power","Compile Driver"],"picked":"FTL","floor":17},{"not_picked":["Skim","Barrage"],"picked":"Consume","floor":17},{"not_picked":["Sweeping Beam","Ball Lightning"],"picked":"Self Repair","floor":17},{"not_picked":["Static Discharge","Hologram"],"picked":"Storm","floor":17},{"not_picked":["Sweeping Beam","Conserve Battery"],"picked":"Go for the Eyes+1","floor":18},{"not_picked":["Go for the Eyes","Undo"],"picked":"Force Field+1","floor":20},{"not_picked":["Ball Lightning","Steam Power"],"picked":"Coolheaded","floor":21},{"not_picked":["Consume","Tempest","Go for the Eyes"],"picked":"SKIP","floor":22},{"not_picked":["Turbo","Beam Cell"],"picked":"Capacitor","floor":24},{"not_picked":["Coolheaded","Chaos"],"picked":"Hello World+1","floor":25},{"not_picked":["Blizzard","Tempest","Reinforced Body"],"picked":"SKIP","floor":28},{"not_picked":["All For One","Rebound"],"picked":"Glacier+1","floor":30},{"not_picked":["Turbo","Doom and Gloom","Steam"],"picked":"SKIP","floor":31},{"not_picked":["Amplify","Multi-Cast"],"picked":"Thunder Strike","floor":33},{"not_picked":["Sweeping Beam","Steam","Hello World"],"picked":"SKIP","floor":35},{"not_picked":["Coolheaded","Ball Lightning"],"picked":"Stack+1","floor":36},{"not_picked":["Compile Driver+1","Sweeping Beam","Redo"],"picked":"SKIP","floor":38},{"not_picked":["Multi-Cast","Ball Lightning+1"],"picked":"Glacier","floor":41},{"not_picked":["Redo+1","Undo+1"],"picked":"Heatsinks+1","floor":45},{"not_picked":["Conserve Battery","Cold Snap","Darkness"],"picked":"SKIP","floor":46}],"player_experience":169760,"relics_obtained":[{"floor":7,"key":"Odd Mushroom"},{"floor":13,"key":"Bird Faced Urn"},{"floor":26,"key":"Dream Catcher"},{"floor":43,"key":"Ancient Tea Set"},{"floor":45,"key":"Turnip"},{"floor":46,"key":"Strawberry"}],"event_choices":[{"event_name":"FaceTrader","player_choice":"Trade","floor":5,"damage_taken":0},{"event_name":"Mushrooms","player_choice":"Fought Mushrooms","floor":7,"damage_taken":0},{"event_name":"Big Fish","player_choice":"Banana","floor":14,"damage_taken":0},{"event_name":"Falling","player_choice":"Removed Attack","floor":39,"damage_taken":0},{"event_name":"Mysterious Sphere","player_choice":"Fight","floor":45,"damage_taken":0}],"is_beta":false,"boss_relics":[{"not_picked":["Coffee Dripper","Runic Dome"],"picked":"Orrery"},{"not_picked":["Fusion Hammer","FrozenCore"],"picked":"Lizard Tail"}],"items_purged_floors":[],"is_endless":false,"potions_floor_spawned":[1,3,11,13,16,20,25,28,38,41,46],"ascension_level":5}