{"gold_per_floor":[13,23,123,148,148,148,186,210,210,235,160,160,181,7,7,137,137,161,186,34,54,67,67,130,130,130,55,96,96,96,0,0,0],"floor_reached":33,"playtime":1800,"items_purged":["Strike_B","Defend_B"],"score":396,"play_id":"c4118c08-bbbb-442e-9f2a-f500ce43bdc6","local_time":"20180916231749","is_ascension_mode":true,"campfire_choices":[{"data":"Electrodynamics","floor":6,"key":"SMITH"},{"data":"Dualcast","floor":12,"key":"SMITH"},{"data":"Zap","floor":15,"key":"SMITH"},{"floor":23,"key":"REST"},{"floor":25,"key":"REST"},{"floor":29,"key":"REST"},{"floor":32,"key":"REST"}],"neow_cost":"NO_GOLD","seed_source_timestamp":123176149050949,"circlet_count":0,"master_deck":["Strike_B","Strike_B","Defend_B","Defend_B","Defend_B","Zap+1","Dualcast+1","Electrodynamics+1","Steam","Go for the Eyes","Multi-Cast","Leap","Reinforced Body","Auto Shields","Capacitor","Reboot","Consume+1","Melter","Storm","White Noise","Leap","Seek","Steam+1","Melter+1"],"relics":["Cracked Core","Blood Vial","Bottled Tornado","Mercury Hourglass","Sozu","Tiny Chest","Ornamental Fan","Symbiotic Virus","Nloth\u0027s Gift"],"potions_floor_usage":[18,24],"damage_taken":[{"damage":3,"enemies":"Jaw Worm","floor":1,"turns":4},{"damage":0,"enemies":"Cultist","floor":2,"turns":3},{"damage":14,"enemies":"3 Sentries","floor":7,"turns":4},{"damage":0,"enemies":"Small Slimes","floor":8,"turns":2},{"damage":1,"enemies":"Exordium Wildlife","floor":10,"turns":2},{"damage":6,"enemies":"Looter","floor":13,"turns":3},{"damage":23,"enemies":"The Guardian","floor":16,"turns":11},{"damage":4,"enemies":"Shell Parasite","floor":18,"turns":4},{"damage":0,"enemies":"Spheric Guardian","floor":19,"turns":2},{"damage":27,"enemies":"Snecko","floor":21,"turns":4},{"damage":25,"enemies":"Centurion and Healer","floor":22,"turns":5},{"damage":27,"enemies":"Book of Stabbing","floor":24,"turns":6},{"damage":14,"enemies":"Slavers","floor":28,"turns":3},{"damage":60,"enemies":"Automaton","floor":33,"turns":6}],"seed_played":"-7713146487649369486","potions_obtained":[{"floor":2,"key":"SkillPotion"},{"floor":8,"key":"Poison Potion"},{"floor":13,"key":"Energy Potion"}],"is_trial":false,"path_per_floor":["M","M","?","T","?","R","E","M","T","M","$","R","M","$","R","B",null,"M","M","$","M","M","R","E","R","T","?","E","R","?","?","R"],"character_chosen":"DEFECT","items_purchased":["Capacitor","Storm","White Noise"],"campfire_rested":4,"item_purchase_floors":[14,20,20],"current_hp_per_floor":[65,65,65,65,65,65,53,55,55,56,56,56,52,52,52,31,60,58,60,60,35,12,32,7,27,27,27,15,35,35,35,55,0],"gold":0,"neow_bonus":"THREE_RARE_CARDS","is_prod":false,"is_daily":false,"chose_seed":false,"campfire_upgraded":3,"win_rate":0,"timestamp":1537132669,"path_taken":["M","M","?","?","?","R","E","M","T","M","$","R","M","$","R","BOSS","M","M","$","M","M","R","E","R","T","?","E","R","?","?","R","BOSS"],"build_version":"2018-09-06","purchased_purges":2,"victory":false,"max_hp_per_floor":[75,75,75,75,69,69,69,69,69,69,69,69,69,69,69,69,69,69,69,69,69,69,69,69,69,69,69,69,69,69,69,69,69],"card_choices":[{"not_picked":["Rainbow","Core Surge"],"picked":"Electrodynamics","floor":0},{"not_picked":["Compile Driver","Skim"],"picked":"Steam","floor":1},{"not_picked":["Stack","Steam"],"picked":"Go for the Eyes","floor":2},{"not_picked":["Chill","Barrage"],"picked":"Multi-Cast","floor":7},{"not_picked":["Cold Snap","Barrage"],"picked":"Leap","floor":8},{"not_picked":["Go for the Eyes","Sweeping Beam"],"picked":"Reinforced Body","floor":10},{"not_picked":["Ball Lightning","Tempest"],"picked":"Auto Shields","floor":13},{"not_picked":["Multi-Cast","Meteor Strike"],"picked":"Reboot","floor":16},{"not_picked":["Turbo","Steam"],"picked":"Consume+1","floor":18},{"not_picked":["Hologram","Reprogram"],"picked":"Melter","floor":19},{"not_picked":["Beam Cell","Coolheaded"],"picked":"Leap","floor":21},{"not_picked":["Genetic Algorithm+1","Go for the Eyes"],"picked":"Seek","floor":22},{"not_picked":["Sunder","Ball Lightning"],"picked":"Steam+1","floor":24},{"not_picked":["Rebound","Machine Learning"],"picked":"Melter+1","floor":28}],"player_experience":257288,"relics_obtained":[{"floor":4,"key":"Blood Vial"},{"floor":7,"key":"Bottled Tornado"},{"floor":9,"key":"Mercury Hourglass"},{"floor":24,"key":"Tiny Chest"},{"floor":26,"key":"Ornamental Fan"},{"floor":28,"key":"Symbiotic Virus"}],"event_choices":[{"event_name":"Golden Shrine","player_choice":"Pray","floor":3,"damage_taken":0},{"event_name":"Golden Idol","player_choice":"Lose Max HP","floor":5,"damage_taken":0},{"event_name":"Beggar","player_choice":"Gave Gold","floor":27,"damage_taken":0},{"event_name":"N\u0027loth","player_choice":"Traded a Golden Idol","floor":30,"damage_taken":0},{"event_name":"Masked Bandits","player_choice":"Paid Fearfully","floor":31,"damage_taken":0}],"is_beta":false,"boss_relics":[{"not_picked":["Snecko Eye","Busted Crown"],"picked":"Sozu"}],"items_purged_floors":[11,14],"is_endless":false,"potions_floor_spawned":[2,8,13,18,19,24],"killed_by":"Automaton","ascension_level":8}