{"gold_per_floor":[112,112,124,136,61,61,92,92,92,92,17,17,35,35,35,112,112,131,31,48,60,80,80,113,113,113,139,89,121,36,54,54,128,128,143,157,157,107,107,134,0,16,16,16,41,61,37,69,69,69],"floor_reached":51,"playtime":6801,"items_purged":["Defend_G","Strike_G","Defend_G","Strike_G+1"],"score":1514,"play_id":"8598c3a1-3381-4347-84a7-d98b52d9f738","local_time":"20190216170503","is_ascension_mode":true,"campfire_choices":[{"data":"Terror","floor":6.0,"key":"SMITH"},{"data":"Dagger Spray","floor":8.0,"key":"SMITH"},{"data":"Neutralize","floor":12.0,"key":"SMITH"},{"data":"Noxious Fumes","floor":15.0,"key":"SMITH"},{"data":"Storm of Steel","floor":23.0,"key":"SMITH"},{"floor":25.0,"key":"REST"},{"data":"Calculated Gamble","floor":32,"key":"SMITH"},{"floor":44,"key":"REST"},{"floor":49,"key":"REST"}],"neow_cost":"TEN_PERCENT_HP_LOSS","seed_source_timestamp":0,"circlet_count":0,"master_deck":["AscendersBane","Defend_G","Defend_G","Strike_G+1","Survivor","Neutralize+1","Dagger Spray+1","Dagger Throw","Terror+1","Calculated Gamble+1","Flechettes","Noxious Fumes+1","Storm of Steel+1","Backflip+1","Cloak And Dagger","PiercingWail+1","PiercingWail","Tactician","Storm of Steel","Acrobatics+1","Glass Knife","Unload","Backflip+1","Tactician","Deadly Poison","Well Laid Plans"],"special_seed":0,"relics":["Ring of the Serpent","Tough Bandages","The Specimen","Unceasing Top","Lantern","Smiling Mask","Ninja Scroll","Whetstone","Bottled Tornado","Bird Faced Urn","Fusion Hammer","Boot","Singing Bowl","Red Mask","Ancient Tea Set","Oddly Smooth Stone","Mummified Hand"],"potions_floor_usage":[33,50,50],"damage_taken":[{"damage":0.0,"enemies":"Small Slimes","floor":1.0,"turns":7.0},{"damage":1.0,"enemies":"Jaw Worm","floor":3.0,"turns":5.0},{"damage":0.0,"enemies":"2 Louse","floor":4.0,"turns":4.0},{"damage":34.0,"enemies":"3 Sentries","floor":7.0,"turns":10.0},{"damage":0.0,"enemies":"Gremlin Gang","floor":13.0,"turns":2.0},{"damage":7.0,"enemies":"Hexaghost","floor":16.0,"turns":9.0},{"damage":0.0,"enemies":"3 Byrds","floor":18.0,"turns":3.0},{"damage":3.0,"enemies":"Shell Parasite","floor":20.0,"turns":4.0},{"damage":7.0,"enemies":"Chosen and Byrds","floor":21.0,"turns":5.0},{"damage":12.0,"enemies":"Snake Plant","floor":22.0,"turns":5.0},{"damage":0.0,"enemies":"Gremlin Leader","floor":24.0,"turns":4.0},{"damage":0.0,"enemies":"Book of Stabbing","floor":27.0,"turns":4.0},{"damage":4,"enemies":"Slavers","floor":29,"turns":4},{"damage":0,"enemies":"Snecko","floor":31,"turns":4},{"damage":1,"enemies":"Collector","floor":33,"turns":7},{"damage":7,"enemies":"Orb Walker","floor":35,"turns":3},{"damage":0,"enemies":"3 Darklings","floor":36,"turns":4},{"damage":10,"enemies":"Nemesis","floor":40,"turns":5},{"damage":0,"enemies":"Transient","floor":42,"turns":5},{"damage":0,"enemies":"Reptomancer","floor":45,"turns":4},{"damage":0,"enemies":"Jaw Worm Horde","floor":46,"turns":3},{"damage":0,"enemies":"Nemesis","floor":48,"turns":5},{"damage":20,"enemies":"Time Eater","floor":50,"turns":11}],"seed_played":"-1700954919215517861","potions_obtained":[{"floor":1.0,"key":"GhostInAJar"},{"floor":7.0,"key":"AttackPotion"},{"floor":20.0,"key":"FearPotion"},{"floor":27,"key":"Dexterity Potion"},{"floor":29,"key":"Swift Potion"},{"floor":33,"key":"Explosive Potion"},{"floor":35,"key":"EssenceOfSteel"},{"floor":46,"key":"Strength Potion"}],"is_trial":false,"path_per_floor":["M","?","M","M","?","R","E","R","T","?","$","R","M","T","R","B",null,"M","$","M","M","M","R","E","R","T","E","$","E","?","M","R","B",null,"M","M","?","$","T","E","?","M","T","R","E","M","$","E","R","B",null],"character_chosen":"THE_SILENT","items_purchased":["Deadly Poison"],"campfire_rested":3,"item_purchase_floors":[47],"current_hp_per_floor":[59,59,58,58,58,58,24,24,24,24,24,24,24,24,24,17,49,49,49,46,39,27,27,27,45,45,45,45,41,41,43,43,44,56,51,53,53,53,53,45,45,47,47,60,62,62,62,62,62,42],"gold":69,"neow_bonus":"ONE_RARE_RELIC","is_prod":false,"is_daily":false,"chose_seed":false,"campfire_upgraded":6,"win_rate":0,"timestamp":1550365503,"path_taken":["M","?","M","M","?","R","E","R","T","?","$","R","?","?","R","BOSS","M","$","M","M","M","R","E","R","T","E","?","E","?","M","R","BOSS","M","M","?","$","?","E","?","M","T","R","E","?","?","E","R","BOSS"],"build_version":"2019-01-23","purchased_purges":4,"victory":true,"max_hp_per_floor":[60,60,60,60,60,60,60,60,60,60,60,60,60,60,60,60,60,60,60,60,60,60,60,60,60,60,60,60,60,60,60,60,60,60,60,60,60,60,60,60,60,60,60,60,62,62,62,62,62,62],"card_choices":[{"not_picked":["Bouncing Flask","Deadly Poison"],"picked":"Dagger Spray","floor":1.0},{"not_picked":["Bane","Setup"],"picked":"Dagger Throw","floor":3.0},{"not_picked":["Sucker Punch","Dagger Throw"],"picked":"Terror","floor":4.0},{"not_picked":["Eviscerate","Catalyst"],"picked":"Calculated Gamble","floor":7.0},{"not_picked":["Slice","Grand Finale"],"picked":"Noxious Fumes","floor":13.0},{"not_picked":["Night Terror","Adrenaline"],"picked":"Storm of Steel","floor":16.0},{"not_picked":["Deflect","Catalyst+1"],"picked":"Backflip+1","floor":18.0},{"not_picked":["Dodge and Roll","Deadly Poison"],"picked":"Cloak And Dagger","floor":20.0},{"not_picked":["Prepared","Expertise","Cloak And Dagger"],"picked":"SKIP","floor":21.0},{"not_picked":["Skewer","Deadly Poison","Catalyst"],"picked":"SKIP","floor":22.0},{"not_picked":["Cloak And Dagger","Deflect","Unload"],"picked":"SKIP","floor":24.0},{"not_picked":["Backstab","Riddle With Holes"],"picked":"PiercingWail+1","floor":27},{"not_picked":["Slice","Dagger Throw"],"picked":"PiercingWail","floor":29},{"not_picked":["Blade Dance","Eviscerate"],"picked":"Tactician","floor":31},{"not_picked":["Phantasmal Killer","Adrenaline"],"picked":"Storm of Steel","floor":33},{"not_picked":["Outmaneuver","Sucker Punch"],"picked":"Acrobatics+1","floor":35},{"not_picked":["Blade Dance","Underhanded Strike","Outmaneuver"],"picked":"SKIP","floor":36},{"not_picked":["Finisher","Deflect+1"],"picked":"Unload","floor":40},{"not_picked":["Dagger Throw","Leg Sweep"],"picked":"Backflip+1","floor":42},{"not_picked":["PiercingWail","Underhanded Strike","Skewer"],"picked":"Singing Bowl","floor":45},{"not_picked":["Sucker Punch","Outmaneuver+1"],"picked":"Tactician","floor":46},{"not_picked":["After Image","Prepared"],"picked":"Well Laid Plans","floor":48}],"player_experience":639276,"relics_obtained":[{"floor":7.0,"key":"The Specimen"},{"floor":9.0,"key":"Unceasing Top"},{"floor":14.0,"key":"Lantern"},{"floor":24.0,"key":"Smiling Mask"},{"floor":26.0,"key":"Ninja Scroll"},{"floor":27,"key":"Whetstone"},{"floor":29,"key":"Bottled Tornado"},{"floor":39,"key":"Boot"},{"floor":40,"key":"Singing Bowl"},{"floor":43,"key":"Ancient Tea Set"},{"floor":45,"key":"Oddly Smooth Stone"},{"floor":48,"key":"Mummified Hand"}],"event_choices":[{"damage_healed":0.0,"max_hp_gain":0.0,"max_hp_loss":0.0,"gold_gain":0.0,"event_name":"Liars Game","player_choice":"Ignored","floor":2.0,"gold_loss":0.0,"damage_taken":0.0},{"cards_removed":["Strike_G"],"damage_healed":0.0,"max_hp_gain":0.0,"max_hp_loss":0.0,"gold_gain":0.0,"event_name":"The Cleric","player_choice":"Card Removal","floor":5.0,"gold_loss":75.0,"damage_taken":0.0},{"damage_healed":0.0,"max_hp_gain":0.0,"max_hp_loss":0.0,"gold_gain":0.0,"cards_transformed":["Strike_G"],"event_name":"Transmorgrifier","player_choice":"Transformed","floor":10.0,"gold_loss":0.0,"damage_taken":0.0,"cards_obtained":["Flechettes"]},{"damage_healed":0,"gold_gain":0,"player_choice":"Obtained Relic","damage_taken":0,"relics_obtained":["Bird Faced Urn"],"max_hp_gain":0,"max_hp_loss":0,"event_name":"Addict","floor":30,"gold_loss":85},{"damage_healed":0,"gold_gain":0,"cards_transformed":["Defend_G"],"player_choice":"Transformed","damage_taken":0,"max_hp_gain":0,"max_hp_loss":0,"event_name":"Transmorgrifier","floor":37,"gold_loss":0,"cards_obtained":["Glass Knife"]},{"damage_healed":0,"gold_gain":0,"player_choice":"Paid","damage_taken":0,"relics_obtained":["Red Mask"],"max_hp_gain":0,"max_hp_loss":0,"event_name":"Tomb of Lord Red Mask","floor":41,"gold_loss":134}],"is_beta":false,"boss_relics":[{"not_picked":["Orrery","Snecko Eye"],"picked":"Ring of the Serpent"},{"not_picked":["Calling Bell","Coffee Dripper"],"picked":"Fusion Hammer"}],"items_purged_floors":[11,19,28,38],"is_endless":false,"potions_floor_spawned":[1,7,20,27,29,33,35,40,46],"ascension_level":16}