{"gold_per_floor":[117,127,18,36,47,76,76,76,76,109,109,134,134,163,163,258,258,278,34,53,13,31,31,60,60,60,60,93,93,105,137,137,137],"floor_reached":33,"playtime":1364,"items_purged":["Strike_G"],"score":505,"play_id":"296ee583-8d86-4a59-b4d5-f8bc8b0e4a51","local_time":"20181208201903","is_ascension_mode":true,"campfire_choices":[{"data":"Neutralize","floor":7.0,"key":"SMITH"},{"floor":11.0,"key":"REST"},{"data":"Leg Sweep","floor":13.0,"key":"SMITH"},{"data":"All Out Attack","floor":15.0,"key":"SMITH"},{"data":"Burst","floor":23,"key":"SMITH"},{"floor":25,"key":"REST"},{"data":"Cloak And Dagger","floor":32,"key":"SMITH"}],"neow_cost":"NONE","seed_source_timestamp":0,"circlet_count":0,"master_deck":["Defend_G+1","Defend_G+1","Defend_G+1","Defend_G+1","Defend_G+1","Strike_G+1","Strike_G+1","Strike_G+1","Strike_G+1","Survivor","Neutralize+1","Dash+1","All Out Attack+1","Dagger Throw","Leg Sweep+1","Burst+1","Cloak And Dagger+1","Infinite Blades+1","Well Laid Plans","Masterful Stab+1","Leg Sweep+1","Quick Slash+1","Phantasmal Killer+1"],"special_seed":0,"relics":["Ring of the Snake","Singing Bowl","Mummified Hand","Shuriken","Calipers","Darkstone Periapt","Philosopher\u0027s Stone","Molten Egg 2","Bag of Preparation","Toxic Egg 2","Dead Branch","Blood Vial"],"potions_floor_usage":[24,28],"damage_taken":[{"damage":6.0,"enemies":"Cultist","floor":1.0,"turns":5.0},{"damage":0.0,"enemies":"2 Louse","floor":2.0,"turns":2.0},{"damage":0.0,"enemies":"Small Slimes","floor":4.0,"turns":4.0},{"damage":9.0,"enemies":"Blue Slaver","floor":5.0,"turns":4.0},{"damage":17.0,"enemies":"3 Sentries","floor":6.0,"turns":6.0},{"damage":23.0,"enemies":"Lagavulin","floor":10.0,"turns":8.0},{"damage":5.0,"enemies":"Gremlin Nob","floor":12.0,"turns":4.0},{"damage":17.0,"enemies":"Lagavulin","floor":14.0,"turns":9.0},{"damage":12.0,"enemies":"Slime Boss","floor":16.0,"turns":13.0},{"damage":0,"enemies":"Chosen","floor":18,"turns":6},{"damage":18,"enemies":"Spheric Guardian","floor":20,"turns":5},{"damage":15,"enemies":"Cultist and Chosen","floor":22,"turns":6},{"damage":8,"enemies":"Gremlin Leader","floor":24,"turns":6},{"damage":6,"enemies":"Slavers","floor":28,"turns":4},{"damage":0,"enemies":"Snecko","floor":30,"turns":3},{"damage":1,"enemies":"Gremlin Leader","floor":31,"turns":6},{"damage":45,"enemies":"Champ","floor":33,"turns":6}],"seed_played":"1981295336476511504","potions_obtained":[{"floor":1.0,"key":"LiquidBronze"},{"floor":10.0,"key":"GhostInAJar"},{"floor":20,"key":"Ancient Potion"},{"floor":22,"key":"AttackPotion"}],"is_trial":false,"path_per_floor":["M","M","$","M","M","E","R","?","T","E","R","E","R","E","R","B",null,"M","$","M","$","M","R","E","R","T","?","E","$","M","E","R","B"],"character_chosen":"THE_SILENT","items_purchased":["All Out Attack","Molten Egg 2","Well Laid Plans"],"campfire_rested":2,"item_purchase_floors":[3,19,21],"current_hp_per_floor":[64,64,64,64,55,40,40,40,40,19,43,38,38,23,23,11,65,65,65,47,47,32,32,24,48,48,48,42,42,44,43,43,0],"gold":137,"neow_bonus":"TEN_PERCENT_HP_BONUS","is_prod":false,"is_daily":false,"chose_seed":false,"campfire_upgraded":5,"win_rate":0,"timestamp":1544318343,"path_taken":["M","M","?","?","M","E","R","?","T","E","R","E","R","E","R","BOSS","M","?","M","$","?","R","E","R","T","?","E","$","M","E","R","BOSS"],"build_version":"2018-12-06","purchased_purges":1,"victory":false,"max_hp_per_floor":[77,77,77,77,77,79,79,79,79,81,81,81,81,83,83,83,83,83,83,83,83,83,83,83,83,83,83,83,83,85,85,85,85],"card_choices":[{"not_picked":["Flying Knee","Choke"],"picked":"Dash","floor":1.0},{"not_picked":["Riddle With Holes","Setup","Acrobatics"],"picked":"SKIP","floor":2.0},{"not_picked":["Deflect","Bouncing Flask"],"picked":"Dagger Throw","floor":4.0},{"not_picked":["Bane","Blur","Flying Knee"],"picked":"SKIP","floor":5.0},{"not_picked":["Acrobatics","Dagger Spray","Dagger Throw"],"picked":"Singing Bowl","floor":6.0},{"not_picked":["Deadly Poison","Endless Agony","Riddle With Holes"],"picked":"Singing Bowl","floor":10.0},{"not_picked":["Doppelganger","Flechettes"],"picked":"Leg Sweep","floor":12.0},{"not_picked":["Phantasmal Killer","Acrobatics","Eviscerate"],"picked":"Singing Bowl","floor":14.0},{"not_picked":["Tools of the Trade","Unload"],"picked":"Burst","floor":16.0},{"not_picked":["Slice","Prepared+1"],"picked":"Cloak And Dagger","floor":18},{"not_picked":["PiercingWail","Leg Sweep"],"picked":"Infinite Blades+1","floor":20},{"not_picked":["Riddle With Holes+1","Underhanded Strike+1"],"picked":"Masterful Stab+1","floor":22},{"not_picked":["Bouncing Flask+1","Dodge and Roll"],"picked":"Leg Sweep+1","floor":24},{"not_picked":["Wraith Form v2","Prepared+1"],"picked":"Quick Slash+1","floor":28},{"not_picked":["Dagger Spray+1","Deadly Poison+1","Bane+1"],"picked":"Singing Bowl","floor":30},{"not_picked":["Reflex+1","Riddle With Holes+1"],"picked":"Phantasmal Killer+1","floor":31}],"player_experience":533168,"relics_obtained":[{"floor":6.0,"key":"Singing Bowl"},{"floor":9.0,"key":"Mummified Hand"},{"floor":10.0,"key":"Shuriken"},{"floor":12.0,"key":"Calipers"},{"floor":14.0,"key":"Darkstone Periapt"},{"floor":24,"key":"Bag of Preparation"},{"floor":26,"key":"Toxic Egg 2"},{"floor":28,"key":"Dead Branch"},{"floor":31,"key":"Blood Vial"}],"event_choices":[{"damage_healed":0.0,"max_hp_gain":0.0,"max_hp_loss":0.0,"gold_gain":0.0,"event_name":"Accursed Blacksmith","player_choice":"Forge","floor":8.0,"gold_loss":0.0,"damage_taken":0.0,"cards_upgraded":["Dash"]},{"damage_healed":0,"gold_gain":0,"player_choice":"Simplicity","damage_taken":0,"max_hp_gain":0,"max_hp_loss":0,"event_name":"Back to Basics","floor":27,"gold_loss":0,"cards_upgraded":["Defend_G","Defend_G","Defend_G","Defend_G","Defend_G","Strike_G","Strike_G","Strike_G","Strike_G"]}],"is_beta":true,"boss_relics":[{"not_picked":["Ring of the Serpent","HoveringKite"],"picked":"Philosopher\u0027s Stone"}],"items_purged_floors":[3],"is_endless":false,"potions_floor_spawned":[1,10,20,22],"killed_by":"Champ","ascension_level":9}