{"path_per_floor":["M","M","?","M","?","R","E","?","T","$","M","M","M","T","R","B",null,"M","$","?","M","T"],"character_chosen":"DEFECT","items_purchased":["Glacier","EssenceOfSteel","Hyperbeam"],"gold_per_floor":[117,131,131,151,151,151,179,144,174,24,39,55,67,142,142,245,245,260,40,40,58,131,131],"floor_reached":23,"campfire_rested":1,"playtime":1029,"current_hp_per_floor":[68,65,50,50,43,43,24,24,24,24,24,21,21,21,43,43,67,67,67,67,60,60,0],"items_purged":["Strike_B"],"gold":131,"score":337,"play_id":"9649f023-536a-4087-babb-7e164c75634a","local_time":"20180518225132","is_prod":false,"is_daily":false,"chose_seed":false,"is_ascension_mode":true,"campfire_upgraded":1,"timestamp":1526676692,"campfire_choices":[{"data":"Creative AI","floor":6.0,"key":"SMITH"},{"floor":15.0,"key":"REST"}],"path_taken":["M","M","?","M","?","R","E","?","T","$","?","M","M","?","R","BOSS","M","$","?","M","?","E"],"build_version":"2018-05-17","seed_source_timestamp":0,"purchased_purges":1,"victory":false,"master_deck":["Strike_B+1","Strike_B","Defend_B","Defend_B+1","Defend_B","Defend_B","Zap","Dualcast","Creative AI+1","Steam","Cold Snap","Glacier","Melter","Glacier","Leap","Hologram","Redo","Reboot","Hologram+1","Hyperbeam","Defragment","Coolheaded+1"],"max_hp_per_floor":[75,75,75,75,75,75,75,75,75,75,75,75,75,75,75,75,75,75,75,75,75,75,75],"relics":["Cracked Core","Darkstone Periapt","Tiny Chest","Bottled Flame","Sozu","Letter Opener"],"card_choices":[{"not_picked":["Barrage","Hello World"],"picked":"Steam","floor":1.0},{"not_picked":["Axe Kick","Rebound"],"picked":"Cold Snap","floor":2.0},{"not_picked":["Coolheaded","Leap"],"picked":"Glacier","floor":4.0},{"not_picked":["All For One","Cold Snap"],"picked":"Melter","floor":7.0},{"not_picked":["Axe Kick","Melter"],"picked":"Leap","floor":11.0},{"not_picked":["Cold Snap","Streamline"],"picked":"Hologram","floor":12.0},{"not_picked":["Recycle","Axe Kick"],"picked":"Redo","floor":13.0},{"not_picked":["Biased Cognition","All For One"],"picked":"Reboot","floor":16.0},{"not_picked":["Sunder+1","Barrage+1"],"picked":"Hologram+1","floor":18},{"not_picked":["Skim+1","Beam Cell"],"picked":"Coolheaded+1","floor":21}],"player_experience":92636,"potions_floor_usage":[21],"damage_taken":[{"damage":0.0,"enemies":"Small Slimes","floor":1.0,"turns":3.0},{"damage":3.0,"enemies":"Jaw Worm","floor":2.0,"turns":5.0},{"damage":0.0,"enemies":"2 Louse","floor":4.0,"turns":2.0},{"damage":19.0,"enemies":"Gremlin Nob","floor":7.0,"turns":8.0},{"damage":0.0,"enemies":"Blue Slaver","floor":11.0,"turns":4.0},{"damage":3.0,"enemies":"2 Fungi Beasts","floor":12.0,"turns":4.0},{"damage":0.0,"enemies":"Looter","floor":13.0,"turns":4.0},{"damage":0.0,"enemies":"Hexaghost","floor":16.0,"turns":12.0},{"damage":0,"enemies":"Spheric Guardian","floor":18,"turns":1},{"damage":7,"enemies":"2 Thieves","floor":21,"turns":4},{"damage":78,"enemies":"Book of Stabbing","floor":23,"turns":9}],"relics_obtained":[{"floor":7.0,"key":"Darkstone Periapt"},{"floor":9.0,"key":"Tiny Chest"},{"floor":14.0,"key":"Bottled Flame"},{"floor":22,"key":"Letter Opener"}],"event_choices":[{"event_name":"Shining Light","player_choice":"Entered Light","floor":3.0,"damage_taken":0.0},{"event_name":"Golden Wing","player_choice":"Card Removal","floor":5.0,"damage_taken":0.0},{"event_name":"World of Goop","player_choice":"Left","floor":8.0,"damage_taken":0.0},{"event_name":"The Library","player_choice":"Read","floor":20,"damage_taken":0}],"boss_relics":[{"not_picked":["Orrery","Runic Dome"],"picked":"Sozu"}],"potions_floor_spawned":[11,12,13,16,18],"seed_played":"-4469238584723814871","killed_by":"Book of Stabbing","ascension_level":8,"potions_obtained":[{"floor":11.0,"key":"Ancient Potion"},{"floor":12.0,"key":"Poison Potion"},{"floor":13.0,"key":"SpeedPotion"},{"floor":16.0,"key":"Fire Potion"}],"is_trial":false}