{"gold_per_floor":[114,39,39,51,51,51,383,383,383,458,458,476,488,488,488,592,592,610,629,648,14,14],"floor_reached":22,"playtime":1061,"items_purged":["Regret"],"score":283,"play_id":"464241f6-c0f7-4735-ad9f-7806902ddcca","local_time":"20180916215336","is_ascension_mode":true,"campfire_choices":[{"data":"Dualcast","floor":6,"key":"SMITH"},{"floor":8,"key":"REST"},{"data":"Capacitor","floor":11,"key":"SMITH"},{"floor":15,"key":"REST"}],"neow_cost":"CURSE","seed_source_timestamp":118861954040684,"circlet_count":0,"master_deck":["Strike_B","Strike_B","Strike_B","Strike_B","Defend_B","Defend_B","Defend_B","Zap+1","Dualcast+1","Conserve Battery","Gash","Capacitor+1","Sweeping Beam","Undo","Seek","Melter+1","Double Energy","Buffer","Static Discharge"],"relics":["Cracked Core","Old Coin","Symbiotic Virus","White Beast Statue","Emotion Chip","Letter Opener"],"potions_floor_usage":[7,16,16,19,19],"damage_taken":[{"damage":9,"enemies":"Jaw Worm","floor":1,"turns":3},{"damage":1,"enemies":"Cultist","floor":4,"turns":4},{"damage":34,"enemies":"Gremlin Nob","floor":7,"turns":4},{"damage":7,"enemies":"Small Slimes","floor":12,"turns":3},{"damage":3,"enemies":"Blue Slaver","floor":13,"turns":4},{"damage":33,"enemies":"Hexaghost","floor":16,"turns":9},{"damage":12,"enemies":"Shell Parasite","floor":18,"turns":6},{"damage":14,"enemies":"2 Thieves","floor":19,"turns":4},{"damage":52,"enemies":"Centurion and Healer","floor":20,"turns":7},{"damage":0,"enemies":"Sentry and Sphere","floor":22,"turns":1}],"seed_played":"-7644254489003072253","potions_obtained":[{"floor":4,"key":"FocusPotion"},{"floor":7,"key":"EssenceOfSteel"},{"floor":12,"key":"FocusPotion"},{"floor":18,"key":"Weak Potion"},{"floor":19,"key":"Fruit Juice"},{"floor":20,"key":"Swift Potion"}],"is_trial":false,"path_per_floor":["M","$","?","M","?","R","E","R","T","?","R","M","M","?","R","B",null,"M","M","M","$"],"character_chosen":"DEFECT","items_purchased":["Static Discharge","Emotion Chip","Letter Opener"],"campfire_rested":2,"item_purchase_floors":[21,21,21],"current_hp_per_floor":[59,59,85,84,77,77,43,68,68,57,57,50,47,47,72,39,74,62,53,1,1,1],"gold":14,"neow_bonus":"THREE_RARE_CARDS","is_prod":false,"is_daily":false,"chose_seed":false,"campfire_upgraded":2,"win_rate":0,"timestamp":1537127616,"path_taken":["M","$","?","M","?","R","E","R","T","?","R","M","M","?","R","BOSS","M","M","M","$","M"],"build_version":"2018-09-06","purchased_purges":1,"victory":false,"max_hp_per_floor":[75,75,85,85,85,85,85,85,85,85,85,85,85,85,85,85,85,85,90,90,90,90],"card_choices":[{"not_picked":["All For One","Rainbow"],"picked":"Reboot","floor":0},{"not_picked":["Go for the Eyes","Redo"],"picked":"Conserve Battery","floor":1},{"not_picked":["Chill","Lockon"],"picked":"Gash","floor":4},{"not_picked":["Machine Learning","Sweeping Beam"],"picked":"Capacitor","floor":7},{"not_picked":["Compile Driver","Barrage"],"picked":"Sweeping Beam","floor":12},{"not_picked":["Skim","Chill"],"picked":"Undo","floor":13},{"not_picked":["Biased Cognition","All For One"],"picked":"Seek","floor":16},{"not_picked":["Steam","Go for the Eyes+1"],"picked":"Melter+1","floor":18},{"not_picked":["Melter","Steam Power"],"picked":"Double Energy","floor":19},{"not_picked":["Go for the Eyes","Compile Driver"],"picked":"Buffer","floor":20}],"player_experience":253126,"relics_obtained":[{"floor":7,"key":"Old Coin"},{"floor":9,"key":"Symbiotic Virus"}],"event_choices":[{"event_name":"Bonfire Elementals","player_choice":"RARE","floor":3,"damage_taken":0},{"event_name":"Golden Wing","player_choice":"Card Removal","floor":5,"damage_taken":0},{"event_name":"World of Goop","player_choice":"Gather Gold","floor":10,"damage_taken":0},{"event_name":"Living Wall","player_choice":"Grow","floor":14,"damage_taken":0}],"is_beta":false,"boss_relics":[{"not_picked":["FrozenCore","Snecko Eye"],"picked":"White Beast Statue"}],"items_purged_floors":[2],"is_endless":false,"potions_floor_spawned":[4,7,12,18,19,20],"killed_by":"Sentry and Sphere","ascension_level":8}