{"path_per_floor":["M","M","M","M","M","R","E","M","T","R","M","R","?","E","R","B",null,"M","M","M","$","M","E","R","?","T","M","M","?","M","$","R","B",null,"M","M","M","M","?","R","?"],"character_chosen":"IRONCLAD","items_purchased":["Ornamental Fan"],"gold_per_floor":[13,31,50,62,81,81,110,125,152,152,162,162,192,225,225,325,325,341,360,373,47,59,88,88,88,88,107,125,125,143,43,43,140,140,155,173,189,208,208,208,208],"floor_reached":42,"campfire_rested":1,"playtime":5933,"current_hp_per_floor":[65,65,68,60,57,57,55,52,52,52,51,51,51,44,44,26,80,76,64,50,50,57,71,71,55,55,58,64,90,90,90,90,61,90,67,66,52,42,42,84,73],"items_purged":["Defend_R","Defend_R"],"gold":208,"score":412,"play_id":"0aad45b6-7eb3-46b9-b898-0f6954e03d2f","is_prod":false,"is_daily":false,"is_ascension_mode":false,"campfire_upgraded":6,"path_taken":["M","?","M","M","M","R","E","M","T","R","M","R","?","E","R","BOSS","M","M","M","$","M","E","R","?","T","M","M","?","M","$","R","BOSS","M","M","?","M","?","R","?","E"],"build_version":"2018-02-12-PROD1","purchased_purges":2,"victory":false,"master_deck":["Strike_R+1","Strike_R","Strike_R","Strike_R","Defend_R","Bash","Uppercut+1","Anger+1","Blood for Blood+1","Clash","Armaments+1","Intimidate+1","Clash","Clash","Reaper","Twin Strike+1","Cleave+1","Iron Wave+1","Disarm+1","Sever Soul","Burning Pact","Clash","Demon Form","Metallicize","Flex","Disarm+1","Madness","Madness"],"max_hp_per_floor":[80,80,80,80,80,80,80,80,80,80,80,80,80,80,80,80,80,80,80,80,80,80,80,80,80,80,80,80,90,90,90,90,90,90,90,90,90,90,90,90,90],"relics":["Burning Blood","Anchor","Regal Pillow","Whetstone","Runic Cube","Ornamental Fan","Magic Flower","Enchiridion","Kunai","White Beast Statue"],"card_choices":[{"not_picked":["Second Wind","Anger"],"picked":"Uppercut"},{"not_picked":["Clothesline","Cleave"],"picked":"Anger"},{"not_picked":["Warcry","Clothesline"],"picked":"Blood for Blood"},{"not_picked":["Shockwave","Body Slam"],"picked":"Clash"},{"not_picked":["Feel No Pain","Flex"],"picked":"Armaments"},{"not_picked":["Thunderclap","Pummel"],"picked":"Dark Embrace"},{"not_picked":["Clothesline","Whirlwind"],"picked":"Intimidate"},{"not_picked":["Flame Barrier","Armaments"],"picked":"Clash"},{"not_picked":["Sword Boomerang","Reckless Charge"],"picked":"Clash"},{"not_picked":["Berserk","Double Tap"],"picked":"Reaper"},{"not_picked":["Thunderclap","Pummel"],"picked":"Twin Strike"},{"not_picked":["Clothesline","Battle Trance"],"picked":"Cleave"},{"not_picked":["Flex","Anger"],"picked":"Iron Wave"},{"not_picked":["Twin Strike","Headbutt"],"picked":"Disarm"},{"not_picked":["Headbutt","Pummel"],"picked":"Sever Soul"},{"not_picked":["Cleave","True Grit"],"picked":"Burning Pact"},{"not_picked":["Headbutt","Flame Barrier"],"picked":"Clash"},{"not_picked":["Double Tap","Dark Embrace"],"picked":"Demon Form"},{"not_picked":["Pommel Strike","True Grit"],"picked":"Metallicize"},{"not_picked":["Searing Blow","Cleave"],"picked":"Flex"},{"not_picked":["Headbutt","Shockwave"],"picked":"Disarm"}],"player_experience":8450,"potions_floor_usage":[23,28,33,36,37,38,42,42],"damage_taken":[{"damage":21.0,"enemies":"Blue Slaver","floor":1.0,"turns":5.0},{"damage":6.0,"enemies":"2 Louse","floor":2.0,"turns":2.0},{"damage":3.0,"enemies":"Jaw Worm","floor":3.0,"turns":3.0},{"damage":14.0,"enemies":"Large Slime","floor":4.0,"turns":5.0},{"damage":9.0,"enemies":"3 Louse","floor":5.0,"turns":3.0},{"damage":8.0,"enemies":"3 Sentries","floor":7.0,"turns":3.0},{"damage":9.0,"enemies":"Lots of Slimes","floor":8.0,"turns":5.0},{"damage":7.0,"enemies":"Large Slime","floor":11.0,"turns":6.0},{"damage":13.0,"enemies":"Lagavulin","floor":14.0,"turns":4.0},{"damage":24.0,"enemies":"Slime Boss","floor":16.0,"turns":11.0},{"damage":10,"enemies":"Shell Parasite","floor":18,"turns":4},{"damage":24,"enemies":"3 Byrds","floor":19,"turns":5},{"damage":24,"enemies":"Snecko","floor":20,"turns":6},{"damage":8,"enemies":"Centurion and Healer","floor":22,"turns":5},{"damage":2,"enemies":"Gremlin Leader","floor":23,"turns":7},{"damage":6,"enemies":"Snake Plant","floor":27,"turns":3},{"damage":15,"enemies":"Cultist and Chosen","floor":28,"turns":6},{"damage":11,"enemies":"Sentry and Sphere","floor":30,"turns":4},{"damage":38,"enemies":"Champ","floor":33,"turns":10},{"damage":32,"enemies":"3 Darklings","floor":35,"turns":4},{"damage":10,"enemies":"Orb Walker","floor":36,"turns":3},{"damage":38,"enemies":"Maw","floor":37,"turns":7},{"damage":37,"enemies":"4 Shapes","floor":38,"turns":5},{"damage":90,"enemies":"2 Orb Walkers","floor":42,"turns":4}],"event_choices":[{"event_name":"Dead Adventurer","player_choice":"Searched \u00272\u0027 times","floor":13.0,"damage_taken":0.0},{"event_name":"Cursed Tome","player_choice":"Obtained Book","floor":25,"damage_taken":0},{"event_name":"Bonfire Elementals","player_choice":"RARE","floor":29,"damage_taken":0},{"event_name":"The Moai Head","player_choice":"Ignored","floor":39,"damage_taken":0},{"event_name":"Winding Halls","player_choice":"Embrace Madness","floor":41,"damage_taken":0}],"boss_relics":[{"not_picked":["Tiny House","Astrolabe"],"picked":"White Beast Statue"}],"potions_floor_spawned":[1,4,8,16,20,23,28,30,35,36,37,38],"seed_played":"3413138429261327766","killed_by":"2 Orb Walkers","ascension_level":0,"is_trial":false}