{"path_per_floor":["M","M","M","M","M","E","$","M","T","R","E","M","E","M","R","B",null,"M","M","?","T","M","R"],"character_chosen":"DEFECT","items_purchased":["Bag of Marbles"],"gold_per_floor":[115,135,154,170,182,215,63,79,79,79,111,129,164,176,176,277,277,289,307,232,232,248,248,248],"floor_reached":24,"campfire_rested":2,"playtime":1623,"item_purchase_floors":[7],"current_hp_per_floor":[74,74,74,74,68,65,65,65,65,65,47,34,15,4,26,19,75,53,48,48,48,4,26,0],"items_purged":[],"gold":248,"score":233,"play_id":"81e2d4d6-b334-4232-ae54-7d434b93ac81","local_time":"20180528150721","is_prod":false,"is_daily":false,"chose_seed":false,"is_ascension_mode":true,"campfire_upgraded":1,"win_rate":0.0,"timestamp":1527534441,"campfire_choices":[{"data":"Consume","floor":10,"key":"SMITH"},{"floor":15,"key":"REST"},{"floor":23,"key":"REST"}],"path_taken":["M","M","M","M","M","E","?","M","T","R","E","M","E","M","R","BOSS","M","?","?","?","M","R","E"],"build_version":"2018-05-27","seed_source_timestamp":4496184634716,"purchased_purges":0,"victory":false,"master_deck":["Strike_B","Strike_B","Strike_B+1","Strike_B","Defend_B","Defend_B","Defend_B","Defend_B","Dualcast","Glacier","Streamline+1","Barrage","Streamline","Beam Cell","Consume+1","Skim","Glacier","Reboot","Double Energy+1","Blizzard"],"max_hp_per_floor":[75,75,75,75,75,75,75,75,75,75,75,75,75,75,75,75,75,75,75,75,75,75,75,75],"relics":["Cracked Core","Vajra","Bag of Marbles","Smiling Mask","Whetstone","Du-Vu Doll","Nuclear Battery","Pantograph"],"card_choices":[{"not_picked":["Barrage","Hologram"],"picked":"Glacier","floor":1},{"not_picked":["Steam","Gash"],"picked":"Streamline","floor":2},{"not_picked":["Cold Snap","Beam Cell"],"picked":"Barrage","floor":3},{"not_picked":["Go for the Eyes","Ball Lightning"],"picked":"Streamline","floor":4},{"not_picked":["Storm","Hello World"],"picked":"Beam Cell","floor":5},{"not_picked":["Sweeping Beam","Reprogram"],"picked":"Consume","floor":6},{"not_picked":["Compile Driver","Leap","Rip and Tear"],"picked":"SKIP","floor":8},{"not_picked":["Rainbow","Streamline"],"picked":"Skim","floor":11},{"not_picked":["Force Field","Hologram","Streamline"],"picked":"SKIP","floor":12},{"not_picked":["Redo","Streamline","Stack"],"picked":"SKIP","floor":13},{"not_picked":["Gash","Leap"],"picked":"Glacier","floor":14},{"not_picked":["Amplify","All For One"],"picked":"Reboot","floor":16},{"not_picked":["Leap","Beam Cell"],"picked":"Double Energy+1","floor":18},{"not_picked":["Compile Driver+1","Coolheaded"],"picked":"Blizzard","floor":19},{"not_picked":["Compile Driver","Streamline+1","Coolheaded"],"picked":"SKIP","floor":22}],"player_experience":193521,"potions_floor_usage":[11,16,22,24,24],"damage_taken":[{"damage":1,"enemies":"Cultist","floor":1,"turns":3},{"damage":0,"enemies":"2 Louse","floor":2,"turns":1},{"damage":0,"enemies":"Small Slimes","floor":3,"turns":4},{"damage":0,"enemies":"Red Slaver","floor":4,"turns":4},{"damage":6,"enemies":"Exordium Wildlife","floor":5,"turns":4},{"damage":3,"enemies":"3 Sentries","floor":6,"turns":8},{"damage":0,"enemies":"3 Louse","floor":8,"turns":2},{"damage":18,"enemies":"Lagavulin","floor":11,"turns":4},{"damage":13,"enemies":"Red Slaver","floor":12,"turns":2},{"damage":19,"enemies":"3 Sentries","floor":13,"turns":6},{"damage":11,"enemies":"Large Slime","floor":14,"turns":3},{"damage":7,"enemies":"Hexaghost","floor":16,"turns":12},{"damage":22,"enemies":"3 Byrds","floor":18,"turns":7},{"damage":5,"enemies":"Chosen","floor":19,"turns":4},{"damage":44,"enemies":"Sentry and Sphere","floor":22,"turns":9},{"damage":35,"enemies":"Gremlin Leader","floor":24,"turns":7}],"relics_obtained":[{"floor":6,"key":"Vajra"},{"floor":9,"key":"Smiling Mask"},{"floor":11,"key":"Whetstone"},{"floor":13,"key":"Du-Vu Doll"},{"floor":21,"key":"Pantograph"}],"event_choices":[{"event_name":"Beggar","player_choice":"Gave Gold","floor":20,"damage_taken":0}],"boss_relics":[{"not_picked":["Philosopher\u0027s Stone","Astrolabe"],"picked":"Nuclear Battery"}],"items_purged_floors":[],"potions_floor_spawned":[2,3,6,12,19,22],"seed_played":"-1199802972203322094","killed_by":"Gremlin Leader","ascension_level":1,"potions_obtained":[{"floor":2,"key":"Weak Potion"},{"floor":3,"key":"Energy Potion"},{"floor":6,"key":"FocusPotion"},{"floor":12,"key":"GamblersBrew"},{"floor":19,"key":"PowerPotion"},{"floor":22,"key":"Weak Potion"}],"is_trial":false}