{"gold_per_floor":[114,114,39,56,70,70,90,118,118,143,155,155,155,168,168,245,245,245,89,89,16,16,16,16,16,16,16,0,0,0,0,0,0,0,0,0,0,0,0,0,0,0,0,0,0,0,0,0,0,0],"floor_reached":51,"playtime":4479,"items_purged":["Pain"],"score":1185,"play_id":"d335122d-7f77-4f73-b084-b1b73e124f4b","local_time":"20181016174535","is_ascension_mode":true,"campfire_choices":[{"data":"Sunder","floor":6,"key":"SMITH"},{"data":"Genetic Algorithm","floor":13,"key":"SMITH"},{"data":"Self Repair","floor":15,"key":"SMITH"},{"data":"Fission","floor":25,"key":"SMITH"},{"data":"Loop","floor":29,"key":"SMITH"},{"data":"Chill","floor":32,"key":"SMITH"},{"data":"Hologram","floor":44,"key":"SMITH"},{"data":"Echo Form","floor":46,"key":"SMITH"},{"data":"Capacitor","floor":49,"key":"SMITH"}],"neow_cost":"NONE","seed_source_timestamp":282452792724088,"circlet_count":0,"master_deck":["Strike_B","Strike_B","Strike_B","Defend_B","Defend_B","Defend_B","Defend_B","Zap","Dualcast","AscendersBane","Compile Driver","Ball Lightning","Sunder+1","Self Repair+1","Reinforced Body","Genetic Algorithm+1","Coolheaded","Glacier","Fission+1","Static Discharge","White Noise","Echo Form+1","Chill+1","Hologram+1","Loop+1","Thunder Strike","Blizzard+1","Thunder Strike","Capacitor+1","Coolheaded+1","Multi-Cast+1","Capacitor+1"],"relics":["Cracked Core","WarpedTongs","Oddly Smooth Stone","Art of War","Pantograph","Ectoplasm","Happy Flower","Cables","Toxic Egg 2","Tiny Chest","Snecko Eye","Nunchaku","Kunai","Potion Belt","Pocketwatch","Lantern"],"potions_floor_usage":[4,23,30,30,50],"damage_taken":[{"damage":7,"enemies":"Jaw Worm","floor":1,"turns":3},{"damage":0,"enemies":"Cultist","floor":4,"turns":3},{"damage":7,"enemies":"Small Slimes","floor":5,"turns":2},{"damage":4,"enemies":"Gremlin Gang","floor":7,"turns":4},{"damage":23,"enemies":"Gremlin Nob","floor":8,"turns":4},{"damage":17,"enemies":"Lagavulin","floor":10,"turns":6},{"damage":0,"enemies":"3 Louse","floor":11,"turns":2},{"damage":8,"enemies":"Large Slime","floor":14,"turns":5},{"damage":9,"enemies":"The Guardian","floor":16,"turns":13},{"damage":4,"enemies":"3 Byrds","floor":18,"turns":5},{"damage":0,"enemies":"Chosen","floor":20,"turns":4},{"damage":7,"enemies":"Snake Plant","floor":22,"turns":5},{"damage":37,"enemies":"Gremlin Leader","floor":23,"turns":7},{"damage":2,"enemies":"Sentry and Sphere","floor":24,"turns":11},{"damage":17,"enemies":"Slavers","floor":30,"turns":15},{"damage":20,"enemies":"Champ","floor":33,"turns":16},{"damage":0,"enemies":"3 Darklings","floor":35,"turns":6},{"damage":12,"enemies":"Orb Walker","floor":36,"turns":5},{"damage":0,"enemies":"Mind Bloom Boss Battle","floor":37,"turns":6},{"damage":8,"enemies":"Jaw Worm Horde","floor":38,"turns":5},{"damage":17,"enemies":"Reptomancer","floor":39,"turns":7},{"damage":4,"enemies":"Spire Growth","floor":40,"turns":4},{"damage":46,"enemies":"2 Orb Walkers","floor":47,"turns":7},{"damage":0,"enemies":"Maw","floor":48,"turns":6},{"damage":25,"enemies":"Time Eater","floor":50,"turns":11}],"seed_played":"5966435406048527136","potions_obtained":[{"floor":1,"key":"FearPotion"},{"floor":4,"key":"Fruit Juice"},{"floor":8,"key":"Block Potion"},{"floor":14,"key":"Fire Potion"},{"floor":23,"key":"Swift Potion"},{"floor":30,"key":"AttackPotion"},{"floor":36,"key":"SkillPotion"},{"floor":37,"key":"PowerPotion"},{"floor":40,"key":"GamblersBrew"}],"is_trial":false,"path_per_floor":["M","?","$","M","M","R","M","E","T","E","M","?","R","M","R","B",null,"M","$","M","$","M","E","M","R","T","?","?","R","E","$","R","B",null,"M","M","?","M","M","M","?","?","T","R","T","R","E","M","R","B"],"character_chosen":"DEFECT","items_purchased":["Happy Flower","Echo Form"],"campfire_rested":0,"item_purchase_floors":[19,21],"current_hp_per_floor":[57,57,57,62,55,55,58,45,45,35,35,76,76,75,75,76,76,76,76,76,76,76,49,67,67,67,67,67,67,70,70,70,66,74,76,74,76,76,69,76,76,76,76,76,76,76,50,70,70,61],"gold":0,"neow_bonus":"THREE_CARDS","is_prod":false,"is_daily":false,"chose_seed":false,"campfire_upgraded":9,"win_rate":0,"timestamp":1539704735,"path_taken":["M","?","$","?","M","R","M","E","T","E","M","?","R","M","R","BOSS","M","$","M","$","M","E","M","R","T","?","?","R","E","?","R","BOSS","M","M","?","M","M","?","?","?","T","R","?","R","E","M","R","BOSS"],"build_version":"2018-10-15v2","purchased_purges":1,"victory":true,"max_hp_per_floor":[71,71,71,76,76,76,76,76,76,76,76,76,76,76,76,76,76,76,76,76,76,76,76,76,76,76,76,76,76,76,76,76,76,76,76,76,76,76,76,76,76,76,76,76,76,76,76,76,76,76],"card_choices":[{"not_picked":["Undo","Go for the Eyes"],"picked":"Compile Driver","floor":0},{"not_picked":["BootSequence","Steam"],"picked":"Ball Lightning","floor":1},{"not_picked":["Blizzard","Beam Cell"],"picked":"Sunder","floor":4},{"not_picked":["Blizzard","Redo"],"picked":"Self Repair","floor":5},{"not_picked":["Turbo","Rebound"],"picked":"Reinforced Body","floor":7},{"not_picked":["Leap","Electrodynamics"],"picked":"Genetic Algorithm","floor":8},{"not_picked":["Fusion","Steam","Turbo"],"picked":"SKIP","floor":10},{"not_picked":["Leap","Beam Cell"],"picked":"Coolheaded","floor":11},{"not_picked":["Gash","Rebound"],"picked":"Glacier","floor":14},{"not_picked":["Creative AI","Amplify"],"picked":"Fission","floor":16},{"not_picked":["Ball Lightning","Cold Snap"],"picked":"Static Discharge","floor":18},{"not_picked":["Stack","Coolheaded"],"picked":"White Noise","floor":20},{"not_picked":["Aggregate","Gash"],"picked":"Chill","floor":22},{"not_picked":["Compile Driver","Chill"],"picked":"Hologram","floor":23},{"not_picked":["Stack","Ball Lightning"],"picked":"Loop","floor":24},{"not_picked":["Storm","Go for the Eyes","Ball Lightning"],"picked":"SKIP","floor":30},{"not_picked":["All For One","Creative AI"],"picked":"Thunder Strike","floor":33},{"not_picked":["Streamline","Rebound","Ball Lightning"],"picked":"SKIP","floor":35},{"not_picked":["Streamline","Coolheaded+1"],"picked":"Blizzard+1","floor":36},{"not_picked":["Redo+1","Hologram+1"],"picked":"Thunder Strike","floor":37},{"not_picked":["Undo+1","Cold Snap"],"picked":"Capacitor+1","floor":38},{"not_picked":["Stack+1","Rebound"],"picked":"Coolheaded+1","floor":39},{"not_picked":["Streamline","Leap+1"],"picked":"Multi-Cast+1","floor":40},{"not_picked":["Melter","Fusion+1"],"picked":"Capacitor","floor":47},{"not_picked":["Lockon+1","Hologram+1","Compile Driver"],"picked":"SKIP","floor":48}],"player_experience":241212,"relics_obtained":[{"floor":8,"key":"Oddly Smooth Stone"},{"floor":9,"key":"Art of War"},{"floor":10,"key":"Pantograph"},{"floor":23,"key":"Cables"},{"floor":26,"key":"Toxic Egg 2"},{"floor":30,"key":"Tiny Chest"},{"floor":37,"key":"Nunchaku"},{"floor":43,"key":"Potion Belt"},{"floor":45,"key":"Pocketwatch"},{"floor":47,"key":"Lantern"}],"event_choices":[{"event_name":"Accursed Blacksmith","player_choice":"Rummage","floor":2,"damage_taken":0},{"event_name":"Wheel of Change","player_choice":"Full Heal","floor":12,"damage_taken":0},{"event_name":"The Mausoleum","player_choice":"No","floor":27,"damage_taken":0},{"event_name":"Masked Bandits","player_choice":"Paid Fearfully","floor":28,"damage_taken":0},{"event_name":"MindBloom","player_choice":"Fight","floor":37,"damage_taken":0},{"event_name":"Bonfire Elementals","player_choice":"BASIC","floor":41,"damage_taken":0},{"event_name":"WeMeetAgain","player_choice":"Potion","floor":42,"damage_taken":0}],"is_beta":true,"boss_relics":[{"not_picked":["Runic Dome","Fusion Hammer"],"picked":"Ectoplasm"},{"not_picked":["Busted Crown","Philosopher\u0027s Stone"],"picked":"Snecko Eye"}],"items_purged_floors":[3],"is_endless":false,"potions_floor_spawned":[1,4,8,14,22,23,30,36,37,40],"ascension_level":15}