{"gold_per_floor":[111,127,26,26,26,26,40,59,59,75,75,75,103,113,113,213,213,227,244,35,52,70,70,96,96],"floor_reached":25,"playtime":878,"items_purged":["Injury"],"score":280,"play_id":"fd192149-1832-41ce-bfdf-310fe1cc2449","local_time":"20180915072403","is_ascension_mode":true,"campfire_choices":[{"data":"Buffer","floor":6,"key":"SMITH"},{"floor":12,"key":"REST"},{"floor":15,"key":"REST"},{"floor":23,"key":"REST"}],"neow_cost":"CURSE","seed_source_timestamp":60809363625881,"circlet_count":0,"master_deck":["Strike_B","Strike_B","Strike_B+1","Strike_B","Defend_B","Defend_B","Defend_B","Defend_B","Zap","Dualcast","Buffer+1","Darkness+1","Beam Cell","Ball Lightning","Melter","Hyperbeam","Capacitor","Sweeping Beam","Electrodynamics","Cold Snap","Lockon","Electrodynamics","Go for the Eyes","Darkness+1","Go for the Eyes"],"relics":["Cracked Core","Happy Flower","Odd Mushroom","Nuclear Battery","Mercury Hourglass"],"potions_floor_usage":[16,24],"damage_taken":[{"damage":3,"enemies":"2 Louse","floor":1,"turns":2},{"damage":1,"enemies":"Small Slimes","floor":2,"turns":3},{"damage":0,"enemies":"Jaw Worm","floor":7,"turns":2},{"damage":17,"enemies":"Exordium Thugs","floor":8,"turns":4},{"damage":12,"enemies":"Looter","floor":10,"turns":3},{"damage":7,"enemies":"The Mushroom Lair","floor":13,"turns":2},{"damage":0,"enemies":"Large Slime","floor":14,"turns":4},{"damage":44,"enemies":"Hexaghost","floor":16,"turns":8},{"damage":0,"enemies":"Spheric Guardian","floor":18,"turns":3},{"damage":26,"enemies":"2 Thieves","floor":19,"turns":3},{"damage":19,"enemies":"Centurion and Healer","floor":21,"turns":5},{"damage":0,"enemies":"Chosen and Byrds","floor":22,"turns":4},{"damage":24,"enemies":"Gremlin Leader","floor":24,"turns":4},{"damage":18,"enemies":"Snake Plant","floor":25,"turns":3}],"seed_played":"-1240657654551125436","potions_obtained":[{"floor":10,"key":"Fire Potion"},{"floor":13,"key":"AttackPotion"},{"floor":21,"key":"FocusPotion"}],"is_trial":false,"path_per_floor":["M","M","$","?","$","R","M","M","T","M","?","R","?","M","R","B",null,"M","M","$","M","M","R","E"],"character_chosen":"DEFECT","items_purchased":["Ball Lightning","Electrodynamics","Go for the Eyes"],"campfire_rested":3,"item_purchase_floors":[3,20,20],"current_hp_per_floor":[65,64,64,49,49,49,49,32,32,20,20,42,35,35,57,13,60,60,34,34,15,15,37,13,0],"gold":96,"neow_bonus":"THREE_RARE_CARDS","is_prod":false,"is_daily":false,"chose_seed":false,"campfire_upgraded":1,"win_rate":0,"timestamp":1536989043,"path_taken":["M","M","$","?","?","R","M","M","T","M","?","R","?","M","R","BOSS","M","M","$","M","M","R","E","M"],"build_version":"2018-09-06","purchased_purges":1,"victory":false,"max_hp_per_floor":[75,75,75,75,75,75,75,75,75,75,75,75,75,75,75,75,75,75,75,75,75,75,75,75,75],"card_choices":[{"not_picked":["Fission","Seek"],"picked":"Buffer","floor":0},{"not_picked":["Scrape","Undo"],"picked":"Darkness","floor":1},{"not_picked":["Scrape","Steam"],"picked":"Beam Cell","floor":2},{"not_picked":["Compile Driver","Stack"],"picked":"Melter","floor":7},{"not_picked":["Compile Driver","Hologram"],"picked":"Hyperbeam","floor":8},{"not_picked":["Hologram","Turbo","Streamline"],"picked":"SKIP","floor":10},{"not_picked":["Melter","Steam"],"picked":"Capacitor","floor":13},{"not_picked":["Stack","Hologram"],"picked":"Sweeping Beam","floor":14},{"not_picked":["Creative AI","Multi-Cast"],"picked":"Electrodynamics","floor":16},{"not_picked":["Blizzard","Sweeping Beam"],"picked":"Cold Snap","floor":18},{"not_picked":["Genetic Algorithm","Compile Driver+1"],"picked":"Lockon","floor":19},{"not_picked":["Doom and Gloom+1","Compile Driver"],"picked":"Darkness+1","floor":21},{"not_picked":["Ball Lightning","Turbo","Hologram"],"picked":"SKIP","floor":22},{"not_picked":["Stack","All For One"],"picked":"Go for the Eyes","floor":24}],"player_experience":184144,"relics_obtained":[{"floor":9,"key":"Happy Flower"},{"floor":13,"key":"Odd Mushroom"},{"floor":24,"key":"Mercury Hourglass"}],"event_choices":[{"event_name":"Shining Light","player_choice":"Entered Light","floor":4,"damage_taken":0},{"event_name":"Dead Adventurer","player_choice":"Searched \u00270\u0027 times","floor":11,"damage_taken":0},{"event_name":"Mushrooms","player_choice":"Fought Mushrooms","floor":13,"damage_taken":0}],"is_beta":false,"boss_relics":[{"not_picked":["Velvet Choker","Busted Crown"],"picked":"Nuclear Battery"}],"items_purged_floors":[3],"is_endless":false,"potions_floor_spawned":[10,13,21],"killed_by":"Snake Plant","ascension_level":6}