{"gold_per_floor":[118,135,154,2,12,47,70,116,153,189,231,243,289,324,336,445,457,487,518,541,553,577,589,628,640,677,689,712,741,769,285,285,386,386,397,85,96,96,96,96,122,122,122,137,137,153,153,153,153,153],"floor_reached":51,"playtime":5968,"items_purged":["Strike_B"],"score":736,"play_id":"a5b6f008-c7be-4ebd-b2a0-6b9cf3a153e4","local_time":"20180720181350","is_ascension_mode":true,"campfire_choices":[{"data":"Defragment","floor":15,"key":"SMITH"},{"data":"Seek","floor":23,"key":"SMITH"},{"data":"Force Field","floor":25,"key":"SMITH"},{"data":"Zap","floor":27,"key":"SMITH"},{"data":"Darkness","floor":32,"key":"SMITH"},{"data":"Static Discharge","floor":40,"key":"SMITH"},{"data":"Chaos","floor":42,"key":"SMITH"},{"data":"Blizzard","floor":45,"key":"SMITH"}],"neow_cost":"NONE","seed_source_timestamp":281027468233106,"circlet_count":0,"master_deck":["Strike_B+1","Strike_B+1","Defend_B+1","Defend_B+1","Defend_B+1","Zap+1","Dualcast+1","Self Repair+1","Sweeping Beam+1","Genetic Algorithm+1","Go for the Eyes+1","Leap+1","Go for the Eyes+1","Rebound+1","Defragment+1","Self Repair+1","Force Field+1","Amplify+1","Glacier+1","Amplify+1","Seek+1","Sweeping Beam+1","Electrodynamics+1","White Noise+1","Coolheaded+1","Chaos+1","Coolheaded+1","Darkness+1","Panache+1","Reboot+1","Static Discharge+1","Blizzard+1","Madness+1","Madness+1"],"relics":["Orrery","Vajra","MawBank","Sundial","Lantern","Whetstone","Blood Vial","Bag of Preparation","Bag of Marbles","Coffee Dripper","Boot","Juzu Bracelet","Ancient Tea Set","Nuclear Battery","Toolbox","Regal Pillow","The Courier","Mark of the Bloom"],"potions_floor_usage":[8,11,13,13,41,50,50],"damage_taken":[{"damage":5,"enemies":"Cultist","floor":1,"turns":4},{"damage":4,"enemies":"2 Louse","floor":2,"turns":4},{"damage":3,"enemies":"Jaw Worm","floor":3,"turns":3},{"damage":7,"enemies":"Looter","floor":5,"turns":4},{"damage":19,"enemies":"3 Sentries","floor":6,"turns":7},{"damage":16,"enemies":"Exordium Thugs","floor":7,"turns":6},{"damage":28,"enemies":"Lagavulin","floor":8,"turns":10},{"damage":6,"enemies":"3 Sentries","floor":11,"turns":6},{"damage":20,"enemies":"Gremlin Nob","floor":13,"turns":6},{"damage":43,"enemies":"Slime Boss","floor":16,"turns":16},{"damage":4,"enemies":"Shell Parasite","floor":18,"turns":8},{"damage":3,"enemies":"2 Thieves","floor":19,"turns":4},{"damage":5,"enemies":"Chosen and Byrds","floor":20,"turns":10},{"damage":11,"enemies":"Snecko","floor":22,"turns":5},{"damage":14,"enemies":"Slavers","floor":24,"turns":3},{"damage":1,"enemies":"Snake Plant","floor":28,"turns":5},{"damage":6,"enemies":"Chosen and Byrds","floor":29,"turns":4},{"damage":5,"enemies":"Cultist and Chosen","floor":30,"turns":6},{"damage":12,"enemies":"Automaton","floor":33,"turns":13},{"damage":0,"enemies":"Orb Walker","floor":35,"turns":3},{"damage":0,"enemies":"3 Darklings","floor":37,"turns":1},{"damage":42,"enemies":"Giant Head","floor":41,"turns":10},{"damage":7,"enemies":"Transient","floor":44,"turns":5},{"damage":14,"enemies":"4 Shapes","floor":46,"turns":7},{"damage":44,"enemies":"Awakened One","floor":50,"turns":10}],"seed_played":"-3352744834075300142","potions_obtained":[{"floor":1,"key":"PowerPotion"},{"floor":3,"key":"PowerPotion"},{"floor":8,"key":"Explosive Potion"},{"floor":11,"key":"Poison Potion"},{"floor":19,"key":"SteroidPotion"},{"floor":21,"key":"Dexterity Potion"},{"floor":21,"key":"PowerPotion"},{"floor":21,"key":"Weak Potion"},{"floor":24,"key":"FocusPotion"}],"is_trial":false,"path_per_floor":["M","M","M","$","M","E","M","E","T","T","E","?","E","T","R","B",null,"M","M","M","?","M","R","E","R","T","R","M","M","M","$","R","B",null,"M","$","M","?","?","R","E","R","T","M","R","M","?","?","R","B"],"character_chosen":"DEFECT","items_purchased":["Vajra","Ancient Tea Set","Darkness","Panache","Static Discharge","Blizzard","Toolbox"],"campfire_rested":0,"item_purchase_floors":[4,31,31,31,36,36,36],"current_hp_per_floor":[75,75,72,72,72,60,58,44,44,44,59,64,60,60,60,33,80,80,80,80,80,76,76,64,64,64,64,79,80,80,80,80,80,80,80,80,80,70,70,70,51,51,51,67,67,69,69,69,69,25],"gold":153,"neow_bonus":"BOSS_RELIC","is_prod":false,"is_daily":false,"chose_seed":false,"campfire_upgraded":8,"win_rate":0,"timestamp":1532135630,"path_taken":["M","M","M","$","M","E","M","E","T","?","E","?","E","?","R","BOSS","M","M","M","?","M","R","E","R","T","R","M","M","M","$","R","BOSS","M","$","M","?","?","R","E","R","T","M","R","M","?","?","R","BOSS"],"build_version":"2018-07-19v2","purchased_purges":1,"victory":true,"max_hp_per_floor":[75,75,75,75,75,75,75,75,75,75,75,80,80,80,80,80,80,80,80,80,80,80,80,80,80,80,80,80,80,80,80,80,80,80,80,80,80,80,80,80,80,80,80,80,80,80,80,80,80,80],"card_choices":[{"not_picked":["Coolheaded","Darkness"],"picked":"Self Repair","floor":0},{"not_picked":["Coolheaded","Streamline"],"picked":"Sweeping Beam","floor":0},{"not_picked":["Redo","Blizzard"],"picked":"Genetic Algorithm","floor":0},{"not_picked":["Blizzard","Barrage"],"picked":"Go for the Eyes","floor":0},{"not_picked":["Heatsinks","Sweeping Beam"],"picked":"Leap","floor":1},{"not_picked":["Stack","Blizzard"],"picked":"Go for the Eyes","floor":2},{"not_picked":["Sweeping Beam","Compile Driver"],"picked":"Rebound","floor":3},{"not_picked":["Rip and Tear","Sweeping Beam"],"picked":"Defragment","floor":5},{"not_picked":["Streamline","Fission"],"picked":"Self Repair","floor":6},{"not_picked":["Ball Lightning","Go for the Eyes"],"picked":"Force Field","floor":7},{"not_picked":["Barrage","Gash"],"picked":"Amplify","floor":8},{"not_picked":["Self Repair","Sweeping Beam"],"picked":"Glacier","floor":11},{"not_picked":["Chill","Sweeping Beam"],"picked":"Amplify","floor":13},{"not_picked":["Machine Learning","Rainbow"],"picked":"Seek","floor":16},{"not_picked":["Streamline+1","Coolheaded"],"picked":"Sweeping Beam+1","floor":18},{"not_picked":["Redo","Cold Snap","Compile Driver"],"picked":"SKIP","floor":19},{"not_picked":["Sweeping Beam","Reinforced Body"],"picked":"Electrodynamics","floor":20},{"not_picked":["Redo","Gash","Go for the Eyes"],"picked":"SKIP","floor":22},{"not_picked":["Stack+1","Gash"],"picked":"White Noise+1","floor":24},{"not_picked":["Go for the Eyes+1","Rebound"],"picked":"Coolheaded+1","floor":28},{"not_picked":["Stack","Steam"],"picked":"Chaos","floor":29},{"not_picked":["Beam Cell","Barrage+1"],"picked":"Coolheaded+1","floor":30},{"not_picked":["Electrodynamics","Rainbow"],"picked":"Reboot","floor":33},{"not_picked":["Coolheaded","Streamline","Undo"],"picked":"SKIP","floor":35},{"not_picked":["Rebound+1","Compile Driver","Hologram"],"picked":"SKIP","floor":37},{"not_picked":["Scrape+1","Heatsinks+1","Ball Lightning"],"picked":"SKIP","floor":41},{"not_picked":["Streamline","Auto Shields","Rebound+1"],"picked":"SKIP","floor":44},{"not_picked":["Undo","Rebound","Gash"],"picked":"SKIP","floor":46}],"player_experience":181378,"relics_obtained":[{"floor":6,"key":"MawBank"},{"floor":8,"key":"Sundial"},{"floor":9,"key":"Lantern"},{"floor":10,"key":"Whetstone"},{"floor":11,"key":"Blood Vial"},{"floor":13,"key":"Bag of Preparation"},{"floor":14,"key":"Bag of Marbles"},{"floor":24,"key":"Boot"},{"floor":26,"key":"Juzu Bracelet"},{"floor":41,"key":"Regal Pillow"},{"floor":43,"key":"The Courier"}],"event_choices":[{"event_name":"Big Fish","player_choice":"Donut","floor":12,"damage_taken":0},{"event_name":"The Lab","player_choice":"Got Potions","floor":21,"damage_taken":0},{"event_name":"Winding Halls","player_choice":"Embrace Madness","floor":38,"damage_taken":0},{"event_name":"Falling","player_choice":"Removed Skill","floor":39,"damage_taken":0},{"event_name":"MindBloom","player_choice":"Upgrade","floor":47,"damage_taken":0},{"event_name":"Purifier","player_choice":"One Purge","floor":48,"damage_taken":0}],"is_beta":false,"boss_relics":[{"not_picked":["White Beast Statue","Velvet Choker"],"picked":"Coffee Dripper"},{"not_picked":["Lizard Tail","Runic Dome"],"picked":"Nuclear Battery"}],"items_purged_floors":[31],"is_endless":false,"potions_floor_spawned":[1,3,8,11,19,24,29,30],"ascension_level":1}