{"gold_per_floor":[116,135,135,152,152,184,199,199,250,270,270,332,347,374,374,374],"floor_reached":16,"playtime":1190,"items_purged":[],"score":151,"play_id":"d74b8ac9-82b5-4e17-99ec-ad0fae40c84b","local_time":"20190104143400","is_ascension_mode":true,"campfire_choices":[{"data":"Cloak And Dagger","floor":8,"key":"SMITH"},{"data":"Malaise","floor":11,"key":"SMITH"},{"floor":15,"key":"REST"}],"neow_cost":"NONE","seed_source_timestamp":870305292852450,"circlet_count":0,"master_deck":["Defend_G","Defend_G","Defend_G","Defend_G","Defend_G","Strike_G","Strike_G","Strike_G","Strike_G","Survivor","Neutralize","Leg Sweep","Cloak And Dagger+1","Malaise+1","Predator","Bouncing Flask","Backstab","Backflip","Cloak And Dagger","Adrenaline"],"relics":["Ring of the Snake","Kunai","Art of War","Smiling Mask","Question Card","Bottled Lightning"],"potions_floor_usage":[6,6,12,12,16],"damage_taken":[{"damage":2,"enemies":"2 Louse","floor":1,"turns":3},{"damage":1,"enemies":"Small Slimes","floor":2,"turns":6},{"damage":0,"enemies":"Cultist","floor":4,"turns":5},{"damage":6,"enemies":"Lagavulin","floor":6,"turns":10},{"damage":5,"enemies":"Exordium Thugs","floor":7,"turns":6},{"damage":2,"enemies":"Looter","floor":10,"turns":4},{"damage":7,"enemies":"3 Sentries","floor":12,"turns":7},{"damage":0,"enemies":"Blue Slaver","floor":13,"turns":4},{"damage":25,"enemies":"3 Sentries","floor":14,"turns":14},{"damage":38,"enemies":"Slime Boss","floor":16,"turns":11}],"seed_played":"6968933334088205024","potions_obtained":[{"floor":1,"key":"Poison Potion"},{"floor":2,"key":"SteroidPotion"},{"floor":6,"key":"Explosive Potion"},{"floor":10,"key":"Energy Potion"},{"floor":14,"key":"Weak Potion"}],"is_trial":false,"path_per_floor":["M","M","?","M","?","E","M","R","T","M","R","?","M","E","R","B"],"character_chosen":"THE_SILENT","items_purchased":[],"campfire_rested":1,"item_purchase_floors":[],"current_hp_per_floor":[68,67,67,67,60,54,49,49,49,47,47,40,40,15,38,0],"gold":374,"neow_bonus":"TEN_PERCENT_HP_BONUS","is_prod":false,"is_daily":false,"chose_seed":false,"campfire_upgraded":2,"win_rate":0,"timestamp":1546634040,"path_taken":["M","M","?","M","?","E","M","R","T","M","R","?","M","E","R","BOSS"],"build_version":"2019-01-03v4","purchased_purges":0,"victory":false,"max_hp_per_floor":[77,77,77,77,77,77,77,77,77,77,77,77,77,77,77,77],"card_choices":[{"not_picked":["Reflex","Backflip"],"picked":"Leg Sweep","floor":1},{"not_picked":["Distraction","Deadly Poison"],"picked":"Cloak And Dagger","floor":2},{"not_picked":["Dagger Spray","Blade Dance"],"picked":"Predator","floor":4},{"not_picked":["Catalyst","Dagger Spray","Poisoned Stab"],"picked":"SKIP","floor":6},{"not_picked":["Deadly Poison","Poisoned Stab"],"picked":"Bouncing Flask","floor":7},{"not_picked":["Blade Dance","Bouncing Flask"],"picked":"Backstab","floor":10},{"not_picked":["Predator","Masterful Stab"],"picked":"Backflip","floor":12},{"not_picked":["Dagger Spray","Distraction","Prepared"],"picked":"Cloak And Dagger","floor":13},{"not_picked":["Flying Knee","Cloak And Dagger","Calculated Gamble"],"picked":"Adrenaline","floor":14}],"player_experience":397063,"relics_obtained":[{"floor":6,"key":"Art of War"},{"floor":9,"key":"Smiling Mask"},{"floor":12,"key":"Question Card"},{"floor":14,"key":"Bottled Lightning"}],"event_choices":[{"damage_healed":0,"gold_gain":0,"cards_transformed":["Strike_G"],"player_choice":"Change","damage_taken":0,"max_hp_gain":0,"max_hp_loss":0,"event_name":"Living Wall","floor":3,"gold_loss":0,"cards_obtained":["Malaise"]},{"damage_healed":0,"gold_gain":0,"player_choice":"Success","damage_taken":7,"relics_obtained":["Kunai"],"max_hp_gain":0,"max_hp_loss":0,"event_name":"Scrap Ooze","floor":5,"gold_loss":0},{"damage_healed":0,"gold_gain":0,"player_choice":"Searched \u00271\u0027 times","damage_taken":0,"max_hp_gain":0,"max_hp_loss":0,"event_name":"Dead Adventurer","floor":12,"gold_loss":0}],"is_beta":false,"boss_relics":[],"items_purged_floors":[],"is_endless":false,"potions_floor_spawned":[1,2,6,10,14],"killed_by":"Slime Boss","ascension_level":7}