{"gold_per_floor":[117,117,141,159,178,221,221,256,326,342,306,306,327,342,342,467,467,491,532,532,550,550,591,591,591,591,609,55,75,75,94,94,94],"floor_reached":33,"playtime":1783,"items_purged":[],"score":279,"play_id":"20a6839b-8d44-4482-9f4a-5a3b4409be50","local_time":"20190122224930","is_ascension_mode":false,"campfire_choices":[{"floor":7,"key":"REST"},{"data":"Iron Wave","floor":12,"key":"SMITH"},{"data":"Metallicize","floor":15,"key":"SMITH"},{"floor":25,"key":"REST"},{"floor":30,"key":"REST"},{"data":"Sword Boomerang","floor":32,"key":"SMITH"}],"neow_cost":"NONE","seed_source_timestamp":36256971324274,"circlet_count":0,"master_deck":["Strike_R","Strike_R","Strike_R","Strike_R","Strike_R","Defend_R","Defend_R","Defend_R","Defend_R","Bash","Metallicize+1","Inflame","Warcry","Iron Wave+1","Sword Boomerang","Wild Strike","Twin Strike","Pommel Strike","Cleave","Feed","Blood for Blood+1","Sword Boomerang+1","Flex","True Grit","Entrench","Anger+1","Wild Strike","Sword Boomerang+1"],"relics":["Burning Blood","NeowsBlessing","Golden Idol","Centennial Puzzle","Ice Cream","Letter Opener","Busted Crown","Red Mask","PreservedInsect","Bottled Tornado","Mummified Hand","Prayer Wheel"],"potions_floor_usage":[8,16,16,18,19,27],"damage_taken":[{"damage":0,"enemies":"Jaw Worm","floor":1,"turns":1},{"damage":0,"enemies":"Small Slimes","floor":3,"turns":2},{"damage":0,"enemies":"2 Louse","floor":4,"turns":1},{"damage":4,"enemies":"Large Slime","floor":5,"turns":6},{"damage":25,"enemies":"3 Sentries","floor":6,"turns":10},{"damage":11,"enemies":"Gremlin Nob","floor":8,"turns":3},{"damage":9,"enemies":"Blue Slaver","floor":10,"turns":3},{"damage":0,"enemies":"2 Fungi Beasts","floor":13,"turns":3},{"damage":18,"enemies":"Red Slaver","floor":14,"turns":4},{"damage":43,"enemies":"Hexaghost","floor":16,"turns":8},{"damage":6,"enemies":"Chosen","floor":18,"turns":4},{"damage":29,"enemies":"Masked Bandits","floor":19,"turns":4},{"damage":17,"enemies":"2 Thieves","floor":21,"turns":3},{"damage":19,"enemies":"Colosseum Slavers","floor":22,"turns":4},{"damage":31,"enemies":"Slavers","floor":23,"turns":4},{"damage":16,"enemies":"Shelled Parasite and Fungi","floor":27,"turns":4},{"damage":10,"enemies":"Centurion and Healer","floor":29,"turns":4},{"damage":3,"enemies":"3 Cultists","floor":31,"turns":5},{"damage":78,"enemies":"Automaton","floor":33,"turns":8}],"seed_played":"-1692870715898293581","potions_obtained":[{"floor":1,"key":"Strength Potion"},{"floor":4,"key":"PowerPotion"},{"floor":5,"key":"AttackPotion"},{"floor":14,"key":"AttackPotion"},{"floor":18,"key":"Fruit Juice"},{"floor":23,"key":"BloodPotion"}],"is_trial":false,"path_per_floor":["M","?","M","M","M","E","R","E","T","M","?","R","M","M","R","B",null,"M","?","?","M","?","E","?","R","T","M","$","M","R","M","R","B"],"character_chosen":"IRONCLAD","items_purchased":["Mummified Hand","Prayer Wheel"],"campfire_rested":3,"item_purchase_floors":[28,28],"current_hp_per_floor":[80,60,66,72,74,55,79,74,74,71,71,71,77,65,65,28,80,85,62,62,51,38,16,16,42,42,40,40,39,66,72,72,0],"gold":94,"neow_bonus":"THREE_ENEMY_KILL","is_prod":false,"is_daily":false,"chose_seed":false,"campfire_upgraded":3,"win_rate":0.0,"timestamp":1548197370,"path_taken":["M","?","M","M","M","E","R","E","T","M","?","R","M","M","R","BOSS","M","?","?","M","?","E","?","R","T","M","$","?","R","M","R","BOSS"],"build_version":"2019-01-17v2","purchased_purges":0,"victory":false,"max_hp_per_floor":[80,80,80,80,80,80,80,80,80,80,80,80,80,80,80,80,80,85,85,85,85,85,88,88,88,88,88,88,91,91,94,94,94],"card_choices":[{"not_picked":["Dropkick","Intimidate"],"picked":"Metallicize","floor":1},{"not_picked":["Clash","Shrug It Off"],"picked":"Inflame","floor":3},{"not_picked":["Dual Wield","Clash"],"picked":"Warcry","floor":4},{"not_picked":["Clash","Body Slam"],"picked":"Iron Wave","floor":5},{"not_picked":["Perfected Strike","Heavy Blade"],"picked":"Sword Boomerang","floor":6},{"not_picked":["Body Slam","Second Wind"],"picked":"Wild Strike","floor":8},{"not_picked":["Dual Wield","Body Slam"],"picked":"Twin Strike","floor":10},{"not_picked":["Wild Strike","Infernal Blade"],"picked":"Pommel Strike","floor":13},{"not_picked":["Dark Embrace","Second Wind"],"picked":"Cleave","floor":14},{"not_picked":["Brutality","Bludgeon"],"picked":"Feed","floor":16},{"not_picked":[],"picked":"Blood for Blood+1","floor":18},{"not_picked":[],"picked":"Sword Boomerang+1","floor":19},{"not_picked":[],"picked":"Flex","floor":21},{"not_picked":["Evolve+1"],"picked":"SKIP","floor":23},{"not_picked":[],"picked":"True Grit","floor":27},{"not_picked":[],"picked":"Entrench","floor":29},{"not_picked":[],"picked":"Anger+1","floor":29},{"not_picked":[],"picked":"Wild Strike","floor":31},{"not_picked":[],"picked":"Sword Boomerang","floor":31}],"player_experience":170315,"relics_obtained":[{"floor":6,"key":"Centennial Puzzle"},{"floor":8,"key":"Ice Cream"},{"floor":9,"key":"Letter Opener"},{"floor":19,"key":"Red Mask"},{"floor":23,"key":"PreservedInsect"},{"floor":26,"key":"Bottled Tornado"}],"event_choices":[{"damage_healed":0,"gold_gain":0,"player_choice":"Take Damage","damage_taken":20,"relics_obtained":["Golden Idol"],"max_hp_gain":0,"max_hp_loss":0,"event_name":"Golden Idol","floor":2,"gold_loss":0},{"damage_healed":0,"gold_gain":0,"player_choice":"Left Gold","damage_taken":0,"max_hp_gain":0,"max_hp_loss":0,"event_name":"World of Goop","floor":11,"gold_loss":36},{"damage_healed":0,"gold_gain":0,"player_choice":"Fought Bandits","damage_taken":0,"max_hp_gain":0,"max_hp_loss":0,"event_name":"Masked Bandits","floor":19,"gold_loss":0},{"damage_healed":0,"gold_gain":0,"player_choice":"Ignored","damage_taken":0,"max_hp_gain":0,"max_hp_loss":0,"event_name":"Ghosts","floor":20,"gold_loss":0},{"damage_healed":0,"gold_gain":0,"player_choice":"Fight","damage_taken":0,"max_hp_gain":0,"max_hp_loss":0,"event_name":"Colosseum","floor":22,"gold_loss":0},{"damage_healed":0,"gold_gain":0,"player_choice":"Fled From Nobs","damage_taken":0,"max_hp_gain":0,"max_hp_loss":0,"event_name":"Colosseum","floor":22,"gold_loss":0},{"damage_healed":0,"gold_gain":0,"player_choice":"Ignored","damage_taken":0,"max_hp_gain":0,"max_hp_loss":0,"event_name":"Beggar","floor":24,"gold_loss":0}],"is_beta":false,"boss_relics":[{"not_picked":["Sozu","Velvet Choker"],"picked":"Busted Crown"}],"items_purged_floors":[],"is_endless":false,"potions_floor_spawned":[1,4,5,14,18,23],"killed_by":"Automaton","ascension_level":0}