{"gold_per_floor":[119,119,129,146,159,190,190,204,254,254,271,288,306,323,323,323],"floor_reached":16,"playtime":845,"items_purged":[],"score":138,"play_id":"9f3ad99f-a929-4f64-9710-888595c3b18c","local_time":"20181124081037","is_ascension_mode":true,"campfire_choices":[{"floor":7,"key":"REST"},{"floor":10,"key":"REST"},{"floor":15,"key":"REST"}],"neow_cost":"NONE","seed_source_timestamp":5508871214955,"circlet_count":0,"master_deck":["Defend_G","Defend_G","Defend_G","Defend_G","Defend_G","Strike_G","Strike_G","Strike_G","Strike_G","Strike_G","Survivor","Neutralize","Cloak And Dagger+1","Blade Dance","Predator","Blade Dance","Blade Dance","Cloak And Dagger","Prepared","Quick Slash","Choke","Slice","Blade Dance","Quick Slash"],"relics":["Orrery","Singing Bowl","Dream Catcher"],"potions_floor_usage":[6,16],"damage_taken":[{"damage":2,"enemies":"Small Slimes","floor":1,"turns":3},{"damage":1,"enemies":"Cultist","floor":3,"turns":4},{"damage":0,"enemies":"2 Louse","floor":4,"turns":2},{"damage":1,"enemies":"Blue Slaver","floor":5,"turns":4},{"damage":28,"enemies":"Lagavulin","floor":6,"turns":6},{"damage":0,"enemies":"Exordium Wildlife","floor":8,"turns":2},{"damage":10,"enemies":"Looter","floor":11,"turns":3},{"damage":4,"enemies":"Blue Slaver","floor":12,"turns":3},{"damage":6,"enemies":"2 Fungi Beasts","floor":13,"turns":2},{"damage":7,"enemies":"3 Louse","floor":14,"turns":3},{"damage":71,"enemies":"Slime Boss","floor":16,"turns":10}],"seed_played":"6821883973995794075","potions_obtained":[{"floor":4,"key":"Poison Potion"},{"floor":6,"key":"SkillPotion"},{"floor":8,"key":"SkillPotion"},{"floor":11,"key":"GhostInAJar"},{"floor":13,"key":"GhostInAJar"}],"is_trial":false,"path_per_floor":["M","?","M","M","M","E","R","M","T","R","M","M","M","M","R","B"],"character_chosen":"THE_SILENT","items_purchased":[],"campfire_rested":3,"item_purchase_floors":[],"current_hp_per_floor":[68,68,67,67,66,40,61,63,63,74,66,62,56,49,71,0],"gold":323,"neow_bonus":"BOSS_RELIC","is_prod":false,"is_daily":false,"chose_seed":false,"campfire_upgraded":0,"win_rate":0,"timestamp":1543047037,"path_taken":["M","?","M","M","M","E","R","M","T","R","M","M","M","?","R","BOSS"],"build_version":"2018-11-15","purchased_purges":0,"victory":false,"max_hp_per_floor":[70,70,70,70,70,72,72,74,74,74,76,76,76,76,76,76],"card_choices":[{"not_picked":["Flying Knee","Prepared"],"picked":"Cloak And Dagger","floor":0},{"not_picked":["PiercingWail","Noxious Fumes"],"picked":"Blade Dance","floor":0},{"not_picked":["Underhanded Strike","Grand Finale"],"picked":"Predator","floor":0},{"not_picked":["Poisoned Stab","Flying Knee"],"picked":"Blade Dance","floor":0},{"not_picked":["Outmaneuver","Deflect"],"picked":"Blade Dance","floor":0},{"not_picked":["Dodge and Roll","Deflect","Concentrate"],"picked":"SKIP","floor":1},{"not_picked":["Dodge and Roll","Deflect","Concentrate"],"picked":"SKIP","floor":1},{"not_picked":["Terror","Poisoned Stab"],"picked":"Cloak And Dagger","floor":3},{"not_picked":["Unload","Crippling Poison"],"picked":"Prepared","floor":4},{"not_picked":["Flechettes","Sucker Punch"],"picked":"Quick Slash","floor":5},{"not_picked":["Footwork","Dodge and Roll","Caltrops"],"picked":"Singing Bowl","floor":6},{"not_picked":["Dodge and Roll","Predator","Acrobatics"],"picked":"Singing Bowl","floor":8},{"not_picked":["Cloak And Dagger","Concentrate"],"picked":"Choke","floor":10},{"not_picked":["Noxious Fumes","Caltrops","Underhanded Strike"],"picked":"Singing Bowl","floor":11},{"not_picked":["Deadly Poison","Backflip","Calculated Gamble"],"picked":"SKIP","floor":12},{"not_picked":["Glass Knife","Flying Knee"],"picked":"Slice","floor":13},{"not_picked":["Acrobatics","Quick Slash"],"picked":"Blade Dance","floor":14},{"not_picked":["Deadly Poison","Catalyst"],"picked":"Quick Slash","floor":15}],"player_experience":165338,"relics_obtained":[{"floor":6,"key":"Singing Bowl"},{"floor":9,"key":"Dream Catcher"}],"event_choices":[{"damage_healed":0,"gold_gain":0,"player_choice":"Upgraded","damage_taken":0,"max_hp_gain":0,"max_hp_loss":0,"event_name":"Upgrade Shrine","floor":2,"gold_loss":0,"cards_upgraded":["Cloak And Dagger"]}],"is_beta":false,"boss_relics":[],"items_purged_floors":[],"is_endless":false,"potions_floor_spawned":[4,6,8,11,13],"killed_by":"Slime Boss","ascension_level":1}