{"path_per_floor":["M","M","M","M","M","E","R","E","T","?","E","?","E","?","R","B",null,"M","$","M","?","$","R","E","R","T","M","R","M","E"],"character_chosen":"THE_SILENT","items_purchased":["War Paint","Paper Crane"],"gold_per_floor":[115,125,139,150,167,199,199,234,261,261,295,321,349,424,424,526,526,526,371,371,371,45,45,45,45,45,45,45,45,45],"floor_reached":31,"campfire_rested":1,"playtime":1921,"current_hp_per_floor":[64,60,60,69,65,57,57,61,61,54,53,52,42,31,31,7,77,69,69,61,45,45,45,27,27,27,20,43,35,5],"items_purged":["Strike_G"],"gold":45,"score":333,"play_id":"e8910f87-8528-4681-b5f2-e648d1d178e3","is_prod":false,"is_daily":false,"is_ascension_mode":true,"campfire_upgraded":4,"path_taken":["M","M","M","M","M","E","R","E","T","?","E","?","E","?","R","BOSS","M","$","M","?","$","R","E","R","T","M","R","M","E","M"],"build_version":"2018-02-15-PROD1","purchased_purges":1,"victory":false,"master_deck":["Defend_G","Defend_G","Defend_G+1","Defend_G","Defend_G","Strike_G","Strike_G","Strike_G","Survivor","Neutralize+1","Backstab","Heel Hook","Flying Knee","Quick Slash","Dodge and Roll","Dagger Throw","Dagger Spray","Underhanded Strike","Terror+1","Slice","Wraith Form+1","PiercingWail+1","Backstab","Infinite Blades+1","Deadly Poison+1","Deadly Poison+1","Prepared"],"max_hp_per_floor":[70,70,70,70,70,70,70,77,77,77,77,77,77,77,77,77,77,77,77,77,77,77,77,77,77,77,77,77,77,77],"relics":["White Beast Statue","Tough Bandages","Strawberry","Juzu Bracelet","Sundial","Odd Mushroom","Bottled Lightning","Ectoplasm","War Paint","Enchiridion","Paper Crane","Lantern","Snake Skull","Dream Catcher"],"card_choices":[{"not_picked":["Escape Plan","Poisoned Stab"],"picked":"Backstab"},{"not_picked":["Dagger Spray","Deflect"],"picked":"Heel Hook"},{"not_picked":["Dash","Cloak And Dagger"],"picked":"Flying Knee"},{"not_picked":["Predator","Outmaneuver"],"picked":"Quick Slash"},{"not_picked":["Bane","Crippling Poison"],"picked":"Dodge and Roll"},{"not_picked":["Storm of Steel","Infinite Blades"],"picked":"Dagger Throw"},{"not_picked":["PiercingWail","Cloak And Dagger"],"picked":"Dagger Spray"},{"not_picked":["Catalyst","Deflect"],"picked":"Underhanded Strike"},{"not_picked":["Quick Slash","Finisher"],"picked":"Terror"},{"not_picked":["Cloak And Dagger","Eviscerate"],"picked":"Slice"},{"not_picked":["Die Die Die","Storm of Steel"],"picked":"Wraith Form"},{"not_picked":["Poisoned Stab","Infinite Blades"],"picked":"PiercingWail"},{"not_picked":["Dagger Throw","Backflip"],"picked":"Backstab"},{"not_picked":["Leg Sweep","Bane"],"picked":"Infinite Blades"},{"not_picked":["Bane","Wraith Form"],"picked":"Deadly Poison"},{"not_picked":["Sucker Punch","Dagger Throw"],"picked":"Deadly Poison"},{"not_picked":["Bouncing Flask","Reflex"],"picked":"Prepared"}],"player_experience":123397,"potions_floor_usage":[4,5,6,6,8,12,12,13,16,16,18,20,24,27,29,30],"damage_taken":[{"damage":6,"enemies":"Cultist","floor":1,"turns":5},{"damage":4,"enemies":"Jaw Worm","floor":2,"turns":4},{"damage":0,"enemies":"Small Slimes","floor":3,"turns":3},{"damage":0,"enemies":"Looter","floor":4,"turns":4},{"damage":4,"enemies":"2 Fungi Beasts","floor":5,"turns":2},{"damage":8,"enemies":"Gremlin Nob","floor":6,"turns":4},{"damage":3,"enemies":"Lagavulin","floor":8,"turns":6},{"damage":1,"enemies":"3 Sentries","floor":11,"turns":8},{"damage":1,"enemies":"The Mushroom Lair","floor":12,"turns":3},{"damage":10,"enemies":"Gremlin Nob","floor":13,"turns":4},{"damage":24,"enemies":"The Guardian","floor":16,"turns":10},{"damage":8,"enemies":"Spheric Guardian","floor":18,"turns":5},{"damage":8,"enemies":"3 Byrds","floor":20,"turns":6},{"damage":18,"enemies":"Gremlin Leader","floor":24,"turns":7},{"damage":19,"enemies":"Centurion and Healer","floor":27,"turns":5},{"damage":8,"enemies":"Snake Plant","floor":29,"turns":3},{"damage":30,"enemies":"Slavers","floor":30,"turns":5},{"damage":6,"enemies":"Sentry and Sphere","floor":31,"turns":2}],"event_choices":[{"event_name":"Golden Wing","player_choice":"Card Removal","floor":10,"damage_taken":0},{"event_name":"Mushrooms","player_choice":"Fought Mushrooms","floor":12,"damage_taken":0},{"event_name":"World of Goop","player_choice":"Gather Gold","floor":14,"damage_taken":0},{"event_name":"Cursed Tome","player_choice":"Obtained Book","floor":21,"damage_taken":0}],"boss_relics":[{"not_picked":["Tiny House","Question Card"],"picked":"Ectoplasm"}],"potions_floor_spawned":[1,2,3,4,5,6,8,11,12,13,16,18,20,24,27,29,30],"seed_played":"-131388218319504326","killed_by":"Sentry and Sphere","ascension_level":2,"is_trial":false}