{"path_per_floor":["M","?","M","M","M","E","R","?","T","?","E","R","M","E","R","B",null,"M","$","M","?","?","E","M"],"character_chosen":"DEFECT","items_purchased":["Melter","Torii"],"gold_per_floor":[115,115,134,144,159,190,190,190,190,190,218,218,235,261,261,362,362,378,21,41,41,41,72,84,84],"floor_reached":25,"campfire_rested":2,"playtime":1234,"current_hp_per_floor":[66,51,49,42,36,14,14,14,14,14,5,27,27,17,39,8,75,65,65,65,65,65,25,5,0],"items_purged":[],"gold":84,"score":289,"play_id":"31ebf9a7-e47e-4c63-bc11-b1bd60a8f871","local_time":"20180511113409","is_prod":false,"is_daily":false,"chose_seed":false,"is_ascension_mode":true,"campfire_upgraded":1,"timestamp":1526031249,"path_taken":["M","?","M","M","?","E","R","?","T","?","E","R","?","E","R","BOSS","M","$","M","?","?","E","M","M"],"build_version":"2018-05-10","seed_source_timestamp":91762439078681,"purchased_purges":0,"victory":false,"master_deck":["Strike_B","Strike_B","Strike_B","Strike_B+1","Defend_B","Defend_B","Defend_B","Defend_B+1","Zap+1","Dualcast+1","Sweeping Beam","Leap","Coolheaded","Rip and Tear","Zap","Machine Learning","Reinforced Body","Chill","Fission","Melter","Conserve Battery","Leap","Zap","Reboot"],"max_hp_per_floor":[75,75,75,75,75,75,75,75,75,75,75,75,75,75,75,75,75,75,75,75,75,75,75,75,75],"relics":["Cracked Core","Letter Opener","Gambling Chip","Peace Pipe","Kunai","Velvet Choker","Torii","Girya"],"card_choices":[{"not_picked":["Stack","Go for the Eyes"],"picked":"Sweeping Beam","floor":1},{"not_picked":["Turbo","Rebound"],"picked":"Leap","floor":4},{"not_picked":["Hologram","Barrage"],"picked":"Coolheaded","floor":5},{"not_picked":["Aggregate","Redo"],"picked":"Rip and Tear","floor":6},{"not_picked":["Sweeping Beam","White Noise"],"picked":"Machine Learning","floor":11},{"not_picked":["Hologram","Coolheaded"],"picked":"Reinforced Body","floor":13},{"not_picked":["Capacitor","Heatsinks"],"picked":"Chill","floor":14},{"not_picked":["All For One","Hyperbeam"],"picked":"Fission","floor":16},{"not_picked":["Ball Lightning","Axe Kick"],"picked":"Conserve Battery","floor":20},{"not_picked":["Hello World","Double Energy"],"picked":"Reboot","floor":23}],"player_experience":59735,"potions_floor_usage":[6,25],"damage_taken":[{"damage":9,"enemies":"2 Louse","floor":1,"turns":2},{"damage":2,"enemies":"Jaw Worm","floor":3,"turns":2},{"damage":7,"enemies":"Small Slimes","floor":4,"turns":2},{"damage":6,"enemies":"Looter","floor":5,"turns":3},{"damage":22,"enemies":"3 Sentries","floor":6,"turns":6},{"damage":9,"enemies":"Lagavulin","floor":11,"turns":5},{"damage":0,"enemies":"Large Slime","floor":13,"turns":3},{"damage":10,"enemies":"Gremlin Nob","floor":14,"turns":3},{"damage":31,"enemies":"The Guardian","floor":16,"turns":16},{"damage":10,"enemies":"Shell Parasite","floor":18,"turns":6},{"damage":0,"enemies":"Spheric Guardian","floor":20,"turns":1},{"damage":40,"enemies":"Book of Stabbing","floor":23,"turns":9},{"damage":20,"enemies":"Centurion and Healer","floor":24,"turns":10},{"damage":7,"enemies":"Snake Plant","floor":25,"turns":3}],"event_choices":[{"event_name":"Shining Light","player_choice":"Entered Light","floor":2,"damage_taken":0},{"event_name":"Dead Adventurer","player_choice":"Searched \u00270\u0027 times","floor":8,"damage_taken":0},{"event_name":"Match and Keep!","player_choice":"1 cards matched","floor":10,"damage_taken":0},{"event_name":"Match and Keep!","player_choice":"2 cards matched","floor":21,"damage_taken":0},{"event_name":"Addict","player_choice":"Ignored","floor":22,"damage_taken":0}],"boss_relics":[{"not_picked":["Runic Dome","Calling Bell"],"picked":"Velvet Choker"}],"potions_floor_spawned":[4,14,20,24],"seed_played":"-5918843529760871980","killed_by":"Snake Plant","ascension_level":4,"is_trial":false}