{"gold_per_floor":[115,132,132,149,149,180,180,180,206,206,223,241,35,68,68,163,163,103,103,28,28,28,28,28,28,28,28,28,0,0,0,0,0,0,0,0,0,0,0,0,0,0,0,0,0,0,0,0,0,0],"floor_reached":51,"playtime":2726,"items_purged":[],"score":903,"play_id":"d2fbbec3-1c6f-4fc4-97cb-7c810e536d69","local_time":"20180928174236","is_ascension_mode":true,"campfire_choices":[{"data":"Neutralize","floor":7,"key":"SMITH"},{"data":"Choke","floor":10,"key":"SMITH"},{"data":"Crippling Poison","floor":15,"key":"SMITH"},{"data":"Burst","floor":23,"key":"SMITH"},{"data":"Dodge and Roll","floor":27,"key":"SMITH"},{"floor":32,"key":"REST"},{"floor":40,"key":"REST"},{"floor":42,"key":"REST"},{"floor":47,"key":"REST"},{"floor":49,"key":"REST"}],"neow_cost":"NONE","seed_source_timestamp":140253804497260,"circlet_count":0,"master_deck":["Defend_G","Defend_G","Defend_G","Defend_G","Defend_G","Strike_G","Strike_G","Strike_G","Survivor","Neutralize+1","Tools of the Trade+1","Underhanded Strike","Choke+1","Dodge and Roll+1","Crippling Poison+1","Backflip","Burst+1","PiercingWail","Decay","Acrobatics","Noxious Fumes","Noxious Fumes+1","Injury","Cloak And Dagger+1","Catalyst+1","Acrobatics+1","Impatience","Dark Shackles","Apotheosis"],"relics":["Ring of the Snake","Happy Flower","StoneCalendar","CultistMask","Art of War","TwistedFunnel","Orichalcum","Ectoplasm","Strawberry","Ninja Scroll","Cursed Key","Centennial Puzzle"],"potions_floor_usage":[6,16,31,33,50,50,50,50,50,50],"damage_taken":[{"damage":0,"enemies":"2 Louse","floor":1,"turns":4},{"damage":1,"enemies":"Cultist","floor":2,"turns":5},{"damage":2,"enemies":"Jaw Worm","floor":4,"turns":4},{"damage":27,"enemies":"Gremlin Nob","floor":6,"turns":5},{"damage":2,"enemies":"2 Fungi Beasts","floor":11,"turns":3},{"damage":7,"enemies":"Looter","floor":12,"turns":3},{"damage":12,"enemies":"Lagavulin","floor":14,"turns":7},{"damage":0,"enemies":"The Guardian","floor":16,"turns":11},{"damage":15,"enemies":"2 Thieves","floor":18,"turns":3},{"damage":5,"enemies":"Shell Parasite","floor":21,"turns":4},{"damage":0,"enemies":"Chosen and Byrds","floor":24,"turns":4},{"damage":5,"enemies":"Centurion and Healer","floor":28,"turns":7},{"damage":7,"enemies":"Snecko","floor":30,"turns":4},{"damage":0,"enemies":"Cultist and Chosen","floor":31,"turns":5},{"damage":15,"enemies":"Collector","floor":33,"turns":9},{"damage":12,"enemies":"3 Darklings","floor":35,"turns":3},{"damage":9,"enemies":"Orb Walker","floor":39,"turns":4},{"damage":22,"enemies":"Maw","floor":41,"turns":7},{"damage":11,"enemies":"3 Darklings","floor":44,"turns":4},{"damage":11,"enemies":"Transient","floor":45,"turns":5},{"damage":60,"enemies":"Time Eater","floor":50,"turns":8}],"seed_played":"-3331286007673303415","potions_obtained":[{"floor":0,"key":"EntropicBrew"},{"floor":0,"key":"SkillPotion"},{"floor":0,"key":"EssenceOfSteel"},{"floor":6,"key":"Swift Potion"},{"floor":16,"key":"Weak Potion"},{"floor":21,"key":"GhostInAJar"},{"floor":33,"key":"PowerPotion"},{"floor":35,"key":"Strength Potion"}],"is_trial":false,"path_per_floor":["M","M","?","M","?","E","R","?","T","R","M","M","$","E","R","B",null,"M","?","?","M","?","R","M","?","T","R","M","?","M","M","R","B",null,"M","?","?","T","M","R","M","R","T","M","M","?","R","?","R","B"],"character_chosen":"THE_SILENT","items_purchased":["TwistedFunnel"],"campfire_rested":5,"item_purchase_floors":[13],"current_hp_per_floor":[70,69,69,67,67,40,40,40,40,40,38,31,31,19,19,19,57,42,49,49,44,44,44,44,44,44,44,39,39,32,32,55,40,68,56,56,56,56,47,68,46,67,67,56,45,45,66,56,73,13],"gold":0,"neow_bonus":"THREE_SMALL_POTIONS","is_prod":false,"is_daily":false,"chose_seed":false,"campfire_upgraded":5,"win_rate":0,"timestamp":1538149356,"path_taken":["M","M","?","M","?","E","R","?","T","R","M","?","?","E","R","BOSS","M","?","?","?","?","R","M","?","T","R","?","?","M","?","R","BOSS","M","?","?","?","?","R","M","R","T","M","M","?","R","?","R","BOSS"],"build_version":"2018-09-27","purchased_purges":0,"victory":true,"max_hp_per_floor":[70,70,70,70,70,70,70,70,70,70,70,70,70,70,70,70,70,70,77,77,77,77,77,77,77,77,77,77,77,77,77,77,77,77,77,73,73,73,73,73,73,73,73,73,73,73,73,73,73,73],"card_choices":[{"not_picked":["Bane","Prepared"],"picked":"PiercingWail","floor":1},{"not_picked":["Sucker Punch","Deflect"],"picked":"Tools of the Trade","floor":2},{"not_picked":["Distraction","Deflect"],"picked":"Underhanded Strike","floor":4},{"not_picked":["Prepared","Deflect"],"picked":"Choke","floor":6},{"not_picked":["Quick Slash","PiercingWail"],"picked":"Dodge and Roll","floor":11},{"not_picked":["Expertise","All Out Attack"],"picked":"Crippling Poison","floor":12},{"not_picked":["Dodge and Roll","Flying Knee"],"picked":"Backflip","floor":14},{"not_picked":["Night Terror","Unload"],"picked":"Burst","floor":16},{"not_picked":["Deflect","Terror","Sucker Punch"],"picked":"SKIP","floor":18},{"not_picked":["Outmaneuver","Slice"],"picked":"PiercingWail","floor":21},{"not_picked":["Bane","Accuracy+1"],"picked":"Acrobatics","floor":24},{"not_picked":["Heel Hook","Infinite Blades"],"picked":"Noxious Fumes","floor":28},{"not_picked":["Quick Slash","Dagger Throw"],"picked":"Noxious Fumes+1","floor":30},{"not_picked":["Calculated Gamble","Die Die Die","Outmaneuver+1"],"picked":"SKIP","floor":31},{"not_picked":["Outmaneuver","Predator","Underhanded Strike+1"],"picked":"SKIP","floor":35},{"not_picked":["Prepared+1","Endless Agony"],"picked":"Cloak And Dagger+1","floor":39},{"not_picked":["Finisher+1","Backflip"],"picked":"Catalyst+1","floor":41},{"not_picked":["Choke","Finisher","Outmaneuver+1"],"picked":"SKIP","floor":44},{"not_picked":["Choke+1","Acrobatics+1","Underhanded Strike+1"],"picked":"SKIP","floor":45},{"not_picked":["Choke+1","Underhanded Strike+1"],"picked":"Acrobatics+1","floor":45},{"not_picked":["Good Instincts","Discovery"],"picked":"Impatience","floor":48},{"not_picked":["Jack Of All Trades","Transmutation"],"picked":"Dark Shackles","floor":48},{"not_picked":["Deep Breath","Forethought"],"picked":"Apotheosis","floor":48}],"player_experience":165899,"relics_obtained":[{"floor":6,"key":"StoneCalendar"},{"floor":9,"key":"Art of War"},{"floor":14,"key":"Orichalcum"},{"floor":26,"key":"Ninja Scroll"},{"floor":38,"key":"Centennial Puzzle"}],"event_choices":[{"event_name":"WeMeetAgain","player_choice":"Card","floor":3,"damage_taken":0},{"event_name":"Living Wall","player_choice":"Grow","floor":5,"damage_taken":0},{"event_name":"FaceTrader","player_choice":"Trade","floor":8,"damage_taken":0},{"event_name":"The Mausoleum","player_choice":"Yes","floor":19,"damage_taken":0},{"event_name":"Beggar","player_choice":"Gave Gold","floor":20,"damage_taken":0},{"event_name":"Forgotten Altar","player_choice":"Smashed Altar","floor":22,"damage_taken":0},{"event_name":"Nest","player_choice":"Stole From Cult","floor":25,"damage_taken":0},{"event_name":"Masked Bandits","player_choice":"Paid Fearfully","floor":29,"damage_taken":0},{"event_name":"Winding Halls","player_choice":"Max HP","floor":36,"damage_taken":0},{"event_name":"Mysterious Sphere","player_choice":"Ignore","floor":37,"damage_taken":0},{"event_name":"Falling","player_choice":"Removed Attack","floor":46,"damage_taken":0},{"event_name":"SensoryStone","player_choice":"Memory 3","floor":48,"damage_taken":0}],"is_beta":true,"boss_relics":[{"not_picked":["Lizard Tail","Snecko Eye"],"picked":"Ectoplasm"},{"not_picked":["Black Star","Sozu"],"picked":"Cursed Key"}],"items_purged_floors":[],"is_endless":false,"potions_floor_spawned":[2,6,14,16,21,28,33,35],"ascension_level":5}