{"gold_per_floor":[109,34,34,58,74,74,39,39,39,57,57,71,71,146,146,146],"floor_reached":16,"playtime":362,"items_purged":[],"score":90,"play_id":"5ef45794-0c00-45a3-b712-a4e5b7d62df1","local_time":"20190102010238","is_ascension_mode":false,"campfire_choices":[{"data":"Zap","floor":6,"key":"SMITH"},{"data":"Dualcast","floor":8,"key":"SMITH"},{"data":"Conserve Battery","floor":13,"key":"SMITH"},{"floor":15,"key":"REST"}],"neow_cost":"NONE","seed_source_timestamp":986672489819115,"circlet_count":0,"master_deck":["Strike_B","Strike_B","Strike_B","Strike_B","Defend_B","Defend_B","Defend_B","Defend_B","Zap+1","Dualcast+1","Leap","Blizzard","Injury","Hologram","Melter","Conserve Battery+1"],"relics":["Cracked Core","Golden Idol","Letter Opener"],"potions_floor_usage":[16,16],"damage_taken":[{"damage":1,"enemies":"2 Louse","floor":1,"turns":2},{"damage":6,"enemies":"Small Slimes","floor":4,"turns":4},{"damage":3,"enemies":"Jaw Worm","floor":5,"turns":4},{"damage":13,"enemies":"Lots of Slimes","floor":10,"turns":4},{"damage":5,"enemies":"Looter","floor":12,"turns":3},{"damage":66,"enemies":"Hexaghost","floor":16,"turns":14}],"seed_played":"7333417939755559608","potions_obtained":[{"floor":4,"key":"Dexterity Potion"},{"floor":5,"key":"PowerPotion"}],"is_trial":false,"path_per_floor":["M","$","?","M","M","R","?","R","T","M","$","M","R","?","R","B"],"character_chosen":"DEFECT","items_purchased":["Blizzard"],"campfire_rested":1,"item_purchase_floors":[2],"current_hp_per_floor":[81,81,81,75,72,72,82,82,82,69,69,64,64,53,77,11],"gold":146,"neow_bonus":"TEN_PERCENT_HP_BONUS","is_prod":false,"is_daily":false,"chose_seed":false,"campfire_upgraded":3,"win_rate":0,"timestamp":1546387358,"path_taken":["M","$","?","M","M","R","?","R","T","M","?","?","R","?","R","BOSS"],"build_version":"2018-12-20","purchased_purges":0,"victory":false,"max_hp_per_floor":[82,82,82,82,82,82,82,82,82,82,82,82,82,82,82,82],"card_choices":[{"not_picked":["Ball Lightning","Sweeping Beam"],"picked":"Leap","floor":1},{"not_picked":["Defragment","Sweeping Beam"],"picked":"Hologram","floor":4},{"not_picked":["Force Field","Beam Cell"],"picked":"Melter","floor":5},{"not_picked":["Steam","Go for the Eyes"],"picked":"Conserve Battery","floor":10},{"not_picked":["Redo","Hello World","Hyperbeam"],"picked":"SKIP","floor":12}],"player_experience":493132,"relics_obtained":[{"floor":9,"key":"Letter Opener"}],"event_choices":[{"damage_healed":0,"gold_gain":0,"player_choice":"Take Wound","damage_taken":0,"relics_obtained":["Golden Idol"],"max_hp_gain":0,"max_hp_loss":0,"event_name":"Golden Idol","floor":3,"gold_loss":0,"cards_obtained":["Injury"]},{"damage_healed":20,"gold_gain":0,"player_choice":"Healed","damage_taken":0,"max_hp_gain":0,"max_hp_loss":0,"event_name":"The Cleric","floor":7,"gold_loss":35},{"damage_healed":0,"gold_gain":75,"player_choice":"Gather Gold","damage_taken":11,"max_hp_gain":0,"max_hp_loss":0,"event_name":"World of Goop","floor":14,"gold_loss":0}],"is_beta":false,"boss_relics":[],"items_purged_floors":[],"is_endless":false,"potions_floor_spawned":[4,5],"killed_by":"Hexaghost","ascension_level":0}