{"gold_per_floor":[115,115,42,53,67,67,94,112,180,194,194],"floor_reached":11,"playtime":257,"items_purged":[],"score":94,"play_id":"1faf8c79-b4cd-4ca2-95c5-e1ae0a1131a7","local_time":"20181209224615","is_ascension_mode":true,"campfire_choices":[{"data":"Zap","floor":6,"key":"SMITH"}],"neow_cost":"NONE","seed_source_timestamp":2011747027335501,"circlet_count":0,"master_deck":["Strike_B","Strike_B","Strike_B","Strike_B","Defend_B","Defend_B","Defend_B","Defend_B","Zap+1","Dualcast","Heatsinks","Heatsinks","Leap","Barrage","Melter","Darkness","Melter+1"],"relics":["Cracked Core","Happy Flower","Mango","Molten Egg 2"],"potions_floor_usage":[7,8],"damage_taken":[{"damage":0,"enemies":"Small Slimes","floor":1,"turns":3},{"damage":6,"enemies":"Cultist","floor":4,"turns":4},{"damage":11,"enemies":"Jaw Worm","floor":5,"turns":5},{"damage":34,"enemies":"Lagavulin","floor":7,"turns":5},{"damage":3,"enemies":"Blue Slaver","floor":8,"turns":2},{"damage":12,"enemies":"Looter","floor":10,"turns":3},{"damage":21,"enemies":"Gremlin Nob","floor":11,"turns":4}],"seed_played":"7698041411919079890","potions_obtained":[{"floor":1,"key":"SteroidPotion"},{"floor":5,"key":"Swift Potion"}],"is_trial":false,"path_per_floor":["M","?","$","M","M","R","E","M","T","M","E"],"character_chosen":"DEFECT","items_purchased":["Heatsinks"],"campfire_rested":0,"item_purchase_floors":[3],"current_hp_per_floor":[75,75,75,69,58,58,38,35,35,23,2],"gold":194,"neow_bonus":"RANDOM_COMMON_RELIC","is_prod":false,"is_daily":false,"chose_seed":false,"campfire_upgraded":1,"win_rate":0,"timestamp":1544391975,"path_taken":["M","?","?","M","M","R","E","M","T","M","E"],"build_version":"2018-12-06","purchased_purges":0,"victory":false,"max_hp_per_floor":[75,75,75,75,75,75,89,89,89,89,89],"card_choices":[{"not_picked":["Gash","Go for the Eyes"],"picked":"Heatsinks","floor":1},{"not_picked":["Chill","Turbo"],"picked":"Leap","floor":4},{"not_picked":["Compile Driver","Redo"],"picked":"Barrage","floor":5},{"not_picked":["Redo","Turbo"],"picked":"Melter","floor":7},{"not_picked":["Gash","Conserve Battery"],"picked":"Darkness","floor":8},{"not_picked":["Barrage+1","Amplify"],"picked":"Melter+1","floor":10}],"player_experience":413562,"relics_obtained":[{"floor":7,"key":"Mango"},{"floor":9,"key":"Molten Egg 2"}],"event_choices":[{"damage_healed":0,"gold_gain":0,"player_choice":"0 cards matched","damage_taken":0,"max_hp_gain":0,"max_hp_loss":0,"event_name":"Match and Keep!","floor":2,"gold_loss":0,"cards_obtained":[]}],"is_beta":false,"boss_relics":[],"items_purged_floors":[],"is_endless":false,"potions_floor_spawned":[1,5],"killed_by":"Gremlin Nob","ascension_level":5}