{"path_per_floor":["M","?","?","$","M","R","E","M","T","M","R","?","E","M","R","B",null,"M","M","$","M","$","R","M","R","T","?","E","R","M","M","R","B",null,"M","$","M","M","M","R","?","R","T","R","E","M","?","M","R","B"],"character_chosen":"IRONCLAD","items_purchased":["Wild Strike","Rage","Rampage","Paper Frog"],"gold_per_floor":[114,114,114,16,33,33,68,83,83,102,102,102,136,147,147,244,244,254,269,64,81,81,81,98,98,122,122,149,149,167,186,186,284,284,295,42,62,76,95,95,95,95,141,141,171,187,0,11,11,11],"floor_reached":51,"campfire_rested":3,"playtime":2661,"current_hp_per_floor":[80,80,64,64,70,70,68,71,71,68,68,68,49,46,70,65,83,84,82,82,68,68,68,58,58,58,58,60,60,62,55,81,29,89,75,75,80,71,69,69,94,94,94,94,87,59,59,57,87,58],"items_purged":["Strike_R","Strike_R"],"gold":11,"score":862,"play_id":"00e630d2-2fa4-46e6-ae7b-0a18e1d97d2d","local_time":"20180403000437","is_prod":false,"is_daily":false,"is_ascension_mode":true,"campfire_upgraded":8,"timestamp":1522706677,"path_taken":["M","?","?","?","M","R","E","?","T","M","R","?","E","M","R","BOSS","M","M","?","M","$","R","M","R","T","?","E","R","M","?","R","BOSS","M","$","M","M","M","R","?","R","T","R","E","?","?","M","R","BOSS"],"build_version":"2018-03-29v2","purchased_purges":3,"victory":true,"master_deck":["Strike_R","Defend_R+1","Defend_R","Defend_R+1","Bash+1","Pummel","Headbutt+1","Uppercut+1","Wild Strike+1","Dropkick","Flame Barrier+1","Feed","Disarm","Offering","Disarm+1","Rage+1","Rampage+1","Power Through","Power Through","Rage+1","Immolate+1","Evolve+1","Clothesline+1","Impervious","Dropkick"],"max_hp_per_floor":[80,80,80,80,80,80,80,80,80,80,80,80,83,83,83,83,83,86,86,86,86,86,86,86,86,86,86,86,86,86,89,89,89,89,89,89,92,95,98,98,98,98,98,98,98,98,98,101,101,101],"relics":["Burning Blood","Omamori","War Paint","Mercury Hourglass","Philosopher\u0027s Stone","Dream Catcher","Matryoshka","Cursed Key","Paper Frog","Prayer Wheel","Ancient Tea Set","Self Forming Clay","Red Mask"],"card_choices":[{"not_picked":["Sever Soul","Cleave"],"picked":"Headbutt","floor":1},{"not_picked":["Thunderclap","Reckless Charge"],"picked":"Dropkick","floor":5},{"not_picked":["Feel No Pain","Wild Strike"],"picked":"Flame Barrier","floor":8},{"not_picked":["Twin Strike","Iron Wave"],"picked":"Feed","floor":10},{"not_picked":["Havoc","Anger"],"picked":"Disarm","floor":13},{"not_picked":["Berserk","Dark Embrace"],"picked":"Offering","floor":16},{"not_picked":["Havoc","Reckless Charge"],"picked":"Disarm","floor":18},{"not_picked":["Intimidate","Flex"],"picked":"Power Through","floor":28},{"not_picked":["Havoc","Sever Soul"],"picked":"Power Through","floor":30},{"not_picked":["Inflame","Shockwave"],"picked":"Rage","floor":31},{"not_picked":["Barricade","Juggernaut"],"picked":"Immolate","floor":33},{"not_picked":["Combust","Rage"],"picked":"Evolve","floor":37},{"not_picked":["True Grit","Cleave"],"picked":"Clothesline","floor":38},{"not_picked":["Clothesline","Armaments"],"picked":"Impervious","floor":39},{"not_picked":["Evolve","Sever Soul"],"picked":"Dropkick","floor":46}],"player_experience":198291,"potions_floor_usage":[28,33,33,33,48,50,50,50],"damage_taken":[{"damage":1,"enemies":"Cultist","floor":1,"turns":3},{"damage":0,"enemies":"2 Louse","floor":5,"turns":2},{"damage":8,"enemies":"Gremlin Nob","floor":7,"turns":3},{"damage":3,"enemies":"Small Slimes","floor":8,"turns":2},{"damage":9,"enemies":"Exordium Wildlife","floor":10,"turns":3},{"damage":28,"enemies":"3 Sentries","floor":13,"turns":7},{"damage":9,"enemies":"Red Slaver","floor":14,"turns":3},{"damage":11,"enemies":"The Guardian","floor":16,"turns":12},{"damage":8,"enemies":"Shell Parasite","floor":18,"turns":5},{"damage":8,"enemies":"3 Byrds","floor":19,"turns":2},{"damage":20,"enemies":"Snake Plant","floor":21,"turns":4},{"damage":16,"enemies":"Snecko","floor":24,"turns":4},{"damage":4,"enemies":"Book of Stabbing","floor":28,"turns":3},{"damage":4,"enemies":"Chosen and Byrds","floor":30,"turns":5},{"damage":16,"enemies":"Snake Plant","floor":31,"turns":4},{"damage":58,"enemies":"Automaton","floor":33,"turns":12},{"damage":20,"enemies":"3 Darklings","floor":35,"turns":6},{"damage":4,"enemies":"Orb Walker","floor":37,"turns":3},{"damage":18,"enemies":"4 Shapes","floor":38,"turns":7},{"damage":11,"enemies":"Sphere and 2 Shapes","floor":39,"turns":8},{"damage":13,"enemies":"Nemesis","floor":45,"turns":7},{"damage":34,"enemies":"3 Darklings","floor":46,"turns":7},{"damage":11,"enemies":"4 Shapes","floor":48,"turns":4},{"damage":50,"enemies":"Awakened One","floor":50,"turns":14}],"event_choices":[{"event_name":"Transmorgrifier","player_choice":"Transform","floor":2,"damage_taken":0},{"event_name":"Shining Light","player_choice":"Entered Light","floor":3,"damage_taken":0},{"event_name":"Scrap Ooze","player_choice":"unsuccessful","floor":12,"damage_taken":0},{"event_name":"Purifier","player_choice":"One Purge","floor":27,"damage_taken":0},{"event_name":"Winding Halls","player_choice":"Writhe","floor":41,"damage_taken":0},{"event_name":"Tomb of Lord Red Mask","player_choice":"Paid","floor":47,"damage_taken":0}],"boss_relics":[{"not_picked":["White Beast Statue","Black Blood"],"picked":"Philosopher\u0027s Stone"},{"not_picked":["Runic Cube","Eternal Feather"],"picked":"Cursed Key"}],"potions_floor_spawned":[7,13,16,18,19,24,31,33,37,38,39,48],"seed_played":"-5581361935062422076","ascension_level":3,"is_trial":false}