{"path_per_floor":["M","?","?","M","M","E","$","R","T","R","E","?","R","E","R","B",null,"M","T","$","M","M","E","R","M","T","R","?","R","M","?","R"],"character_chosen":"DEFECT","items_purchased":["Turbo","Frozen Egg 2","Ball Lightning"],"gold_per_floor":[114,144,144,160,179,212,186,186,209,209,235,215,215,247,247,350,350,365,365,98,116,129,157,157,169,216,216,216,216,236,236,236,236],"floor_reached":33,"campfire_rested":2,"playtime":1055,"item_purchase_floors":[7,20,20],"current_hp_per_floor":[75,72,72,72,72,47,47,47,47,47,26,26,26,15,37,5,75,74,74,74,64,50,23,23,23,23,23,23,23,2,2,24,0],"items_purged":[],"gold":236,"score":281,"play_id":"11ba8e03-b946-4eb5-8307-957cef811d9a","local_time":"20180531205609","is_prod":false,"is_daily":false,"chose_seed":false,"is_ascension_mode":false,"campfire_upgraded":6,"win_rate":0,"timestamp":1527814569,"campfire_choices":[{"data":"Dualcast","floor":8,"key":"SMITH"},{"data":"Turbo","floor":10,"key":"SMITH"},{"data":"Streamline","floor":13,"key":"SMITH"},{"floor":15,"key":"REST"},{"data":"Redo","floor":24,"key":"SMITH"},{"data":"Leap","floor":27,"key":"SMITH"},{"data":"Redo","floor":29,"key":"SMITH"},{"floor":32,"key":"REST"}],"path_taken":["M","?","?","M","?","E","$","R","T","R","E","?","R","E","R","BOSS","M","?","$","?","M","E","R","M","T","R","?","R","M","?","R","BOSS"],"build_version":"2018-05-30v2","seed_source_timestamp":285192395817881,"purchased_purges":0,"victory":false,"master_deck":["Strike_B","Strike_B","Strike_B","Strike_B","Defend_B","Defend_B","Defend_B","Zap+1","Dualcast+1","Redo+1","Sweeping Beam","Streamline+1","Leap+1","Turbo+1","Streamline","Cold Snap","Ball Lightning","Redo+1","Redo+1","Rebound+1","Rebound+1"],"max_hp_per_floor":[75,75,75,75,75,75,75,75,75,75,75,75,75,75,75,75,75,75,75,75,75,75,75,75,75,75,75,75,75,75,75,75,75],"relics":["Cracked Core","NeowsBlessing","Tiny Chest","Symbiotic Virus","Anchor","Omamori","Ice Cream","Nuclear Battery","Question Card","Frozen Egg 2","Letter Opener","Boot"],"card_choices":[{"not_picked":["Self Repair","Steam Power"],"picked":"Redo","floor":1},{"not_picked":["Conserve Battery","Static Discharge"],"picked":"Sweeping Beam","floor":4},{"not_picked":["White Noise","Storm"],"picked":"Streamline","floor":5},{"not_picked":["Coolheaded","Blizzard"],"picked":"Leap","floor":6},{"not_picked":["Steam Power","Auto Shields","Coolheaded"],"picked":"SKIP","floor":11},{"not_picked":["Cold Snap","Reprogram"],"picked":"Streamline","floor":14},{"not_picked":["Double Energy+1","Heatsinks+1"],"picked":"Cold Snap","floor":18},{"not_picked":["Darkness+1","Doom and Gloom","Cold Snap"],"picked":"Redo+1","floor":21},{"not_picked":["Steam Power","Chaos+1","Sunder+1"],"picked":"Redo","floor":22},{"not_picked":["Sweeping Beam","Cold Snap","Streamline"],"picked":"Rebound+1","floor":23},{"not_picked":["Skim","Leap","FTL"],"picked":"Rebound+1","floor":25},{"not_picked":["Glacier+1","Steam Power","Streamline","Recycle+1"],"picked":"SKIP","floor":30}],"player_experience":230634,"potions_floor_usage":[25,33],"damage_taken":[{"damage":0,"enemies":"2 Louse","floor":1,"turns":1},{"damage":0,"enemies":"Small Slimes","floor":4,"turns":1},{"damage":0,"enemies":"Jaw Worm","floor":5,"turns":1},{"damage":25,"enemies":"3 Sentries","floor":6,"turns":6},{"damage":21,"enemies":"Lagavulin","floor":11,"turns":4},{"damage":11,"enemies":"3 Sentries","floor":14,"turns":5},{"damage":32,"enemies":"Hexaghost","floor":16,"turns":9},{"damage":1,"enemies":"2 Thieves","floor":18,"turns":3},{"damage":10,"enemies":"Shell Parasite","floor":21,"turns":4},{"damage":14,"enemies":"Snecko","floor":22,"turns":4},{"damage":27,"enemies":"Gremlin Leader","floor":23,"turns":7},{"damage":0,"enemies":"Centurion and Healer","floor":25,"turns":3},{"damage":21,"enemies":"Snake Plant","floor":30,"turns":3},{"damage":28,"enemies":"Automaton","floor":33,"turns":4}],"relics_obtained":[{"floor":6,"key":"Symbiotic Virus"},{"floor":9,"key":"Anchor"},{"floor":11,"key":"Omamori"},{"floor":14,"key":"Ice Cream"},{"floor":19,"key":"Question Card"},{"floor":23,"key":"Letter Opener"},{"floor":26,"key":"Boot"}],"event_choices":[{"event_name":"Scrap Ooze","player_choice":"success","floor":2,"damage_taken":3},{"event_name":"Living Wall","player_choice":"Grow","floor":3,"damage_taken":0},{"event_name":"The Woman in Blue","player_choice":"Bought 1 Potion","floor":12,"damage_taken":0},{"event_name":"Purifier","player_choice":"One Purge","floor":28,"damage_taken":0},{"event_name":"Drug Dealer","player_choice":"Ignored","floor":31,"damage_taken":0}],"boss_relics":[{"not_picked":["Velvet Choker","Runic Dome"],"picked":"Nuclear Battery"}],"items_purged_floors":[],"potions_floor_spawned":[4,11,16,22,23],"seed_played":"-9085871301894121771","killed_by":"Automaton","ascension_level":0,"potions_obtained":[{"floor":4,"key":"Swift Potion"},{"floor":11,"key":"Fire Potion"},{"floor":12,"key":"Strength Potion"}],"is_trial":false}