{"gold_per_floor":[118,132,207,52,67,67,100,100,100,100,113,113,113,141,141,212,212,228,238,254,60,73,73,73],"floor_reached":24,"playtime":1329,"items_purged":["Defend_B"],"score":340,"play_id":"7c1fb615-a128-4a8f-84d5-0d6096b2232e","local_time":"20180920052020","is_ascension_mode":true,"campfire_choices":[{"floor":6,"key":"REST"},{"floor":8,"key":"REST"},{"floor":12,"key":"REST"},{"floor":15,"key":"REST"},{"floor":23,"key":"REST"}],"neow_cost":"NONE","seed_source_timestamp":404600008237641,"circlet_count":0,"master_deck":["Strike_B+1","Strike_B","Strike_B","Strike_B+1","Defend_B","Defend_B","Defend_B","Zap","Dualcast","AscendersBane","Gash+1","Undo","FTL","Conserve Battery","Scrape+1","Ball Lightning+1","Seek","Compile Driver+1","Go for the Eyes+1","Reinforced Body"],"relics":["Cracked Core","Pen Nib","Molten Egg 2","Mummified Hand","Bottled Lightning","Lizard Tail","Orichalcum"],"potions_floor_usage":[7,14,16,20,22,24],"damage_taken":[{"damage":9,"enemies":"Small Slimes","floor":1,"turns":3},{"damage":7,"enemies":"Jaw Worm","floor":2,"turns":2},{"damage":1,"enemies":"Cultist","floor":5,"turns":3},{"damage":40,"enemies":"3 Sentries","floor":7,"turns":8},{"damage":0,"enemies":"Blue Slaver","floor":11,"turns":3},{"damage":10,"enemies":"Lagavulin","floor":14,"turns":3},{"damage":47,"enemies":"Hexaghost","floor":16,"turns":8},{"damage":23,"enemies":"Spheric Guardian","floor":18,"turns":4},{"damage":7,"enemies":"3 Byrds","floor":19,"turns":6},{"damage":25,"enemies":"Centurion and Healer","floor":20,"turns":6},{"damage":23,"enemies":"Snake Plant","floor":22,"turns":4},{"damage":47,"enemies":"Book of Stabbing","floor":24,"turns":5}],"seed_played":"3023486763864029462","potions_obtained":[{"floor":2,"key":"Poison Potion"},{"floor":7,"key":"AttackPotion"},{"floor":11,"key":"GamblersBrew"},{"floor":16,"key":"SpeedPotion"},{"floor":19,"key":"Energy Potion"},{"floor":22,"key":"FocusPotion"}],"is_trial":false,"path_per_floor":["M","M","?","$","M","R","E","R","T","?","M","R","?","E","R","B",null,"M","M","M","$","M","R"],"character_chosen":"DEFECT","items_purchased":["FTL","Orichalcum","Go for the Eyes+1"],"campfire_rested":5,"item_purchase_floors":[4,21,21],"current_hp_per_floor":[59,52,41,41,40,62,22,44,44,44,44,66,51,41,63,16,60,37,30,5,5,25,47,0],"gold":73,"neow_bonus":"RANDOM_COMMON_RELIC","is_prod":false,"is_daily":false,"chose_seed":false,"campfire_upgraded":0,"win_rate":0,"timestamp":1537413620,"path_taken":["M","M","?","$","?","R","E","R","T","?","M","R","?","E","R","BOSS","M","M","M","$","M","R","E"],"build_version":"2018-09-06","purchased_purges":1,"victory":false,"max_hp_per_floor":[75,75,75,75,75,75,75,75,75,75,75,75,75,75,75,75,75,75,75,75,75,75,75,75],"card_choices":[{"not_picked":["Steam","Streamline"],"picked":"Gash","floor":1},{"not_picked":["Ball Lightning","Recycle"],"picked":"Undo","floor":2},{"not_picked":["Coolheaded","Heatsinks"],"picked":"Conserve Battery","floor":5},{"not_picked":["Defragment","Stack","Redo"],"picked":"SKIP","floor":7},{"not_picked":["Redo","Streamline+1"],"picked":"Scrape+1","floor":11},{"not_picked":["BootSequence","Fission","Ball Lightning+1"],"picked":"SKIP","floor":14},{"not_picked":["BootSequence","Fission"],"picked":"Ball Lightning+1","floor":14},{"not_picked":["Machine Learning","Biased Cognition"],"picked":"Seek","floor":16},{"not_picked":["Stack","Double Energy"],"picked":"Compile Driver+1","floor":18},{"not_picked":["Lockon+1","Redo","Coolheaded"],"picked":"SKIP","floor":19},{"not_picked":["Stack","Blizzard+1","Streamline+1"],"picked":"SKIP","floor":20},{"not_picked":["Barrage+1","Steam+1"],"picked":"Reinforced Body","floor":22}],"player_experience":445766,"relics_obtained":[{"floor":7,"key":"Molten Egg 2"},{"floor":9,"key":"Mummified Hand"},{"floor":14,"key":"Bottled Lightning"}],"event_choices":[{"event_name":"World of Goop","player_choice":"Gather Gold","floor":3,"damage_taken":0},{"event_name":"Living Wall","player_choice":"Grow","floor":10,"damage_taken":0},{"event_name":"Shining Light","player_choice":"Entered Light","floor":13,"damage_taken":0}],"is_beta":false,"boss_relics":[{"not_picked":["Pandora\u0027s Box","Runic Pyramid"],"picked":"Lizard Tail"}],"items_purged_floors":[4],"is_endless":false,"potions_floor_spawned":[2,7,11,16,19,22],"killed_by":"Book of Stabbing","ascension_level":13}