{"path_per_floor":["M","M","M","?","$","E","M","E","T","M","M","?","?","M","R","B",null,"M","M","$","?","M","R","E","M","T","?","E","R","M","M","R","B",null,"M","?","?","M","$","E","M","?","T","M","M","M","M","E","R","B"],"character_chosen":"THE_SILENT","items_purchased":["Terror","Shuriken","Ornamental Fan","Vajra"],"gold_per_floor":[114,129,144,144,70,100,115,145,145,160,475,425,425,440,440,540,540,555,570,70,70,85,85,115,130,130,130,160,160,175,190,190,290,290,305,324,324,339,114,144,159,159,159,174,189,204,219,249,249,249],"floor_reached":51,"campfire_rested":0,"playtime":2969,"current_hp_per_floor":[66,66,66,66,66,62,64,62,62,74,76,76,76,75,75,35,87,87,87,87,77,78,78,78,80,86,86,88,88,90,92,92,81,99,99,78,68,67,67,59,61,92,98,99,101,101,101,105,105,113],"items_purged":["Writhe"],"gold":249,"score":940,"play_id":"14e0d1f4-57b4-47f6-baf6-b58bc4215fe8","local_time":"20180417215452","daily_mods":["Draft","Night Terrors","Vintage"],"is_prod":false,"is_daily":true,"chose_seed":false,"is_ascension_mode":false,"campfire_upgraded":4,"timestamp":1524027292,"path_taken":["M","M","M","?","$","E","M","E","T","M","?","?","?","?","R","BOSS","M","M","$","?","M","R","E","M","T","?","E","R","M","M","R","BOSS","M","?","?","M","$","E","M","?","T","M","?","M","M","E","R","BOSS"],"build_version":"2018-04-12","seed_source_timestamp":0,"purchased_purges":1,"victory":true,"master_deck":["Sucker Punch","Backflip+1","Dodge and Roll","Flying Knee+1","Sucker Punch","Dagger Spray","Poisoned Stab","Slice","Sucker Punch","Quick Slash+1","Dodge and Roll","Infinite Blades+1","Backflip+1","Terror+1","Accuracy+1","Escape Plan","After Image+1","Necronomicurse","Dagger Spray","Infinite Blades+1","Tools of the Trade","Deflect+1","Flash of Steel+1","Flash of Steel+1","Apotheosis","Acrobatics+1","Writhe","Decay"],"max_hp_per_floor":[70,70,70,70,70,70,70,77,77,87,87,87,87,87,87,87,87,87,87,87,93,93,93,93,93,99,99,99,99,99,99,99,99,99,99,99,99,99,99,99,99,105,111,111,111,111,111,113,113,113],"relics":["Ring of the Snake","Ninja Scroll","Blue Candle","Blood Vial","Regal Pillow","Letter Opener","Strawberry","Darkstone Periapt","Pear","Old Coin","Snake Skull","Gambling Chip","Cursed Key","Calipers","Bag of Preparation","Shuriken","Ornamental Fan","Necronomicon","Meat on the Bone","Paper Crane","Oddly Smooth Stone","Molten Egg 2","Orichalcum","Unceasing Top","War Paint","Matryoshka","Sozu","Art of War","Girya","Frozen Egg 2","Vajra","Singing Bowl","Pen Nib","Toxic Egg 2","Mummified Hand","Whetstone","Happy Flower","Bronze Scales","Lantern","Omamori"],"card_choices":[{"not_picked":["Outmaneuver","Calculated Gamble"],"picked":"Sucker Punch","floor":0},{"not_picked":["Cloak And Dagger","Dodge and Roll"],"picked":"Backflip","floor":0},{"not_picked":["Reflex","Finisher"],"picked":"Dodge and Roll","floor":0},{"not_picked":["Acrobatics","Leg Sweep"],"picked":"Flying Knee","floor":0},{"not_picked":["Choke","Prepared"],"picked":"Sucker Punch","floor":0},{"not_picked":["Sucker Punch","Underhanded Strike"],"picked":"Dagger Spray","floor":0},{"not_picked":["Underhanded Strike","Outmaneuver"],"picked":"Poisoned Stab","floor":0},{"not_picked":["Bane","Blade Dance"],"picked":"Slice","floor":0},{"not_picked":["Riddle With Holes","Masterful Stab"],"picked":"Sucker Punch","floor":0},{"not_picked":["Bane","Distraction"],"picked":"Leg Sweep","floor":0},{"not_picked":["Deadly Poison","Slice"],"picked":"Quick Slash","floor":0},{"not_picked":["Deadly Poison","Sucker Punch"],"picked":"Dagger Throw","floor":0},{"not_picked":["Endless Agony","Outmaneuver"],"picked":"Dodge and Roll","floor":0},{"not_picked":["Prepared","Riddle With Holes"],"picked":"Infinite Blades","floor":0},{"not_picked":["Quick Slash","Outmaneuver"],"picked":"Backflip","floor":0},{"not_picked":["Wraith Form v2","Underhanded Strike"],"picked":"Accuracy","floor":6},{"not_picked":["Concentrate","Endless Agony"],"picked":"Escape Plan","floor":8},{"not_picked":["Corpse Explosion","Unload"],"picked":"After Image","floor":16},{"not_picked":["Deadly Poison","Prepared"],"picked":"Dagger Spray","floor":24},{"not_picked":["Flechettes","Doppelganger"],"picked":"Infinite Blades","floor":28},{"not_picked":["Unload","Night Terror"],"picked":"Tools of the Trade","floor":33},{"not_picked":["Noxious Fumes","Bane"],"picked":"Deflect","floor":36},{"not_picked":["Dramatic Entrance","Good Instincts"],"picked":"Flash of Steel","floor":37},{"not_picked":["Blind","Secret Technique"],"picked":"Flash of Steel","floor":37},{"not_picked":["Panacea","Good Instincts"],"picked":"Apotheosis","floor":37},{"not_picked":["Outmaneuver","Dodge and Roll"],"picked":"Acrobatics","floor":40}],"player_experience":239026,"potions_floor_usage":[10,30,50,50,50],"damage_taken":[{"damage":4,"enemies":"Jaw Worm","floor":1,"turns":3},{"damage":0,"enemies":"2 Louse","floor":2,"turns":2},{"damage":0,"enemies":"Cultist","floor":3,"turns":3},{"damage":6,"enemies":"Gremlin Nob","floor":6,"turns":3},{"damage":0,"enemies":"Large Slime","floor":7,"turns":3},{"damage":11,"enemies":"3 Sentries","floor":8,"turns":5},{"damage":0,"enemies":"3 Louse","floor":10,"turns":1},{"damage":0,"enemies":"2 Fungi Beasts","floor":11,"turns":2},{"damage":3,"enemies":"Lots of Slimes","floor":14,"turns":2},{"damage":42,"enemies":"Hexaghost","floor":16,"turns":6},{"damage":0,"enemies":"Shell Parasite","floor":18,"turns":3},{"damage":0,"enemies":"Chosen","floor":19,"turns":3},{"damage":1,"enemies":"3 Cultists","floor":22,"turns":3},{"damage":2,"enemies":"Book of Stabbing","floor":24,"turns":4},{"damage":0,"enemies":"Sentry and Sphere","floor":25,"turns":3},{"damage":0,"enemies":"Gremlin Leader","floor":28,"turns":4},{"damage":0,"enemies":"Slaver and Parasite","floor":30,"turns":3},{"damage":0,"enemies":"Cultist and Chosen","floor":31,"turns":3},{"damage":13,"enemies":"Automaton","floor":33,"turns":6},{"damage":0,"enemies":"Orb Walker","floor":35,"turns":2},{"damage":21,"enemies":"Mysterious Sphere","floor":36,"turns":3},{"damage":3,"enemies":"3 Shapes","floor":38,"turns":2},{"damage":10,"enemies":"2 Orb Walkers","floor":40,"turns":3},{"damage":0,"enemies":"Sphere and 2 Shapes","floor":41,"turns":3},{"damage":1,"enemies":"4 Shapes","floor":44,"turns":2},{"damage":0,"enemies":"3 Darklings","floor":45,"turns":2},{"damage":2,"enemies":"Maw","floor":46,"turns":3},{"damage":2,"enemies":"Sphere and 2 Shapes","floor":47,"turns":2},{"damage":0,"enemies":"Giant Head","floor":48,"turns":4},{"damage":0,"enemies":"Awakened One","floor":50,"turns":6}],"event_choices":[{"event_name":"Living Wall","player_choice":"Grow","floor":4,"damage_taken":0},{"event_name":"The Cleric","player_choice":"Card Removal","floor":12,"damage_taken":0},{"event_name":"The Woman in Blue","player_choice":"Bought 0 Potions","floor":13,"damage_taken":0},{"event_name":"Cursed Tome","player_choice":"Obtained Book","floor":21,"damage_taken":0},{"event_name":"Purifier","player_choice":"One Purge","floor":27,"damage_taken":0},{"event_name":"Mysterious Sphere","player_choice":"Fight","floor":36,"damage_taken":0},{"event_name":"SensoryStone","player_choice":"Memory 3","floor":37,"damage_taken":0},{"event_name":"Winding Halls","player_choice":"Writhe","floor":42,"damage_taken":0}],"boss_relics":[{"not_picked":["Runic Dome","White Beast Statue"],"picked":"Cursed Key"},{"not_picked":["Snecko Eye","Black Star"],"picked":"Sozu"}],"potions_floor_spawned":[1,2,6,7,10,19,22,25,30,38,40,47,48],"seed_played":"-4643760058957999775","ascension_level":0,"is_trial":false}