{"path_per_floor":["M","M","?","M","M","E","R","E","T","R","E","$","R","E","R","B",null,"M","M","?","?","$","E","R"],"character_chosen":"DEFECT","items_purchased":["Lantern","Flash of Steel","Heatsinks"],"gold_per_floor":[113,131,81,96,115,147,147,174,248,248,273,24,24,58,58,163,163,179,197,122,122,12,40,40,40],"floor_reached":25,"campfire_rested":1,"playtime":1064,"item_purchase_floors":[12,12,22],"current_hp_per_floor":[68,68,68,68,55,39,39,28,28,28,16,16,16,13,35,4,75,75,75,75,75,75,32,32,0],"items_purged":["Defend_B"],"gold":40,"score":296,"play_id":"ca8a9770-a5c2-4697-8339-ef5f0f3858c9","local_time":"20180531195208","is_prod":false,"is_daily":false,"chose_seed":false,"is_ascension_mode":true,"campfire_upgraded":4,"win_rate":0,"timestamp":1527810728,"campfire_choices":[{"data":"Biased Cognition","floor":7,"key":"SMITH"},{"data":"Dualcast","floor":10,"key":"SMITH"},{"data":"Zap","floor":13,"key":"SMITH"},{"floor":15,"key":"REST"},{"data":"Reboot","floor":24,"key":"SMITH"}],"path_taken":["M","M","?","M","M","E","R","E","T","R","E","$","R","E","R","BOSS","M","M","?","?","?","E","R","E"],"build_version":"2018-05-30v2","seed_source_timestamp":281348943078947,"purchased_purges":1,"victory":false,"master_deck":["Strike_B","Strike_B","Strike_B","Defend_B","Defend_B","Zap+1","Dualcast+1","Biased Cognition+1","Heatsinks","Chill","Leap","Beam Cell","Leap","Streamline","Flash of Steel","Genetic Algorithm","Reboot+1","Steam Power+1","Capacitor","Heatsinks","Go for the Eyes"],"max_hp_per_floor":[75,75,75,75,75,75,75,75,75,75,75,75,75,75,75,75,75,75,75,75,75,75,75,75,75],"relics":["Cracked Core","Bottled Tornado","Sundial","Cables","Orichalcum","Lantern","Bottled Flame","Sozu","Turnip"],"card_choices":[{"not_picked":["Static Discharge","Redo"],"picked":"Heatsinks","floor":1},{"not_picked":["Sweeping Beam","Go for the Eyes"],"picked":"Chill","floor":2},{"not_picked":["Auto Shields","Steam"],"picked":"Leap","floor":4},{"not_picked":["Gash","Ball Lightning"],"picked":"Beam Cell","floor":5},{"not_picked":["Hologram","Reprogram"],"picked":"Leap","floor":6},{"not_picked":["Conserve Battery","Reinforced Body","Recycle"],"picked":"SKIP","floor":8},{"not_picked":["Leap","Stack"],"picked":"Streamline","floor":11},{"not_picked":["Barrage","Scrape"],"picked":"Genetic Algorithm","floor":14},{"not_picked":["Machine Learning","Fission"],"picked":"Reboot","floor":16},{"not_picked":["Go for the Eyes","Leap"],"picked":"Steam Power+1","floor":18},{"not_picked":["Leap","Consume"],"picked":"Capacitor","floor":19},{"not_picked":["Creative AI","Coolheaded+1"],"picked":"Go for the Eyes","floor":23}],"player_experience":228285,"potions_floor_usage":[6,8,11,14],"damage_taken":[{"damage":7,"enemies":"Jaw Worm","floor":1,"turns":2},{"damage":0,"enemies":"Small Slimes","floor":2,"turns":3},{"damage":0,"enemies":"Cultist","floor":4,"turns":3},{"damage":13,"enemies":"Large Slime","floor":5,"turns":5},{"damage":16,"enemies":"Lagavulin","floor":6,"turns":5},{"damage":11,"enemies":"Gremlin Nob","floor":8,"turns":4},{"damage":12,"enemies":"3 Sentries","floor":11,"turns":14},{"damage":15,"enemies":"Lagavulin","floor":14,"turns":4},{"damage":31,"enemies":"The Guardian","floor":16,"turns":12},{"damage":0,"enemies":"Chosen","floor":18,"turns":3},{"damage":0,"enemies":"3 Byrds","floor":19,"turns":6},{"damage":43,"enemies":"Book of Stabbing","floor":23,"turns":6},{"damage":36,"enemies":"Slavers","floor":25,"turns":2}],"relics_obtained":[{"floor":6,"key":"Bottled Tornado"},{"floor":8,"key":"Sundial"},{"floor":9,"key":"Cables"},{"floor":11,"key":"Orichalcum"},{"floor":14,"key":"Bottled Flame"},{"floor":23,"key":"Turnip"}],"event_choices":[{"event_name":"The Cleric","player_choice":"Card Removal","floor":3,"damage_taken":0},{"event_name":"Beggar","player_choice":"Gave Gold","floor":20,"damage_taken":0},{"event_name":"Cursed Tome","player_choice":"Ignored","floor":21,"damage_taken":0}],"boss_relics":[{"not_picked":["Velvet Choker","Lizard Tail"],"picked":"Sozu"}],"items_purged_floors":[22],"potions_floor_spawned":[1,5,8,11,19],"seed_played":"-2024256657957872640","killed_by":"Slavers","ascension_level":4,"potions_obtained":[{"floor":1,"key":"Weak Potion"},{"floor":5,"key":"Explosive Potion"},{"floor":8,"key":"Dexterity Potion"},{"floor":11,"key":"Regen Potion"}],"is_trial":false}