{"path_per_floor":["M","$","?","M","M","?","R","$","T","E","$","R","M","M","R","B",null,"M","M","?","?","$","R","E","R","T","R","M","M","R","M","R"],"character_chosen":"DEFECT","items_purchased":["Apotheosis","Capacitor"],"gold_per_floor":[320,245,345,359,370,370,370,66,93,126,1,1,17,37,37,138,138,158,176,176,176,128,128,157,157,157,157,177,193,193,210,210,210],"floor_reached":33,"campfire_rested":3,"playtime":1250,"current_hp_per_floor":[69,69,69,68,68,68,68,68,68,46,46,46,46,46,68,68,75,63,63,63,49,49,49,38,62,62,62,56,45,45,16,40,0],"items_purged":["Strike_B","Strike_B","Strike_B"],"gold":210,"score":315,"play_id":"a0d33a80-b79f-4e81-9ab2-6461e935c4dc","local_time":"20180516232314","is_prod":false,"is_daily":false,"chose_seed":false,"is_ascension_mode":false,"campfire_upgraded":4,"timestamp":1526538194,"path_taken":["M","$","?","M","?","?","R","$","T","E","?","R","M","M","R","BOSS","M","M","?","?","$","R","E","R","T","R","M","M","R","M","R","BOSS"],"build_version":"2018-05-15","seed_source_timestamp":272372451636746,"purchased_purges":3,"victory":false,"master_deck":["Defend_B","Defend_B","Defend_B","Defend_B","Zap+1","Dualcast","Sweeping Beam+1","Sweeping Beam","Axe Kick","Apotheosis+1","Sweeping Beam","Skim","Ball Lightning","Electrodynamics+1","Cold Snap","Capacitor+1","Turbo+1","Cold Snap","Axe Kick+1","Beam Cell"],"max_hp_per_floor":[75,75,75,75,75,75,75,75,75,75,75,75,75,75,75,75,75,75,75,75,80,80,80,80,80,80,80,80,80,80,80,80,80],"relics":["Cracked Core","Old Coin","Vajra","Gremlin Horn","Snecko Eye","Dodecahedron","Girya"],"card_choices":[{"not_picked":["Skim","Hologram"],"picked":"Sweeping Beam","floor":1},{"not_picked":["FTL","Barrage"],"picked":"Sweeping Beam","floor":4},{"not_picked":["Doom and Gloom","White Noise"],"picked":"Axe Kick","floor":5},{"not_picked":["Turbo","Lockon"],"picked":"Sweeping Beam","floor":10},{"not_picked":["Hologram","Reprogram"],"picked":"Skim","floor":13},{"not_picked":["Echo Form","Heatsinks"],"picked":"Ball Lightning","floor":14},{"not_picked":["Rainbow","Buffer"],"picked":"Electrodynamics","floor":16},{"not_picked":["Stack","Beam Cell","Hologram+1"],"picked":"SKIP","floor":18},{"not_picked":["Streamline+1","Skim"],"picked":"Cold Snap","floor":19},{"not_picked":["Melter+1","Amplify"],"picked":"Turbo+1","floor":24},{"not_picked":["Rip and Tear","Steam"],"picked":"Cold Snap","floor":28},{"not_picked":["BootSequence","Hello World"],"picked":"Axe Kick+1","floor":29},{"not_picked":["Axe Kick","Hello World"],"picked":"Beam Cell","floor":31}],"player_experience":99207,"potions_floor_usage":[24,33,33],"damage_taken":[{"damage":6,"enemies":"Jaw Worm","floor":1,"turns":3},{"damage":1,"enemies":"Cultist","floor":4,"turns":3},{"damage":0,"enemies":"Small Slimes","floor":5,"turns":2},{"damage":22,"enemies":"Gremlin Nob","floor":10,"turns":4},{"damage":0,"enemies":"Looter","floor":13,"turns":2},{"damage":0,"enemies":"Large Slime","floor":14,"turns":3},{"damage":0,"enemies":"Slime Boss","floor":16,"turns":4},{"damage":12,"enemies":"2 Thieves","floor":18,"turns":2},{"damage":0,"enemies":"Chosen","floor":19,"turns":2},{"damage":11,"enemies":"Slavers","floor":24,"turns":2},{"damage":6,"enemies":"Centurion and Healer","floor":28,"turns":4},{"damage":11,"enemies":"Cultist and Chosen","floor":29,"turns":4},{"damage":29,"enemies":"Snake Plant","floor":31,"turns":5},{"damage":61,"enemies":"Champ","floor":33,"turns":7}],"relics_obtained":[{"floor":9,"key":"Vajra"},{"floor":10,"key":"Gremlin Horn"},{"floor":24,"key":"Dodecahedron"},{"floor":26,"key":"Girya"}],"event_choices":[{"event_name":"Wheel of Change","player_choice":"Gold","floor":3,"damage_taken":0},{"event_name":"Living Wall","player_choice":"Grow","floor":6,"damage_taken":0},{"event_name":"Bonfire Elementals","player_choice":"BASIC","floor":20,"damage_taken":0},{"event_name":"Forgotten Altar","player_choice":"Shed Blood","floor":21,"damage_taken":0}],"boss_relics":[{"not_picked":["Orrery","Inserter"],"picked":"Snecko Eye"}],"potions_floor_spawned":[4,13,16,24,31],"seed_played":"2146454950937915861","killed_by":"Champ","ascension_level":0,"potions_obtained":[{"floor":4,"key":"SpeedPotion"},{"floor":13,"key":"Regen Potion"},{"floor":16,"key":"GamblersBrew"},{"floor":24,"key":"SpeedPotion"},{"floor":31,"key":"Ancient Potion"}],"is_trial":false}