{"gold_per_floor":[15,15,29,29,45,79,79,4,4,4,23,42,42,76,76,148,148,161,161,161,174,174,174,74,74,74,88,88,88,107,118,118,192,192,192],"floor_reached":35,"playtime":1586,"items_purged":["Strike_B","Strike_B"],"score":700,"play_id":"b2df4c44-2197-495d-b0cf-b8ebb40b4bdb","local_time":"20180924022314","is_ascension_mode":true,"campfire_choices":[{"data":"Gash","floor":7,"key":"SMITH"},{"data":"Coolheaded","floor":13,"key":"SMITH"},{"floor":15,"key":"REST"},{"floor":23,"key":"REST"},{"data":"J.A.X.","floor":25,"key":"SMITH"},{"floor":28,"key":"REST"},{"floor":32,"key":"REST"}],"neow_cost":"NO_GOLD","seed_source_timestamp":739320749830345,"circlet_count":0,"master_deck":["Defend_B","Defend_B","Defend_B","Defend_B","Zap","Dualcast","AscendersBane","Gash+1","Self Repair+1","Gash+1","Streamline+1","Coolheaded+1","Streamline+1","Compile Driver+1","Self Repair","J.A.X.+1","Writhe","Streamline+1","Shame","Streamline+1","Defragment"],"relics":["Cracked Core","Molten Egg 2","Symbiotic Virus","Matryoshka","Cursed Key","Nilry\u0027s Codex","Kunai","Blue Candle","DataDisk","Meat on the Bone","Empty Cage"],"potions_floor_usage":[6,14,18,21,35],"damage_taken":[{"damage":0,"enemies":"2 Louse","floor":1,"turns":2},{"damage":9,"enemies":"Jaw Worm","floor":3,"turns":4},{"damage":7,"enemies":"Cultist","floor":5,"turns":4},{"damage":40,"enemies":"3 Sentries","floor":6,"turns":9},{"damage":28,"enemies":"2 Fungi Beasts","floor":11,"turns":4},{"damage":14,"enemies":"Exordium Wildlife","floor":12,"turns":4},{"damage":22,"enemies":"Lagavulin","floor":14,"turns":5},{"damage":36,"enemies":"Slime Boss","floor":16,"turns":10},{"damage":18,"enemies":"Chosen","floor":18,"turns":4},{"damage":26,"enemies":"Shell Parasite","floor":21,"turns":5},{"damage":31,"enemies":"Snecko","floor":27,"turns":5},{"damage":31,"enemies":"3 Cultists","floor":30,"turns":4},{"damage":39,"enemies":"Snake Plant","floor":31,"turns":3},{"damage":73,"enemies":"Champ","floor":33,"turns":11},{"damage":81,"enemies":"3 Darklings","floor":35,"turns":6}],"seed_played":"-3556224502627556529","potions_obtained":[{"floor":5,"key":"SteroidPotion"},{"floor":11,"key":"Dexterity Potion"},{"floor":16,"key":"GamblersBrew"},{"floor":18,"key":"FocusPotion"},{"floor":33,"key":"SpeedPotion"}],"is_trial":false,"path_per_floor":["M","?","M","?","M","E","R","$","T","?","M","M","R","E","R","B",null,"M","?","?","M","?","R","$","R","T","M","R","T","M","M","R","B",null],"character_chosen":"DEFECT","items_purchased":[],"campfire_rested":4,"item_purchase_floors":[],"current_hp_per_floor":[78,78,69,69,72,42,42,42,42,70,52,48,48,36,61,35,73,65,65,44,28,28,53,53,53,53,39,64,64,62,52,77,40,74,0],"gold":192,"neow_bonus":"TWENTY_PERCENT_HP_BONUS","is_prod":false,"is_daily":false,"chose_seed":false,"campfire_upgraded":3,"win_rate":0,"timestamp":1537748594,"path_taken":["M","?","M","?","M","E","R","?","T","?","M","M","R","E","R","BOSS","M","?","?","?","?","R","$","R","T","M","R","?","?","M","R","BOSS","M"],"build_version":"2018-09-20","purchased_purges":2,"victory":false,"max_hp_per_floor":[85,85,85,85,85,85,85,85,85,85,85,85,85,85,85,85,85,85,85,85,85,85,85,85,85,85,85,85,85,85,85,85,85,85,85],"card_choices":[{"not_picked":["Compile Driver","Reprogram"],"picked":"Gash","floor":1},{"not_picked":["Beam Cell","Cold Snap"],"picked":"Self Repair","floor":3},{"not_picked":["Steam","Blizzard"],"picked":"Gash","floor":5},{"not_picked":["Loop","Barrage","Sweeping Beam"],"picked":"SKIP","floor":6},{"not_picked":["Reboot","Steam"],"picked":"Streamline+1","floor":11},{"not_picked":["Double Energy","Cold Snap+1"],"picked":"Coolheaded","floor":12},{"not_picked":["Conserve Battery","Leap"],"picked":"Streamline+1","floor":14},{"not_picked":["Aggregate","Go for the Eyes+1"],"picked":"Compile Driver+1","floor":18},{"not_picked":["Hologram","Leap"],"picked":"Self Repair","floor":21},{"not_picked":["Redo","Coolheaded"],"picked":"Streamline+1","floor":27},{"not_picked":["Multi-Cast","Steam"],"picked":"Streamline+1","floor":30},{"not_picked":["Loop","Storm"],"picked":"Defragment","floor":31}],"player_experience":609914,"relics_obtained":[{"floor":6,"key":"Molten Egg 2"},{"floor":9,"key":"Symbiotic Virus"},{"floor":14,"key":"Matryoshka"},{"floor":20,"key":"Nilry\u0027s Codex"},{"floor":26,"key":"Kunai"},{"floor":26,"key":"Blue Candle"},{"floor":29,"key":"DataDisk"},{"floor":29,"key":"Meat on the Bone"}],"event_choices":[{"event_name":"Living Wall","player_choice":"Grow","floor":2,"damage_taken":0},{"event_name":"Upgrade Shrine","player_choice":"Upgraded","floor":4,"damage_taken":0},{"event_name":"Big Fish","player_choice":"Banana","floor":10,"damage_taken":0},{"event_name":"Vampires","player_choice":"Ignored","floor":19,"damage_taken":0},{"event_name":"Cursed Tome","player_choice":"Obtained Book","floor":20,"damage_taken":0},{"event_name":"Drug Dealer","player_choice":"Got JAX","floor":22,"damage_taken":0}],"is_beta":false,"boss_relics":[{"not_picked":["Pandora\u0027s Box","Runic Pyramid"],"picked":"Cursed Key"},{"not_picked":["Nuclear Battery","Astrolabe"],"picked":"Empty Cage"}],"items_purged_floors":[8,24],"is_endless":false,"potions_floor_spawned":[5,11,16,18,33],"killed_by":"3 Darklings","ascension_level":17}