{"gold_per_floor":[119,94,109,119,49,82,82,82,82,92,92,103,103,164,164,264,264,245,245,264,41,41,41,52,52,52,52,63,63,63],"floor_reached":30,"playtime":1897,"items_purged":["Normality"],"score":253,"play_id":"be6e70df-2137-48a5-bc99-7024dea6920a","local_time":"20180906172617","is_ascension_mode":false,"campfire_choices":[{"floor":8,"key":"REST"},{"floor":11,"key":"REST"},{"floor":13,"key":"REST"},{"floor":15,"key":"REST"},{"floor":23,"key":"REST"},{"floor":25,"key":"REST"},{"floor":27,"key":"REST"}],"neow_cost":"NONE","seed_source_timestamp":28020595572543,"circlet_count":0,"master_deck":["Strike_B","Strike_B","Strike_B","Strike_B","Defend_B","Defend_B","Defend_B","Zap","Dualcast","Fission","Gash","Gash","Static Discharge","Gash","Storm","Leap","BootSequence","Ball Lightning","Creative AI","Force Field+1","Turbo","Gash+1","Regret","Gash"],"relics":["Cracked Core","Gremlin Horn","The Courier","Potion Belt","Cursed Key","Bag of Marbles","Vajra","Meat on the Bone"],"potions_floor_usage":[12,14,14,20,22,28],"damage_taken":[{"damage":10,"enemies":"Small Slimes","floor":1,"turns":3},{"damage":1,"enemies":"Jaw Worm","floor":3,"turns":3},{"damage":18,"enemies":"2 Louse","floor":4,"turns":3},{"damage":40,"enemies":"3 Sentries","floor":6,"turns":6},{"damage":18,"enemies":"Red Slaver","floor":10,"turns":3},{"damage":1,"enemies":"Exordium Wildlife","floor":12,"turns":2},{"damage":35,"enemies":"Gremlin Nob","floor":14,"turns":5},{"damage":29,"enemies":"Hexaghost","floor":16,"turns":8},{"damage":23,"enemies":"2 Thieves","floor":18,"turns":5},{"damage":19,"enemies":"Chosen","floor":20,"turns":6},{"damage":27,"enemies":"Colosseum Slavers","floor":22,"turns":3},{"damage":26,"enemies":"Shelled Parasite and Fungi","floor":24,"turns":6},{"damage":39,"enemies":"Snake Plant","floor":28,"turns":5},{"damage":56,"enemies":"Cultist and Chosen","floor":30,"turns":4}],"seed_played":"6520306910625611410","potions_obtained":[{"floor":4,"key":"Dexterity Potion"},{"floor":10,"key":"Explosive Potion"},{"floor":12,"key":"Dexterity Potion"},{"floor":16,"key":"Regen Potion"},{"floor":20,"key":"Fire Potion"},{"floor":24,"key":"SkillPotion"}],"is_trial":false,"path_per_floor":["M","?","M","M","$","E","?","R","T","M","R","M","R","?","R","B",null,"M","?","M","$","?","R","M","R","T","R","M","?"],"character_chosen":"DEFECT","items_purchased":["Static Discharge","Turbo","Vajra"],"campfire_rested":7,"item_purchase_floors":[5,21,21],"current_hp_per_floor":[65,65,64,46,46,6,6,28,28,10,32,31,53,18,40,11,75,52,52,45,45,18,40,14,36,36,58,31,31,0],"gold":63,"neow_bonus":"TRANSFORM_CARD","is_prod":false,"is_daily":false,"chose_seed":false,"campfire_upgraded":0,"win_rate":0.0,"timestamp":1536251177,"path_taken":["M","?","M","M","$","E","?","R","T","M","R","M","R","?","R","BOSS","M","?","M","$","?","R","M","R","T","R","M","?","M"],"build_version":"2018-08-30","purchased_purges":1,"victory":false,"max_hp_per_floor":[75,75,75,75,75,75,75,75,75,75,75,75,75,75,75,75,75,75,75,75,75,75,75,75,75,75,75,75,75,75],"card_choices":[{"not_picked":["Sunder","Genetic Algorithm"],"picked":"Gash","floor":1},{"not_picked":["Blizzard","Steam"],"picked":"Gash","floor":3},{"not_picked":["BootSequence","Coolheaded","Aggregate"],"picked":"SKIP","floor":4},{"not_picked":["Redo","Hello World"],"picked":"Gash","floor":6},{"not_picked":["Loop","Compile Driver"],"picked":"Leap","floor":10},{"not_picked":["Rebound","Leap"],"picked":"BootSequence","floor":12},{"not_picked":["Auto Shields","Stack"],"picked":"Ball Lightning","floor":14},{"not_picked":["Fission","Amplify"],"picked":"Creative AI","floor":16},{"not_picked":["Barrage","Sunder"],"picked":"Force Field","floor":18},{"not_picked":["Stack","Hologram+1","Barrage"],"picked":"SKIP","floor":20},{"not_picked":["Glacier","Hologram+1"],"picked":"Gash+1","floor":24},{"not_picked":["All For One","Barrage"],"picked":"Gash","floor":28}],"player_experience":131270,"relics_obtained":[{"floor":6,"key":"Gremlin Horn"},{"floor":9,"key":"The Courier"},{"floor":14,"key":"Potion Belt"},{"floor":26,"key":"Meat on the Bone"}],"event_choices":[{"event_name":"World of Goop","player_choice":"Left","floor":2,"damage_taken":0},{"event_name":"Match and Keep!","player_choice":"1 cards matched","floor":7,"damage_taken":0},{"event_name":"Dead Adventurer","player_choice":"Searched \u00272\u0027 times","floor":14,"damage_taken":0},{"event_name":"Accursed Blacksmith","player_choice":"Rummage","floor":19,"damage_taken":0},{"event_name":"Colosseum","player_choice":"Fight","floor":22,"damage_taken":0},{"event_name":"Colosseum","player_choice":"Fled From Nobs","floor":22,"damage_taken":0},{"event_name":"Upgrade Shrine","player_choice":"Upgraded","floor":29,"damage_taken":0}],"is_beta":false,"boss_relics":[{"not_picked":["Fusion Hammer","Tiny House"],"picked":"Cursed Key"}],"items_purged_floors":[21],"is_endless":false,"potions_floor_spawned":[4,10,12,16,20,24],"killed_by":"Cultist and Chosen","ascension_level":0}