{"gold_per_floor":[17,17,17,27,40,72,72,102,102,102,132,132,164,89,89,185,185,203,220,220,220,220,220,254,254,254,264,281,294,327,346,346,448,448,468,468,468,488,458,484,484,515,570,162,192,212,212,228,228,228],"floor_reached":51,"playtime":2424,"items_purged":["Strike_R","Mind Blast"],"score":959,"play_id":"55a65afb-ddb8-4963-bb19-52810b4c4679","local_time":"20180724224011","is_ascension_mode":true,"campfire_choices":[{"data":"Metallicize","floor":7,"key":"SMITH"},{"data":"Double Tap","floor":12,"key":"SMITH"},{"data":"Uppercut","floor":15,"key":"SMITH"},{"floor":23,"key":"REST"},{"data":"Demon Form","floor":25,"key":"SMITH"},{"floor":32,"key":"REST"},{"data":"Immolate","floor":41,"key":"SMITH"},{"data":"Dual Wield","floor":47,"key":"SMITH"},{"data":"Rupture","floor":49,"key":"SMITH"}],"neow_cost":"NO_GOLD","seed_source_timestamp":1049948325731605,"circlet_count":0,"master_deck":["Strike_R+1","Strike_R","Defend_R","Defend_R","Defend_R","Bash+1","Double Tap+1","Metallicize+1","Headbutt","Uppercut+1","Shrug It Off","Demon Form+1","Necronomicurse","Headbutt","Clothesline+1","Pommel Strike+1","Dropkick","Immolate+1","Jack Of All Trades","Intimidate+1","Rupture+1","Dual Wield+1"],"relics":["Burning Blood","Whetstone","Kunai","Blood Vial","Centennial Puzzle","Sundial","Busted Crown","Necronomicon","Bag of Preparation","Letter Opener","Blue Candle","Mark of Pain","Nunchaku","Pantograph","Happy Flower","Strawberry","Oddly Smooth Stone","Art of War"],"potions_floor_usage":[24,33,33,33,50,50,50,50,50,50],"damage_taken":[{"damage":0,"enemies":"Small Slimes","floor":1,"turns":3},{"damage":2,"enemies":"Cultist","floor":4,"turns":4},{"damage":8,"enemies":"2 Louse","floor":5,"turns":2},{"damage":5,"enemies":"3 Sentries","floor":6,"turns":6},{"damage":8,"enemies":"Gremlin Nob","floor":8,"turns":4},{"damage":14,"enemies":"3 Sentries","floor":11,"turns":7},{"damage":23,"enemies":"Lagavulin","floor":13,"turns":7},{"damage":22,"enemies":"The Guardian","floor":16,"turns":9},{"damage":6,"enemies":"Chosen","floor":18,"turns":3},{"damage":0,"enemies":"Spheric Guardian","floor":19,"turns":3},{"damage":23,"enemies":"Slavers","floor":24,"turns":3},{"damage":8,"enemies":"Chosen and Byrds","floor":27,"turns":3},{"damage":6,"enemies":"Cultist and Chosen","floor":28,"turns":4},{"damage":30,"enemies":"Slaver and Parasite","floor":29,"turns":3},{"damage":15,"enemies":"Book of Stabbing","floor":30,"turns":4},{"damage":4,"enemies":"Chosen and Byrds","floor":31,"turns":3},{"damage":28,"enemies":"Automaton","floor":33,"turns":6},{"damage":12,"enemies":"3 Shapes","floor":35,"turns":2},{"damage":0,"enemies":"3 Darklings","floor":38,"turns":2},{"damage":1,"enemies":"Giant Head","floor":40,"turns":4},{"damage":16,"enemies":"2 Orb Walkers","floor":42,"turns":3},{"damage":2,"enemies":"Giant Head","floor":45,"turns":5},{"damage":13,"enemies":"Maw","floor":46,"turns":4},{"damage":8,"enemies":"Spire Growth","floor":48,"turns":2},{"damage":31,"enemies":"Awakened One","floor":50,"turns":5}],"seed_played":"5915457568887201528","potions_obtained":[{"floor":1,"key":"Block Potion"},{"floor":5,"key":"Fire Potion"},{"floor":6,"key":"Ancient Potion"},{"floor":13,"key":"GamblersBrew"},{"floor":18,"key":"Strength Potion"},{"floor":29,"key":"Poison Potion"},{"floor":31,"key":"Strength Potion"},{"floor":38,"key":"Block Potion"},{"floor":39,"key":"EntropicBrew"},{"floor":39,"key":"Energy Potion"},{"floor":42,"key":"Weak Potion"}],"is_trial":false,"path_per_floor":["M","?","?","M","M","E","R","E","T","?","E","R","E","$","R","B",null,"M","M","?","?","?","R","E","R","T","M","M","M","E","M","R","B",null,"M","?","?","M","?","E","R","E","T","$","E","M","R","M","R","B"],"character_chosen":"IRONCLAD","items_purchased":["Strawberry","Oddly Smooth Stone"],"campfire_rested":2,"item_purchase_floors":[44,44],"current_hp_per_floor":[80,80,73,77,75,76,76,74,74,79,73,73,58,58,58,44,85,85,85,69,69,53,78,63,63,63,63,65,43,36,40,65,45,85,79,79,79,85,85,85,85,75,75,82,88,83,83,83,83,67],"gold":228,"neow_bonus":"THREE_RARE_CARDS","is_prod":false,"is_daily":false,"chose_seed":false,"campfire_upgraded":7,"win_rate":0,"timestamp":1532497211,"path_taken":["M","?","?","?","M","E","R","E","T","?","E","R","E","$","R","BOSS","M","M","?","?","?","R","E","R","T","M","M","M","E","M","R","BOSS","M","?","?","?","?","E","R","E","T","$","E","?","R","M","R","BOSS"],"build_version":"2018-07-19v2","purchased_purges":2,"victory":true,"max_hp_per_floor":[80,80,80,80,80,80,80,80,80,85,85,85,85,85,85,85,85,85,85,85,85,85,85,85,85,85,85,85,85,85,85,85,85,85,85,85,85,85,85,85,85,85,85,92,92,92,92,92,92,92],"card_choices":[{"not_picked":["Berserk","Immolate"],"picked":"Double Tap","floor":0},{"not_picked":["Havoc","Clothesline"],"picked":"Metallicize","floor":1},{"not_picked":["Infernal Blade","Havoc"],"picked":"Headbutt","floor":4},{"not_picked":["Heavy Blade","Burning Pact"],"picked":"Uppercut","floor":5},{"not_picked":["Warcry","Rupture"],"picked":"Shrug It Off","floor":6},{"not_picked":["Armaments","Anger","Evolve"],"picked":"SKIP","floor":8},{"not_picked":["Power Through","Infernal Blade","Clothesline"],"picked":"SKIP","floor":11},{"not_picked":["Sever Soul","Impervious"],"picked":"Cleave","floor":13},{"not_picked":["Berserk","Limit Break"],"picked":"Demon Form","floor":16},{"not_picked":["Sword Boomerang"],"picked":"SKIP","floor":18},{"not_picked":["Body Slam"],"picked":"SKIP","floor":19},{"not_picked":["Body Slam"],"picked":"SKIP","floor":19},{"not_picked":["Twin Strike"],"picked":"SKIP","floor":24},{"not_picked":[],"picked":"Clothesline+1","floor":27},{"not_picked":["Iron Wave"],"picked":"SKIP","floor":28},{"not_picked":["Sword Boomerang"],"picked":"SKIP","floor":29},{"not_picked":[],"picked":"Pommel Strike+1","floor":30},{"not_picked":[],"picked":"Dropkick","floor":31},{"not_picked":[],"picked":"Immolate","floor":33},{"not_picked":["True Grit+1"],"picked":"SKIP","floor":35},{"not_picked":[],"picked":"Jack Of All Trades","floor":36},{"not_picked":[],"picked":"Intimidate+1","floor":38},{"not_picked":["Ghostly Armor+1"],"picked":"SKIP","floor":40},{"not_picked":[],"picked":"Rupture","floor":42},{"not_picked":["Rampage+1"],"picked":"SKIP","floor":45},{"not_picked":[],"picked":"Dual Wield","floor":46},{"not_picked":["Warcry+1"],"picked":"SKIP","floor":48}],"player_experience":379700,"relics_obtained":[{"floor":6,"key":"Whetstone"},{"floor":8,"key":"Kunai"},{"floor":9,"key":"Blood Vial"},{"floor":11,"key":"Centennial Puzzle"},{"floor":13,"key":"Sundial"},{"floor":20,"key":"Necronomicon"},{"floor":24,"key":"Bag of Preparation"},{"floor":26,"key":"Letter Opener"},{"floor":30,"key":"Blue Candle"},{"floor":40,"key":"Nunchaku"},{"floor":42,"key":"Pantograph"},{"floor":43,"key":"Happy Flower"},{"floor":45,"key":"Art of War"}],"event_choices":[{"event_name":"Purifier","player_choice":"One Purge","floor":2,"damage_taken":0},{"event_name":"Golden Wing","player_choice":"Card Removal","floor":3,"damage_taken":0},{"event_name":"Big Fish","player_choice":"Donut","floor":10,"damage_taken":0},{"event_name":"Cursed Tome","player_choice":"Obtained Book","floor":20,"damage_taken":0},{"event_name":"Transmorgrifier","player_choice":"Transform","floor":21,"damage_taken":0},{"event_name":"Knowing Skull","player_choice":"CARD ","floor":22,"damage_taken":0},{"event_name":"SensoryStone","player_choice":"Memory 1","floor":36,"damage_taken":0},{"event_name":"Falling","player_choice":"Removed Attack","floor":37,"damage_taken":0},{"event_name":"The Woman in Blue","player_choice":"Bought 2 Potions","floor":39,"damage_taken":0}],"is_beta":false,"boss_relics":[{"not_picked":["Black Star","Empty Cage"],"picked":"Busted Crown"},{"not_picked":["Runic Pyramid","Runic Dome"],"picked":"Mark of Pain"}],"items_purged_floors":[14,44],"is_endless":false,"potions_floor_spawned":[1,5,6,13,18,19,29,31,38,42,46],"ascension_level":2}