{"gold_per_floor":[109,259,276,123,143,143,162,162,209,219,166,219,219,250,250,322,322,303,316,316],"floor_reached":20,"playtime":775,"items_purged":["Doubt"],"score":305,"play_id":"88e5ef50-8918-4a21-b804-24e3b4c1acbb","local_time":"20181011123120","is_ascension_mode":true,"campfire_choices":[{"data":"Strike_B","floor":6,"key":"PURGE"},{"data":"Zap","floor":8,"key":"SMITH"},{"data":"Beam Cell","floor":13,"key":"SMITH"},{"floor":15,"key":"REST"}],"neow_cost":"PERCENT_DAMAGE","seed_source_timestamp":48848822237653,"circlet_count":0,"master_deck":["Zap+1","Dualcast","AscendersBane","Beam Cell+1","Self Repair","Gash","Cold Snap","Genetic Algorithm","Multi-Cast","Stack","Storm","Reprogram","Rebound","Capacitor","Compile Driver","Reprogram","Steam","Chill"],"relics":["Cracked Core","Peace Pipe","Omamori","Tiny Chest","DataDisk","Pandora\u0027s Box"],"potions_floor_usage":[14,16],"damage_taken":[{"damage":0,"enemies":"2 Louse","floor":1,"turns":3},{"damage":9,"enemies":"Jaw Worm","floor":3,"turns":4},{"damage":0,"enemies":"Cultist","floor":5,"turns":4},{"damage":12,"enemies":"Large Slime","floor":7,"turns":5},{"damage":11,"enemies":"Exordium Thugs","floor":10,"turns":5},{"damage":26,"enemies":"Gremlin Nob","floor":14,"turns":4},{"damage":30,"enemies":"Slime Boss","floor":16,"turns":11},{"damage":24,"enemies":"2 Thieves","floor":18,"turns":4},{"damage":18,"enemies":"Chosen","floor":19,"turns":5},{"damage":14,"enemies":"Shelled Parasite and Fungi","floor":20,"turns":3}],"seed_played":"-2097145440547870772","potions_obtained":[{"floor":1,"key":"AttackPotion"},{"floor":5,"key":"SteroidPotion"},{"floor":18,"key":"EssenceOfSteel"},{"floor":19,"key":"SteroidPotion"}],"is_trial":false,"path_per_floor":["M","?","M","$","M","R","M","R","T","M","?","T","R","E","R","B",null,"M","M"],"character_chosen":"DEFECT","items_purchased":["Self Repair"],"campfire_rested":1,"item_purchase_floors":[4],"current_hp_per_floor":[46,46,37,37,44,44,39,39,39,35,35,35,35,16,37,14,57,40,29,15],"gold":316,"neow_bonus":"ONE_RARE_RELIC","is_prod":false,"is_daily":false,"chose_seed":false,"campfire_upgraded":2,"win_rate":0,"timestamp":1539253880,"path_taken":["M","?","?","$","M","R","M","R","T","M","?","?","R","E","R","BOSS","M","M","M"],"build_version":"2018-10-10","purchased_purges":1,"victory":false,"max_hp_per_floor":[71,71,71,71,71,71,71,71,71,71,71,71,71,71,71,71,71,71,71,71],"card_choices":[{"not_picked":["Force Field","Hologram","Stack"],"picked":"SKIP","floor":1},{"not_picked":["Skim","Conserve Battery"],"picked":"Beam Cell","floor":3},{"not_picked":["Static Discharge","Auto Shields"],"picked":"Gash","floor":5},{"not_picked":["BootSequence","Reprogram"],"picked":"Cold Snap","floor":7},{"not_picked":["Storm","BootSequence"],"picked":"Genetic Algorithm","floor":10},{"not_picked":["Barrage","Reprogram","Cold Snap"],"picked":"SKIP","floor":14},{"not_picked":["Biased Cognition","Amplify"],"picked":"Multi-Cast","floor":16},{"not_picked":["Compile Driver","Double Energy"],"picked":"Steam","floor":18},{"not_picked":["Fusion","Hello World"],"picked":"Chill","floor":19}],"player_experience":221655,"relics_obtained":[{"floor":9,"key":"Omamori"},{"floor":12,"key":"Tiny Chest"},{"floor":14,"key":"DataDisk"}],"event_choices":[{"event_name":"Liars Game","player_choice":"agreed","floor":2,"damage_taken":0},{"event_name":"World of Goop","player_choice":"Left","floor":11,"damage_taken":0}],"is_beta":true,"boss_relics":[{"not_picked":["Eternal Feather","Busted Crown"],"picked":"Pandora\u0027s Box"}],"items_purged_floors":[4],"is_endless":false,"potions_floor_spawned":[1,5,18,19],"killed_by":"Shelled Parasite and Fungi","ascension_level":15}