{"path_per_floor":["M","$","M","M","M","E","R","E","T","?","M","M","E","M","R","B",null,"M","$","M","?","M","E","R","E","T","M","?","R","E","M","R","B",null,"M","M","M","$","?","E","M","R","T","R","M","R","M","E","R","B"],"character_chosen":"IRONCLAD","items_purchased":["Armaments","Inflame","Bottled Flame"],"gold_per_floor":[116,67,78,98,117,144,144,179,205,268,280,300,627,637,637,741,741,741,585,585,585,585,585,585,585,585,585,585,585,585,585,585,585,585,585,585,585,227,227,227,227,227,227,227,227,227,227,227,227,227],"floor_reached":51,"campfire_rested":0,"playtime":3059,"current_hp_per_floor":[65,65,70,69,71,81,81,70,70,67,66,65,59,61,61,34,86,83,83,85,85,86,41,41,38,38,37,96,96,91,88,88,30,96,96,96,82,82,82,74,42,42,42,42,44,44,29,31,31,22],"items_purged":["Defend_R","Reckless Charge"],"gold":227,"play_id":"ea62c6f9-ed96-4ab2-a64b-76434f336cff","is_prod":false,"is_daily":false,"is_ascension_mode":true,"campfire_upgraded":5,"path_taken":["M","?","?","M","M","E","R","E","T","?","M","M","E","M","R","BOSS","M","$","M","?","M","E","R","E","T","M","?","R","E","M","R","BOSS","M","M","M","$","?","E","M","R","T","R","M","R","M","E","R","BOSS"],"build_version":"2018-01-25-PROD3","purchased_purges":3,"victory":true,"master_deck":["Strike_R+1","Strike_R","Defend_R","Defend_R+1","Defend_R","Offering+1","Shrug It Off","Armaments","Body Slam+1","Twin Strike+1","Intimidate","Whirlwind+1","Shrug It Off","Battle Trance","Flex+1","Inflame","Headbutt+1","Body Slam+1","Double Tap","Sword Boomerang+1","Pommel Strike","Shrug It Off+1","Warcry+1","Whirlwind","Barricade+1","Body Slam+1","Flame Barrier+1"],"max_hp_per_floor":[72,72,72,72,72,86,86,86,86,86,86,86,86,86,86,86,86,86,86,86,86,86,86,86,86,86,86,96,96,96,96,96,96,96,96,96,96,96,96,103,103,103,103,103,103,103,103,103,103,103],"relics":["Burning Blood","Mango","Bottled Lightning","Whetstone","War Paint","Old Coin","Ectoplasm","Thread and Needle","Bronze Scales","Ice Cream","Peace Pipe","Astrolabe","Bottled Flame","Strawberry","Calipers","Self Forming Clay"],"card_choices":[{"not_picked":["Feed","Juggernaut"],"picked":"Offering"},{"not_picked":["Perfected Strike","Twin Strike"],"picked":"Shrug It Off"},{"not_picked":["Combust","Anger"],"picked":"Hemokinesis"},{"not_picked":["Perfected Strike","Sword Boomerang"],"picked":"Wild Strike"},{"not_picked":["Headbutt","Iron Wave"],"picked":"Body Slam"},{"not_picked":["Rampage","Spot Weakness"],"picked":"Twin Strike"},{"not_picked":["Fiend Fire","Power Through"],"picked":"Intimidate"},{"not_picked":["Corruption","Shockwave"],"picked":"Whirlwind"},{"not_picked":["Sentinel","Flex"],"picked":"Shrug It Off"},{"not_picked":["Armaments","Warcry"],"picked":"Battle Trance"},{"not_picked":["Cleave","Hemokinesis"],"picked":"Flex"},{"not_picked":["Immolate","Exhume"],"picked":"Limit Break"},{"not_picked":["Sword Boomerang","Intimidate"],"picked":"Headbutt"},{"not_picked":["Pommel Strike","Anger"],"picked":"Body Slam"},{"not_picked":["Dark Embrace","Immolate"],"picked":"Double Tap"},{"not_picked":["Sword Boomerang","Wild Strike"],"picked":"Pommel Strike"},{"not_picked":["Armaments","Twin Strike"],"picked":"Shrug It Off"},{"not_picked":["Sword Boomerang","Anger"],"picked":"Warcry"},{"not_picked":["Burning Pact","Evolve"],"picked":"Whirlwind"},{"not_picked":["Body Slam","Shrug It Off"],"picked":"Barricade"},{"not_picked":["Burning Pact","Clash"],"picked":"Body Slam"},{"not_picked":["Clash","Thunderclap"],"picked":"Flame Barrier"}],"player_experience":37251,"potions_floor_usage":[8,13,22,25,33,33,35,47,48,48,50,50],"damage_taken":[{"damage":13,"enemies":"Blue Slaver","floor":1,"turns":3},{"damage":1,"enemies":"Jaw Worm","floor":3,"turns":3},{"damage":7,"enemies":"2 Louse","floor":4,"turns":1},{"damage":4,"enemies":"Looter","floor":5,"turns":3},{"damage":10,"enemies":"Gremlin Nob","floor":6,"turns":3},{"damage":17,"enemies":"Lagavulin","floor":8,"turns":5},{"damage":9,"enemies":"Gremlin Nob","floor":10,"turns":3},{"damage":7,"enemies":"Exordium Wildlife","floor":11,"turns":1},{"damage":7,"enemies":"3 Louse","floor":12,"turns":2},{"damage":12,"enemies":"3 Sentries","floor":13,"turns":5},{"damage":4,"enemies":"2 Fungi Beasts","floor":14,"turns":2},{"damage":33,"enemies":"The Guardian","floor":16,"turns":9},{"damage":9,"enemies":"Chosen","floor":18,"turns":3},{"damage":4,"enemies":"Shell Parasite","floor":20,"turns":3},{"damage":4,"enemies":"Centurion and Healer","floor":22,"turns":1},{"damage":51,"enemies":"Book of Stabbing","floor":23,"turns":4},{"damage":9,"enemies":"Slavers","floor":25,"turns":2},{"damage":7,"enemies":"Snecko","floor":27,"turns":2},{"damage":11,"enemies":"Book of Stabbing","floor":30,"turns":2},{"damage":9,"enemies":"Sentry and Sphere","floor":31,"turns":3},{"damage":79,"enemies":"Automaton","floor":33,"turns":8},{"damage":4,"enemies":"3 Darklings","floor":35,"turns":1},{"damage":6,"enemies":"Orb Walker","floor":36,"turns":2},{"damage":20,"enemies":"Sphere and 2 Shapes","floor":37,"turns":1},{"damage":21,"enemies":"Giant Head","floor":40,"turns":6},{"damage":38,"enemies":"4 Shapes","floor":41,"turns":2},{"damage":4,"enemies":"3 Darklings","floor":45,"turns":2},{"damage":21,"enemies":"Sphere and 2 Shapes","floor":47,"turns":1},{"damage":4,"enemies":"Nemesis","floor":48,"turns":1},{"damage":15,"enemies":"Time Eater","floor":50,"turns":10}],"event_choices":[{"event_name":"Dead Adventurer","player_choice":"Searched \u00272\u0027 times","floor":10,"damage_taken":0},{"event_name":"Vampires","player_choice":"Ignored","floor":21,"damage_taken":0},{"event_name":"Bonfire Elementals","player_choice":"RARE","floor":28,"damage_taken":0},{"event_name":"Match and Keep!","player_choice":"0 cards matched","floor":39,"damage_taken":0}],"boss_relics":[{"not_picked":["Runic Pyramid","Tiny House"],"picked":"Ectoplasm"},{"not_picked":["Velvet Choker","Sozu"],"picked":"Astrolabe"}],"potions_floor_spawned":[5,10,11,12,13,16,18,22,31,33,41,45,47,48],"seed_played":"6014864896663764378","ascension_level":1,"is_trial":false}