{"gold_per_floor":[114,114,114,126,143,143,162,162,162,181,191,206,240,253,253,354,354,340,22,22,0,0,0],"floor_reached":23,"playtime":1016,"items_purged":["Clumsy"],"score":193,"play_id":"15fa5305-66c1-4c0c-bfff-d3a7eff4c9ce","local_time":"20190122170429","is_ascension_mode":false,"campfire_choices":[{"data":"Infinite Blades","floor":6,"key":"SMITH"},{"data":"After Image","floor":8,"key":"SMITH"},{"data":"Cloak And Dagger","floor":15,"key":"SMITH"}],"neow_cost":"CURSE","seed_source_timestamp":139044561552117,"circlet_count":0,"master_deck":["Defend_G","Defend_G","Defend_G","Defend_G+1","Strike_G","Strike_G","Strike_G","Strike_G","Strike_G","Survivor","Neutralize","Infinite Blades+1","After Image+1","Finisher","Cloak And Dagger+1","Tactician","Slice","Cloak And Dagger+1","Slice","Bullet Time","Slice+1","After Image","Madness"],"relics":["Ring of the Snake","Prayer Wheel","Torii","Meat on the Bone","War Paint","Coffee Dripper","Vajra"],"potions_floor_usage":[10,13,13,16,18,23],"damage_taken":[{"damage":0,"enemies":"2 Louse","floor":1,"turns":5},{"damage":1,"enemies":"Cultist","floor":4,"turns":4},{"damage":0,"enemies":"Jaw Worm","floor":5,"turns":4},{"damage":13,"enemies":"2 Fungi Beasts","floor":7,"turns":5},{"damage":10,"enemies":"Exordium Thugs","floor":10,"turns":6},{"damage":0,"enemies":"Exordium Wildlife","floor":11,"turns":3},{"damage":0,"enemies":"Looter","floor":12,"turns":4},{"damage":7,"enemies":"3 Sentries","floor":13,"turns":10},{"damage":9,"enemies":"Exordium Thugs","floor":14,"turns":6},{"damage":8,"enemies":"Hexaghost","floor":16,"turns":12},{"damage":17,"enemies":"2 Thieves","floor":18,"turns":4},{"damage":7,"enemies":"Gremlin Leader","floor":23,"turns":9}],"seed_played":"3830990013196168609","potions_obtained":[{"floor":3,"key":"Dexterity Potion"},{"floor":3,"key":"GhostInAJar"},{"floor":3,"key":"Poison Potion"},{"floor":11,"key":"GhostInAJar"},{"floor":16,"key":"SpeedPotion"},{"floor":18,"key":"GhostInAJar"}],"is_trial":false,"path_per_floor":["M","?","?","M","M","R","M","R","T","M","M","M","E","M","R","B",null,"M","$","T","?","?","E"],"character_chosen":"THE_SILENT","items_purchased":["After Image","Madness"],"campfire_rested":0,"item_purchase_floors":[19,19],"current_hp_per_floor":[70,67,67,66,66,66,53,53,53,43,43,43,36,39,39,43,70,53,53,53,53,53,46],"gold":0,"neow_bonus":"ONE_RARE_RELIC","is_prod":false,"is_daily":false,"chose_seed":false,"campfire_upgraded":3,"win_rate":0,"timestamp":1548194669,"path_taken":["M","?","?","M","M","R","M","R","T","?","M","M","E","M","R","BOSS","M","$","?","?","?","E"],"build_version":"2019-01-17v2","purchased_purges":1,"victory":false,"max_hp_per_floor":[70,70,70,70,70,70,70,70,70,70,70,70,70,70,70,70,70,70,70,70,70,70,70],"card_choices":[{"not_picked":["Poisoned Stab","Deflect"],"picked":"Infinite Blades","floor":1},{"not_picked":["Acrobatics","Outmaneuver","Quick Slash"],"picked":"SKIP","floor":1},{"not_picked":["Blade Dance","Dash"],"picked":"After Image","floor":4},{"not_picked":["Heel Hook","Flying Knee"],"picked":"Finisher","floor":4},{"not_picked":["Predator","Dodge and Roll","Outmaneuver"],"picked":"SKIP","floor":5},{"not_picked":["Blur","Quick Slash","Blade Dance"],"picked":"SKIP","floor":5},{"not_picked":["Deflect","Noxious Fumes","Sucker Punch"],"picked":"SKIP","floor":7},{"not_picked":["Outmaneuver","Crippling Poison","Deadly Poison"],"picked":"SKIP","floor":7},{"not_picked":["Underhanded Strike","Prepared"],"picked":"Cloak And Dagger","floor":10},{"not_picked":["PiercingWail","Deflect","Eviscerate"],"picked":"SKIP","floor":10},{"not_picked":["Malaise","Flechettes"],"picked":"Tactician","floor":11},{"not_picked":["Deflect","Sucker Punch","Escape Plan"],"picked":"SKIP","floor":11},{"not_picked":["Dagger Spray","Calculated Gamble"],"picked":"Slice","floor":12},{"not_picked":["Prepared","PiercingWail","Flechettes"],"picked":"SKIP","floor":12},{"not_picked":["Prepared","Outmaneuver","Well Laid Plans"],"picked":"SKIP","floor":13},{"not_picked":["Terror","Dodge and Roll"],"picked":"Cloak And Dagger","floor":14},{"not_picked":["Riddle With Holes","Acrobatics"],"picked":"Slice","floor":14},{"not_picked":["Wraith Form v2","Storm of Steel"],"picked":"Bullet Time","floor":16},{"not_picked":["Flying Knee","Prepared"],"picked":"Slice+1","floor":18},{"not_picked":["Noxious Fumes","Sucker Punch+1","Deadly Poison"],"picked":"SKIP","floor":18}],"player_experience":567151,"relics_obtained":[{"floor":9,"key":"Meat on the Bone"},{"floor":13,"key":"War Paint"},{"floor":20,"key":"Vajra"}],"event_choices":[{"damage_healed":0,"gold_gain":0,"player_choice":"Success","damage_taken":3,"relics_obtained":["Torii"],"max_hp_gain":0,"max_hp_loss":0,"event_name":"Scrap Ooze","floor":2,"gold_loss":0},{"damage_healed":0,"gold_gain":0,"player_choice":"Got Potions","damage_taken":0,"max_hp_gain":0,"max_hp_loss":0,"event_name":"Lab","floor":3,"gold_loss":0},{"damage_healed":0,"gold_gain":0,"player_choice":"Paid Fearfully","damage_taken":0,"max_hp_gain":0,"max_hp_loss":0,"event_name":"Masked Bandits","floor":21,"gold_loss":22},{"cards_removed":["Defend_G"],"damage_healed":0,"gold_gain":0,"player_choice":"Card Removal","damage_taken":0,"max_hp_gain":0,"max_hp_loss":0,"event_name":"Wheel of Change","floor":22,"gold_loss":0}],"is_beta":false,"boss_relics":[{"not_picked":["Lizard Tail","Calling Bell"],"picked":"Coffee Dripper"}],"items_purged_floors":[19],"is_endless":false,"potions_floor_spawned":[4,5,11,16,18],"killed_by":"Gremlin Leader","ascension_level":0}