{"gold_per_floor":[109,123,123,139,139,139,182,182,264,279,304,101,126,167,167,256,256,280,280,280,303,316,316,340,340,340,340],"floor_reached":27,"playtime":1083,"items_purged":["Dualcast"],"score":439,"play_id":"a2894267-eb77-41fa-a8bd-f4b4120f35bc","local_time":"20181103115238","is_ascension_mode":true,"campfire_choices":[{"data":"Beam Cell","floor":6,"key":"SMITH"},{"floor":8,"key":"REST"},{"data":"Reinforced Body","floor":15,"key":"SMITH"},{"floor":23,"key":"REST"},{"floor":25,"key":"REST"}],"neow_cost":"NONE","seed_source_timestamp":8280758544032,"circlet_count":0,"master_deck":["AscendersBane","Strike_B+1","Strike_B+1","Strike_B+1","Strike_B+1","Defend_B+1","Defend_B+1","Defend_B+1","Defend_B+1","Zap","Beam Cell+1","Sweeping Beam","Reinforced Body+1","Rebound","Chill","Ball Lightning","Skim","Echo Form","Reinforced Body+1","Streamline+1","Go for the Eyes"],"relics":["Cracked Core","Golden Idol","CultistMask","Vajra","Tiny Chest","Whetstone","Nuclear Battery","Frozen Egg 2"],"potions_floor_usage":[11,14,16,22,27,27],"damage_taken":[{"damage":9,"enemies":"Jaw Worm","floor":1,"turns":4},{"damage":0,"enemies":"2 Louse","floor":2,"turns":2},{"damage":1,"enemies":"Cultist","floor":4,"turns":3},{"damage":36,"enemies":"Gremlin Nob","floor":7,"turns":4},{"damage":0,"enemies":"2 Fungi Beasts","floor":10,"turns":2},{"damage":2,"enemies":"Large Slime","floor":11,"turns":5},{"damage":0,"enemies":"Exordium Thugs","floor":13,"turns":3},{"damage":11,"enemies":"3 Sentries","floor":14,"turns":6},{"damage":32,"enemies":"Hexaghost","floor":16,"turns":8},{"damage":13,"enemies":"Chosen","floor":18,"turns":4},{"damage":11,"enemies":"2 Thieves","floor":21,"turns":3},{"damage":24,"enemies":"3 Cultists","floor":22,"turns":5},{"damage":15,"enemies":"Sentry and Sphere","floor":24,"turns":5},{"damage":44,"enemies":"Slavers","floor":27,"turns":5}],"seed_played":"-8049647902764456309","potions_obtained":[{"floor":7,"key":"Block Potion"},{"floor":10,"key":"FocusPotion"},{"floor":11,"key":"Regen Potion"},{"floor":16,"key":"Explosive Potion"},{"floor":18,"key":"SkillPotion"},{"floor":24,"key":"FearPotion"}],"is_trial":false,"path_per_floor":["M","M","?","M","?","R","E","R","T","M","M","$","M","E","R","B",null,"M","?","?","M","M","R","M","R","T","E"],"character_chosen":"DEFECT","items_purchased":["Chill","Ball Lightning"],"campfire_rested":3,"item_purchase_floors":[12,12],"current_hp_per_floor":[62,62,62,61,61,61,25,46,46,46,44,44,44,48,48,16,57,44,44,44,33,9,30,15,36,36,0],"gold":340,"neow_bonus":"TEN_PERCENT_HP_BONUS","is_prod":false,"is_daily":false,"chose_seed":false,"campfire_upgraded":2,"win_rate":0,"timestamp":1541242358,"path_taken":["M","M","?","M","?","R","E","R","T","M","M","$","?","E","R","BOSS","M","?","?","M","?","R","M","R","T","E"],"build_version":"2018-11-02","purchased_purges":1,"victory":false,"max_hp_per_floor":[78,78,71,71,71,71,71,71,71,71,71,71,71,71,71,71,71,71,71,71,71,71,71,71,71,71,71],"card_choices":[{"not_picked":["Leap","Steam"],"picked":"Beam Cell","floor":1},{"not_picked":["Double Energy","Skim"],"picked":"Sweeping Beam","floor":2},{"not_picked":["Consume","Beam Cell","Blizzard"],"picked":"SKIP","floor":4},{"not_picked":["Loop","Heatsinks","Turbo"],"picked":"SKIP","floor":7},{"not_picked":["Conserve Battery","Redo"],"picked":"Reinforced Body","floor":10},{"not_picked":["Leap","White Noise"],"picked":"Rebound","floor":11},{"not_picked":["Beam Cell","Redo"],"picked":"Skim","floor":13},{"not_picked":["Double Energy","Turbo","Lockon"],"picked":"SKIP","floor":14},{"not_picked":["Thunder Strike","Seek"],"picked":"Echo Form","floor":16},{"not_picked":["Doom and Gloom","Rebound","Tempest"],"picked":"SKIP","floor":18},{"not_picked":["Rebound","Reprogram+1","Leap"],"picked":"SKIP","floor":21},{"not_picked":["Rebound","Compile Driver"],"picked":"Streamline+1","floor":22},{"not_picked":["Capacitor","Beam Cell"],"picked":"Go for the Eyes","floor":24}],"player_experience":306031,"relics_obtained":[{"floor":7,"key":"Vajra"},{"floor":9,"key":"Tiny Chest"},{"floor":14,"key":"Whetstone"},{"floor":26,"key":"Frozen Egg 2"}],"event_choices":[{"damage_healed":0,"gold_gain":0,"player_choice":"Lose Max HP","damage_taken":0,"relics_obtained":["Golden Idol"],"max_hp_gain":0,"max_hp_loss":7,"event_name":"Golden Idol","floor":3,"gold_loss":0},{"damage_healed":0,"gold_gain":0,"player_choice":"Trade","damage_taken":0,"relics_obtained":["CultistMask"],"max_hp_gain":0,"max_hp_loss":0,"event_name":"FaceTrader","floor":5,"gold_loss":0},{"damage_healed":0,"gold_gain":0,"player_choice":"Simplicity","damage_taken":0,"max_hp_gain":0,"max_hp_loss":0,"event_name":"Back to Basics","floor":19,"gold_loss":0,"cards_upgraded":["Strike_B","Strike_B","Defend_B","Defend_B","Defend_B","Defend_B"]},{"damage_healed":0,"gold_gain":0,"player_choice":"Copied","damage_taken":0,"max_hp_gain":0,"max_hp_loss":0,"event_name":"Duplicator","floor":20,"gold_loss":0,"cards_obtained":["Reinforced Body"]}],"is_beta":true,"boss_relics":[{"not_picked":["Philosopher\u0027s Stone","Orrery"],"picked":"Nuclear Battery"}],"items_purged_floors":[12],"is_endless":false,"potions_floor_spawned":[7,10,11,16,18,24],"killed_by":"Slavers","ascension_level":19}