{"gold_per_floor":[99,71,71,71,71,71,71,71,71,71,26,26,26],"floor_reached":13,"playtime":767,"items_purged":[],"score":96,"play_id":"fedf3661-ce50-4290-b5ea-61723fd36efb","local_time":"20190325162407","is_ascension_mode":true,"campfire_choices":[{"data":"Neutralize","floor":6,"key":"SMITH"},{"floor":10,"key":"REST"}],"neow_cost":"NONE","seed_source_timestamp":8496781701778,"circlet_count":0,"master_deck":["Defend_G","Defend_G","Defend_G","Defend_G","Defend_G","Strike_G","Strike_G","Strike_G","Strike_G","Strike_G","Survivor","Neutralize+1","Quick Slash","Prepared","Quick Slash","Envenom","Footwork","Bane","Noxious Fumes"],"relics":["Ectoplasm","NlothsMask","Unceasing Top"],"potions_floor_usage":[13,13,13],"damage_taken":[{"damage":2,"enemies":"Jaw Worm","floor":1,"turns":6},{"damage":0,"enemies":"Cultist","floor":3,"turns":3},{"damage":1,"enemies":"Small Slimes","floor":5,"turns":5},{"damage":11,"enemies":"3 Louse","floor":7,"turns":4},{"damage":27,"enemies":"Gremlin Nob","floor":8,"turns":5},{"damage":14,"enemies":"Looter","floor":11,"turns":4},{"damage":29,"enemies":"Lots of Slimes","floor":12,"turns":5},{"damage":15,"enemies":"3 Sentries","floor":13,"turns":4}],"seed_played":"5192606800375768918","potions_obtained":[{"floor":5,"key":"Weak Potion"},{"floor":8,"key":"GamblersBrew"},{"floor":12,"key":"Poison Potion"}],"is_trial":false,"path_per_floor":["M","?","M","?","M","R","M","E","T","R","M","M","E"],"character_chosen":"THE_SILENT","items_purchased":[],"campfire_rested":1,"item_purchase_floors":[],"current_hp_per_floor":[68,68,68,68,67,67,56,29,29,50,36,7,0],"gold":26,"neow_bonus":"BOSS_RELIC","is_prod":false,"is_daily":false,"chose_seed":false,"campfire_upgraded":1,"win_rate":0,"timestamp":1553531047,"path_taken":["M","?","M","?","M","R","M","E","T","R","?","M","E"],"build_version":"2019-01-23","purchased_purges":0,"victory":false,"max_hp_per_floor":[70,70,70,70,70,70,70,70,70,70,70,70,70],"card_choices":[{"not_picked":["PiercingWail","Reflex"],"picked":"Quick Slash","floor":1},{"not_picked":["Flechettes","Deflect"],"picked":"Prepared","floor":3},{"not_picked":["Blade Dance","Catalyst"],"picked":"Quick Slash","floor":5},{"not_picked":["Outmaneuver","Escape Plan"],"picked":"Envenom","floor":7},{"not_picked":["Infinite Blades","Dagger Throw"],"picked":"Footwork","floor":8},{"not_picked":["Well Laid Plans","Setup"],"picked":"Bane","floor":11},{"not_picked":["Infinite Blades","Dagger Throw"],"picked":"Noxious Fumes","floor":12}],"player_experience":205151,"relics_obtained":[{"floor":8,"key":"Unceasing Top"}],"event_choices":[{"damage_healed":0,"gold_gain":0,"player_choice":"Left Gold","damage_taken":0,"max_hp_gain":0,"max_hp_loss":0,"event_name":"World of Goop","floor":2,"gold_loss":28},{"damage_healed":0,"gold_gain":0,"player_choice":"Trade","damage_taken":0,"relics_obtained":["NlothsMask"],"max_hp_gain":0,"max_hp_loss":0,"event_name":"FaceTrader","floor":4,"gold_loss":0}],"is_beta":false,"boss_relics":[],"items_purged_floors":[],"is_endless":false,"potions_floor_spawned":[5,8,12],"killed_by":"3 Sentries","ascension_level":2}