{"gold_per_floor":[360,115,132,32,32,61,61,72,72,92,8,21,21,36,36,109,109,129,129],"floor_reached":19,"playtime":897,"items_purged":["Strike_B","Defend_B"],"score":321,"play_id":"01f73823-4fce-4486-8109-d605a5886334","local_time":"20180924210634","is_ascension_mode":true,"campfire_choices":[{"floor":7,"key":"REST"},{"floor":15,"key":"REST"}],"neow_cost":"TEN_PERCENT_HP_LOSS","seed_source_timestamp":807411943912476,"circlet_count":0,"master_deck":["Strike_B","Strike_B","Strike_B","Defend_B","Defend_B","Defend_B","Zap","Dualcast+1","AscendersBane","Doom and Gloom","Auto Shields","BootSequence","Steam","Melter","Defragment","Echo Form","Buffer"],"relics":["Cracked Core","Omamori","Blue Candle","PreservedInsect","Kunai","Eternal Feather"],"potions_floor_usage":[12,16,16,18],"damage_taken":[{"damage":4,"enemies":"Small Slimes","floor":1,"turns":3},{"damage":2,"enemies":"Cultist","floor":3,"turns":4},{"damage":48,"enemies":"Lagavulin","floor":6,"turns":6},{"damage":0,"enemies":"Jaw Worm","floor":8,"turns":3},{"damage":0,"enemies":"Lots of Slimes","floor":10,"turns":2},{"damage":15,"enemies":"Gremlin Gang","floor":12,"turns":4},{"damage":1,"enemies":"Looter","floor":14,"turns":3},{"damage":38,"enemies":"Slime Boss","floor":16,"turns":8},{"damage":16,"enemies":"Chosen","floor":18,"turns":6},{"damage":47,"enemies":"3 Byrds","floor":19,"turns":4}],"seed_played":"-7905827824318795726","potions_obtained":[{"floor":6,"key":"FearPotion"},{"floor":10,"key":"Regen Potion"},{"floor":12,"key":"SteroidPotion"},{"floor":16,"key":"SpeedPotion"}],"is_trial":false,"path_per_floor":["M","$","M","$","?","E","R","M","T","M","$","M","T","M","R","B",null,"M"],"character_chosen":"DEFECT","items_purchased":["Omamori","Defragment"],"campfire_rested":2,"item_purchase_floors":[2,11],"current_hp_per_floor":[60,60,58,58,58,10,29,29,29,29,29,26,26,25,44,6,50,34,0],"gold":129,"neow_bonus":"TWO_FIFTY_GOLD","is_prod":false,"is_daily":false,"chose_seed":false,"campfire_upgraded":0,"win_rate":0,"timestamp":1537815994,"path_taken":["M","$","M","$","?","E","R","?","T","M","?","M","?","?","R","BOSS","M","?"],"build_version":"2018-09-20","purchased_purges":2,"victory":false,"max_hp_per_floor":[64,64,64,64,64,64,64,64,64,64,64,64,64,64,64,64,64,64,64],"card_choices":[{"not_picked":["Leap","Cold Snap"],"picked":"Doom and Gloom","floor":1},{"not_picked":["Force Field","Turbo"],"picked":"Auto Shields","floor":3},{"not_picked":["Rebound","Leap"],"picked":"BootSequence","floor":6},{"not_picked":["Beam Cell","Fusion"],"picked":"Steam","floor":8},{"not_picked":["Cold Snap","Rebound"],"picked":"Melter","floor":10},{"not_picked":["Redo","Go for the Eyes"],"picked":"Echo Form","floor":12},{"not_picked":["Streamline","Stack","Aggregate"],"picked":"SKIP","floor":14},{"not_picked":["All For One","Hyperbeam"],"picked":"Buffer","floor":16},{"not_picked":["Turbo","Compile Driver","Barrage+1"],"picked":"SKIP","floor":18}],"player_experience":641511,"relics_obtained":[{"floor":6,"key":"Blue Candle"},{"floor":9,"key":"PreservedInsect"},{"floor":13,"key":"Kunai"}],"event_choices":[{"event_name":"Upgrade Shrine","player_choice":"Upgraded","floor":5,"damage_taken":0}],"is_beta":false,"boss_relics":[{"not_picked":["Philosopher\u0027s Stone","Tiny House"],"picked":"Eternal Feather"}],"items_purged_floors":[2,4],"is_endless":false,"potions_floor_spawned":[6,10,12,16],"killed_by":"3 Byrds","ascension_level":18}