{"gold_per_floor":[115,115,65,75,93,93,93,117,117,161,161,177,177,177,177,177],"floor_reached":16,"playtime":475,"items_purged":[],"score":100,"play_id":"1cca231e-cc56-4f27-9cc7-e13bd4fd08e2","local_time":"20190222011703","is_ascension_mode":false,"campfire_choices":[{"data":"Blade Dance","floor":6,"key":"SMITH"},{"data":"Blade Dance","floor":11,"key":"SMITH"},{"floor":13,"key":"REST"},{"data":"Neutralize","floor":15,"key":"SMITH"}],"neow_cost":"NONE","seed_source_timestamp":31644436967235,"circlet_count":0,"master_deck":["Defend_G","Defend_G","Defend_G","Defend_G","Strike_G","Strike_G","Strike_G","Strike_G","Survivor","Neutralize+1","Blade Dance+1","Tools of the Trade+1","Blade Dance+1","Injury","Backstab","Calculated Gamble"],"relics":["Ring of the Snake","NeowsBlessing","Golden Idol","Calipers"],"potions_floor_usage":[10,12],"damage_taken":[{"damage":0,"enemies":"Jaw Worm","floor":1,"turns":1},{"damage":0,"enemies":"2 Louse","floor":4,"turns":1},{"damage":0,"enemies":"Small Slimes","floor":5,"turns":1},{"damage":10,"enemies":"Looter","floor":8,"turns":3},{"damage":23,"enemies":"3 Sentries","floor":10,"turns":7},{"damage":14,"enemies":"Exordium Wildlife","floor":12,"turns":6},{"damage":39,"enemies":"The Guardian","floor":16,"turns":11}],"seed_played":"-7001003834447173781","potions_obtained":[{"floor":8,"key":"PowerPotion"},{"floor":10,"key":"GhostInAJar"}],"is_trial":false,"path_per_floor":["M","?","?","M","M","R","?","M","T","E","R","M","R","?","R","B"],"character_chosen":"THE_SILENT","items_purchased":[],"campfire_rested":1,"item_purchase_floors":[],"current_hp_per_floor":[70,63,63,63,63,63,63,53,53,30,30,16,37,37,37,0],"gold":177,"neow_bonus":"THREE_ENEMY_KILL","is_prod":false,"is_daily":false,"chose_seed":false,"campfire_upgraded":3,"win_rate":0,"timestamp":1550816223,"path_taken":["M","?","?","M","?","R","?","M","T","E","R","M","R","?","R","BOSS"],"build_version":"2019-01-23","purchased_purges":0,"victory":false,"max_hp_per_floor":[70,70,70,70,70,70,70,70,70,70,70,70,70,70,70,70],"card_choices":[{"not_picked":["Acrobatics","Finisher"],"picked":"Blade Dance","floor":1},{"not_picked":["Dagger Throw","Underhanded Strike"],"picked":"Tools of the Trade","floor":4},{"not_picked":["Setup","Caltrops"],"picked":"Blade Dance","floor":5},{"not_picked":["Expertise","Sucker Punch"],"picked":"Backstab","floor":8},{"not_picked":["Catalyst","Reflex"],"picked":"Calculated Gamble","floor":10},{"not_picked":["Riddle With Holes","Crippling Poison","Deadly Poison"],"picked":"SKIP","floor":12}],"player_experience":720634,"relics_obtained":[{"floor":10,"key":"Calipers"}],"event_choices":[{"cards_removed":["Strike_G"],"damage_healed":0,"gold_gain":0,"player_choice":"Card Removal","damage_taken":7,"max_hp_gain":0,"max_hp_loss":0,"event_name":"Golden Wing","floor":2,"gold_loss":0},{"cards_removed":["Defend_G"],"damage_healed":0,"gold_gain":0,"player_choice":"Card Removal","damage_taken":0,"max_hp_gain":0,"max_hp_loss":0,"event_name":"The Cleric","floor":3,"gold_loss":50},{"damage_healed":0,"gold_gain":0,"player_choice":"Take Wound","damage_taken":0,"relics_obtained":["Golden Idol"],"max_hp_gain":0,"max_hp_loss":0,"event_name":"Golden Idol","floor":7,"gold_loss":0,"cards_obtained":["Injury"]},{"damage_healed":0,"gold_gain":0,"player_choice":"Grow","damage_taken":0,"max_hp_gain":0,"max_hp_loss":0,"event_name":"Living Wall","floor":14,"gold_loss":0,"cards_upgraded":["Tools of the Trade"]}],"is_beta":false,"boss_relics":[],"items_purged_floors":[],"is_endless":false,"potions_floor_spawned":[8,10],"killed_by":"The Guardian","ascension_level":0}