{"path_per_floor":["M","?","?","?","M","R","E","R","T","E","M","T","R","M","R"],"character_chosen":"DEFECT","items_purchased":[],"gold_per_floor":[111,111,211,211,230,230,294,294,294,334,350,376,376,396,396,396],"floor_reached":16,"campfire_rested":1,"playtime":365,"item_purchase_floors":[],"current_hp_per_floor":[68,50,50,35,31,31,1,23,23,18,20,20,20,22,22,0],"items_purged":[],"gold":396,"score":146,"play_id":"90229ae4-5995-4a60-b0a5-c2f6c59620fb","local_time":"20180604192359","is_prod":false,"is_daily":false,"chose_seed":false,"is_ascension_mode":true,"campfire_upgraded":3,"win_rate":0,"timestamp":1528154639,"campfire_choices":[{"data":"Zap","floor":6,"key":"SMITH"},{"floor":8,"key":"REST"},{"data":"Dualcast","floor":13,"key":"SMITH"},{"data":"Leap","floor":15,"key":"SMITH"}],"path_taken":["M","?","?","?","M","R","E","R","T","E","M","?","R","M","R","BOSS"],"build_version":"2018-05-30v2","seed_source_timestamp":74898099773988,"purchased_purges":0,"victory":false,"master_deck":["Strike_B","Strike_B","Strike_B+1","Strike_B+1","Defend_B","Defend_B","Defend_B","Defend_B","Zap+1","Dualcast+1","Ball Lightning","Streamline","Cold Snap","Leap+1"],"max_hp_per_floor":[75,75,75,75,75,75,75,75,75,75,75,75,75,75,75,75],"relics":["Cracked Core","Pen Nib","Golden Idol","Tiny Chest","Gremlin Horn","Blood Vial","Bag of Preparation"],"card_choices":[{"not_picked":["Scrape","Steam"],"picked":"Ball Lightning","floor":1},{"not_picked":["Reprogram","Redo","Sweeping Beam"],"picked":"SKIP","floor":5},{"not_picked":["Rebound","Redo","Lockon"],"picked":"SKIP","floor":7},{"not_picked":["Recycle","Fusion"],"picked":"Streamline","floor":10},{"not_picked":["Heatsinks","Redo"],"picked":"Cold Snap","floor":11},{"not_picked":["Streamline","Ball Lightning"],"picked":"Leap","floor":14}],"player_experience":286351,"potions_floor_usage":[7,10,16,16],"damage_taken":[{"damage":0,"enemies":"Small Slimes","floor":1,"turns":3},{"damage":4,"enemies":"Jaw Worm","floor":5,"turns":3},{"damage":30,"enemies":"Lagavulin","floor":7,"turns":5},{"damage":5,"enemies":"3 Sentries","floor":10,"turns":4},{"damage":0,"enemies":"2 Louse","floor":11,"turns":2},{"damage":0,"enemies":"Lots of Slimes","floor":14,"turns":1},{"damage":24,"enemies":"The Guardian","floor":16,"turns":6}],"relics_obtained":[{"floor":7,"key":"Tiny Chest"},{"floor":9,"key":"Gremlin Horn"},{"floor":10,"key":"Blood Vial"},{"floor":12,"key":"Bag of Preparation"}],"event_choices":[{"event_name":"Golden Idol","player_choice":"Take Damage","floor":2,"damage_taken":0},{"event_name":"Golden Shrine","player_choice":"Pray","floor":3,"damage_taken":0},{"event_name":"Shining Light","player_choice":"Entered Light","floor":4,"damage_taken":0}],"boss_relics":[],"items_purged_floors":[],"potions_floor_spawned":[5,7,10,14],"seed_played":"3750418265823433705","killed_by":"The Guardian","ascension_level":7,"potions_obtained":[{"floor":5,"key":"SkillPotion"},{"floor":7,"key":"Block Potion"},{"floor":10,"key":"Energy Potion"},{"floor":14,"key":"Swift Potion"}],"is_trial":false}