{"path_per_floor":["M","?","?","M","M","R","E","R","T","$","M","R","E","?","R","B",null,"M","$","?","T","?","R","M","R","T","M","?","M","E","M","R","B",null,"M","?","$","M","M","E","R","M","T","M","R","E","?","$","R","B"],"character_chosen":"THE_SILENT","items_purchased":["Cloak And Dagger","Footwork","Mummified Hand","Choke","Footwork"],"gold_per_floor":[117,117,117,128,138,138,172,172,172,97,108,108,141,141,141,242,242,260,73,73,73,73,73,93,93,93,103,103,113,141,152,152,257,257,273,273,15,25,35,67,67,81,108,125,125,154,154,46,46,46],"floor_reached":51,"campfire_rested":2,"playtime":2344,"current_hp_per_floor":[70,63,68,66,66,66,58,58,58,58,58,58,43,43,43,43,67,62,62,62,62,46,46,46,68,68,68,68,60,44,40,62,58,71,68,68,68,68,68,68,68,68,68,68,68,68,68,68,68,27],"items_purged":["Defend_G","Defend_G"],"gold":46,"score":1054,"play_id":"a67f0df6-83c0-4eb4-a43a-52cf3f81c0cf","local_time":"20180402231456","is_prod":false,"is_daily":false,"is_ascension_mode":true,"campfire_upgraded":5,"timestamp":1522703696,"path_taken":["M","?","?","?","M","R","E","R","T","$","M","R","E","?","R","BOSS","M","?","?","?","?","R","M","R","T","M","?","?","E","M","R","BOSS","M","?","$","M","?","E","R","M","T","?","R","E","?","?","R","BOSS"],"build_version":"2018-03-29v2","purchased_purges":3,"victory":true,"master_deck":["Neutralize+1","Backflip","Escape Plan","Cloak And Dagger+1","Finisher","Adrenaline","Expertise","A Thousand Cuts+1","Backflip","Cloak And Dagger","Footwork","Skewer+1","Blade Dance","Acrobatics+1","Glass Knife","Dagger Spray","Concentrate+1","Heel Hook","Backflip+1","Dodge and Roll+1","Sucker Punch","Prepared+1","Trip+1","PiercingWail+1","Backstab+1","Envenom+1","Deflect+1","Well Laid Plans+1","Choke+1","Footwork"],"max_hp_per_floor":[70,70,75,75,75,75,75,75,75,75,75,75,75,75,75,75,75,75,75,75,75,75,75,75,75,75,75,75,75,75,75,75,75,75,75,75,75,75,75,75,75,75,75,75,75,75,75,75,75,75],"relics":["Runic Dome","Question Card","Bronze Scales","Girya","Sozu","Du-Vu Doll","Enchiridion","Calipers","Nloth\u0027s Gift","Toxic Egg 2","Pandora\u0027s Box","Mummified Hand","Ancient Tea Set","Bag of Marbles","Prayer Wheel"],"card_choices":[{"not_picked":["Leg Sweep","Eviscerate"],"picked":"Backflip","floor":1},{"not_picked":["Setup","Slice","Dagger Spray"],"picked":"Escape Plan","floor":4},{"not_picked":["Prepared","Flying Knee","Dagger Throw"],"picked":"Cloak And Dagger","floor":5},{"not_picked":["Poisoned Stab","Infinite Blades","Bane"],"picked":"Finisher","floor":7},{"not_picked":["Bane","Deadly Poison","Deflect"],"picked":"Adrenaline","floor":11},{"not_picked":["Prepared","Bane","Deadly Poison"],"picked":"Expertise","floor":13},{"not_picked":["Unload","Doppelganger","Die Die Die"],"picked":"A Thousand Cuts","floor":16},{"not_picked":["Outmaneuver","Slice","Dagger Spray"],"picked":"Backflip","floor":18},{"not_picked":["Distraction","Masterful Stab","Prepared"],"picked":"Skewer","floor":24},{"not_picked":["Underhanded Strike","Predator","Outmaneuver"],"picked":"Blade Dance","floor":29},{"not_picked":["Flechettes","Noxious Fumes","Dagger Spray"],"picked":"Acrobatics","floor":30},{"not_picked":["Tactician","Wraith Form","Grand Finale"],"picked":"Glass Knife","floor":33},{"not_picked":["Flash of Steel","Master of Strategy","Purity"],"picked":"Trip","floor":36},{"not_picked":["Backflip","Dodge and Roll","Deadly Poison"],"picked":"PiercingWail","floor":38},{"not_picked":["Flying Knee","Distraction","Poisoned Stab"],"picked":"Backstab","floor":39},{"not_picked":["Venomology","Flying Knee","PiercingWail"],"picked":"Envenom","floor":40},{"not_picked":["Backflip","Flechettes","Dagger Throw"],"picked":"Deflect","floor":42},{"not_picked":["Underhanded Strike","Choke","Dagger Throw"],"picked":"Well Laid Plans","floor":44}],"player_experience":195947,"potions_floor_usage":[13,16,16],"damage_taken":[{"damage":0,"enemies":"Small Slimes","floor":1,"turns":4},{"damage":2,"enemies":"Jaw Worm","floor":4,"turns":4},{"damage":0,"enemies":"Cultist","floor":5,"turns":4},{"damage":8,"enemies":"3 Sentries","floor":7,"turns":11},{"damage":0,"enemies":"Exordium Wildlife","floor":11,"turns":4},{"damage":15,"enemies":"Lagavulin","floor":13,"turns":5},{"damage":0,"enemies":"Slime Boss","floor":16,"turns":6},{"damage":5,"enemies":"2 Thieves","floor":18,"turns":3},{"damage":0,"enemies":"Shell Parasite","floor":24,"turns":2},{"damage":0,"enemies":"Snake Plant","floor":27,"turns":3},{"damage":8,"enemies":"Cultist and Chosen","floor":29,"turns":3},{"damage":16,"enemies":"Book of Stabbing","floor":30,"turns":3},{"damage":4,"enemies":"Centurion and Healer","floor":31,"turns":4},{"damage":4,"enemies":"Automaton","floor":33,"turns":6},{"damage":3,"enemies":"3 Darklings","floor":35,"turns":2},{"damage":0,"enemies":"Orb Walker","floor":38,"turns":1},{"damage":0,"enemies":"3 Darklings","floor":39,"turns":2},{"damage":0,"enemies":"Giant Head","floor":40,"turns":4},{"damage":0,"enemies":"4 Shapes","floor":42,"turns":1},{"damage":0,"enemies":"Maw","floor":44,"turns":5},{"damage":0,"enemies":"Nemesis","floor":46,"turns":3},{"damage":41,"enemies":"Awakened One","floor":50,"turns":7}],"event_choices":[{"event_name":"Scrap Ooze","player_choice":"success","floor":2,"damage_taken":7},{"event_name":"Big Fish","player_choice":"Donut","floor":3,"damage_taken":0},{"event_name":"Living Wall","player_choice":"Forget","floor":14,"damage_taken":0},{"event_name":"Accursed Blacksmith","player_choice":"Forge","floor":20,"damage_taken":0},{"event_name":"Cursed Tome","player_choice":"Obtained Book","floor":22,"damage_taken":0},{"event_name":"N\u0027loth","player_choice":"Traded a Juzu Bracelet","floor":28,"damage_taken":0},{"event_name":"SensoryStone","player_choice":"Memory 1","floor":36,"damage_taken":0},{"event_name":"Purifier","player_choice":"One Purge","floor":47,"damage_taken":0}],"boss_relics":[{"not_picked":["Cursed Key","Velvet Choker"],"picked":"Sozu"},{"not_picked":["The Specimen","White Beast Statue"],"picked":"Pandora\u0027s Box"}],"potions_floor_spawned":[1,7,11,13,29,33,40,42,46],"seed_played":"-2803430937881479654","ascension_level":5,"is_trial":false}