{"gold_per_floor":[99,115,115,115,40,40,71,71,97,126,144,170,183,213,213,310,310,328,328,16,27,27],"floor_reached":22,"playtime":1021,"items_purged":["Regret"],"score":222,"play_id":"543245d5-e2d0-4a78-b913-9469e31fb52e","local_time":"20190325222325","is_ascension_mode":true,"campfire_choices":[{"data":"Quick Slash","floor":8,"key":"SMITH"},{"floor":15,"key":"REST"}],"neow_cost":"NONE","seed_source_timestamp":29801057935826,"circlet_count":0,"master_deck":["Survivor","Neutralize+1","Quick Slash+1","Quick Slash","Cloak And Dagger","Blade Dance","Caltrops+1","Cloak And Dagger","Phantasmal Killer","Predator","Poisoned Stab","All Out Attack","Crippling Poison","A Thousand Cuts+1","Eviscerate","Terror","Dodge and Roll","Dagger Spray","Calculated Gamble","Dagger Throw","RitualDagger","Blur","PiercingWail"],"relics":["Philosopher\u0027s Stone","Shuriken","Snake Skull","Boot","Gremlin Horn","Frozen Egg 2","Pandora\u0027s Box","Molten Egg 2"],"potions_floor_usage":[10,16,16],"damage_taken":[{"damage":2,"enemies":"Jaw Worm","floor":1,"turns":5},{"damage":0,"enemies":"2 Louse","floor":2,"turns":3},{"damage":7,"enemies":"Lagavulin","floor":7,"turns":6},{"damage":6,"enemies":"Gremlin Nob","floor":10,"turns":4},{"damage":0,"enemies":"Small Slimes","floor":11,"turns":2},{"damage":15,"enemies":"Lagavulin","floor":12,"turns":4},{"damage":2,"enemies":"Looter","floor":13,"turns":3},{"damage":19,"enemies":"Slime Boss","floor":16,"turns":9},{"damage":34,"enemies":"2 Thieves","floor":18,"turns":3},{"damage":7,"enemies":"3 Byrds","floor":21,"turns":1},{"damage":24,"enemies":"Sentry and Sphere","floor":22,"turns":3}],"seed_played":"7075833816961672108","potions_obtained":[{"floor":7,"key":"Fire Potion"},{"floor":12,"key":"Explosive Potion"},{"floor":13,"key":"Explosive Potion"}],"is_trial":false,"path_per_floor":["M","M","?","?","$","?","E","R","T","E","M","E","M","?","R","B",null,"M","?","$","M","M"],"character_chosen":"THE_SILENT","items_purchased":["Molten Egg 2","Blur"],"campfire_rested":1,"item_purchase_floors":[20,20],"current_hp_per_floor":[68,68,68,68,68,61,54,54,54,48,48,33,31,31,52,33,70,36,30,30,23,0],"gold":27,"neow_bonus":"BOSS_RELIC","is_prod":false,"is_daily":false,"chose_seed":false,"campfire_upgraded":1,"win_rate":0,"timestamp":1553552605,"path_taken":["M","M","?","?","$","?","E","R","T","E","M","E","?","?","R","BOSS","M","?","$","M","M"],"build_version":"2019-01-23","purchased_purges":1,"victory":false,"max_hp_per_floor":[70,70,70,70,70,70,70,70,70,70,70,70,70,70,70,70,70,70,70,70,70,70],"card_choices":[{"not_picked":["Underhanded Strike","Quick Slash","Backflip"],"picked":"SKIP","floor":1},{"not_picked":["Deadly Poison","Slice"],"picked":"Quick Slash","floor":2},{"not_picked":["Dagger Throw","Bane"],"picked":"Quick Slash","floor":7},{"not_picked":["Predator","Sucker Punch"],"picked":"Cloak And Dagger","floor":10},{"not_picked":["Acrobatics","Caltrops"],"picked":"Blade Dance","floor":11},{"not_picked":["Well Laid Plans","Grand Finale"],"picked":"Caltrops","floor":12},{"not_picked":["Prepared","Dagger Throw"],"picked":"Cloak And Dagger","floor":13},{"not_picked":["Glass Knife","Grand Finale"],"picked":"Phantasmal Killer","floor":16},{"not_picked":["Dagger Spray","Eviscerate+1"],"picked":"Dagger Throw","floor":18},{"not_picked":["Terror","Backflip"],"picked":"PiercingWail","floor":21}],"player_experience":212653,"relics_obtained":[{"floor":7,"key":"Snake Skull"},{"floor":9,"key":"Boot"},{"floor":10,"key":"Gremlin Horn"},{"floor":12,"key":"Frozen Egg 2"}],"event_choices":[{"damage_healed":0,"gold_gain":0,"player_choice":"Grow","damage_taken":0,"max_hp_gain":0,"max_hp_loss":0,"event_name":"Living Wall","floor":3,"gold_loss":0,"cards_upgraded":["Neutralize"]},{"damage_healed":0,"gold_gain":0,"player_choice":"Box","damage_taken":0,"relics_obtained":["Shuriken"],"max_hp_gain":0,"max_hp_loss":0,"event_name":"Big Fish","floor":4,"gold_loss":0,"cards_obtained":["Regret"]},{"damage_healed":0,"gold_gain":0,"player_choice":"Damaged","damage_taken":7,"max_hp_gain":0,"max_hp_loss":0,"event_name":"Wheel of Change","floor":6,"gold_loss":0},{"damage_healed":0,"gold_gain":30,"player_choice":"Searched \u00271\u0027 times","damage_taken":0,"max_hp_gain":0,"max_hp_loss":0,"event_name":"Dead Adventurer","floor":14,"gold_loss":0},{"damage_healed":0,"gold_gain":0,"player_choice":"Joined the Cult","damage_taken":6,"max_hp_gain":0,"max_hp_loss":0,"event_name":"Nest","floor":19,"gold_loss":0,"cards_obtained":["RitualDagger"]}],"is_beta":false,"boss_relics":[{"not_picked":["Snecko Eye","Empty Cage"],"picked":"Pandora\u0027s Box"}],"items_purged_floors":[5],"is_endless":false,"potions_floor_spawned":[7,12,13],"killed_by":"Sentry and Sphere","ascension_level":2}