{"gold_per_floor":[119,119,119,294,314,239,239,264,264,364,364,375,325,359,359,359],"floor_reached":16,"playtime":445,"items_purged":["Doubt"],"score":138,"play_id":"9d24c47a-74d2-4154-ab9d-c691c295a417","local_time":"20180730213422","is_ascension_mode":true,"campfire_choices":[{"floor":7,"key":"DIG"},{"floor":11,"key":"REST"},{"floor":15,"key":"REST"}],"neow_cost":"CURSE","seed_source_timestamp":1566386781947243,"circlet_count":0,"master_deck":["Strike_B","Strike_B+1","Strike_B","Strike_B","Defend_B","Defend_B","Defend_B+1","Defend_B","Zap","Dualcast","Sweeping Beam","Coolheaded","Defragment","Cold Snap","Ball Lightning","Streamline"],"relics":["Cracked Core","Shovel","Bag of Preparation","Blood Vial","Gremlin Horn","Ornamental Fan"],"potions_floor_usage":[16],"damage_taken":[{"damage":7,"enemies":"Jaw Worm","floor":1,"turns":4},{"damage":0,"enemies":"Cultist","floor":5,"turns":3},{"damage":36,"enemies":"Gremlin Nob","floor":8,"turns":4},{"damage":0,"enemies":"Small Slimes","floor":12,"turns":3},{"damage":18,"enemies":"Lagavulin","floor":14,"turns":6},{"damage":45,"enemies":"Hexaghost","floor":16,"turns":10}],"seed_played":"-4050401705861946483","potions_obtained":[{"floor":1,"key":"FocusPotion"},{"floor":12,"key":"Dexterity Potion"}],"is_trial":false,"path_per_floor":["M","?","?","?","M","$","R","E","T","?","R","M","$","E","R"],"character_chosen":"DEFECT","items_purchased":["Ball Lightning"],"campfire_rested":2,"item_purchase_floors":[13],"current_hp_per_floor":[61,61,47,47,47,47,47,11,11,11,32,34,34,18,39,0],"gold":359,"neow_bonus":"ONE_RARE_RELIC","is_prod":false,"is_daily":false,"chose_seed":false,"campfire_upgraded":0,"win_rate":0,"timestamp":1533011662,"path_taken":["M","?","?","?","M","$","R","E","T","?","R","M","?","E","R","BOSS"],"build_version":"2018-07-26","purchased_purges":1,"victory":false,"max_hp_per_floor":[75,72,72,72,72,72,72,72,72,72,72,72,72,72,72,72],"card_choices":[{"not_picked":["Gash","Conserve Battery"],"picked":"Sweeping Beam","floor":1},{"not_picked":["BootSequence","Compile Driver"],"picked":"Coolheaded","floor":5},{"not_picked":["Barrage","Self Repair"],"picked":"Defragment","floor":8},{"not_picked":["Gash","Conserve Battery"],"picked":"Cold Snap","floor":12},{"not_picked":["Genetic Algorithm","Streamline","Rip and Tear"],"picked":"SKIP","floor":14},{"not_picked":["Genetic Algorithm","Rip and Tear"],"picked":"Streamline","floor":14}],"player_experience":396230,"relics_obtained":[{"floor":7,"key":"Bag of Preparation"},{"floor":8,"key":"Blood Vial"},{"floor":9,"key":"Gremlin Horn"},{"floor":14,"key":"Ornamental Fan"}],"event_choices":[{"event_name":"Fountain of Cleansing","player_choice":"Removed Curse","floor":2,"damage_taken":0},{"event_name":"Shining Light","player_choice":"Entered Light","floor":3,"damage_taken":0},{"event_name":"Liars Game","player_choice":"agreed","floor":4,"damage_taken":0},{"event_name":"Golden Shrine","player_choice":"Pray","floor":10,"damage_taken":0}],"is_beta":false,"boss_relics":[],"items_purged_floors":[6],"is_endless":false,"potions_floor_spawned":[1,12],"killed_by":"Hexaghost","ascension_level":6}