{"gold_per_floor":[114,114,114,129,144,174,174,174,174,189,189,219,82,112,112,212,212,227,27,27,27,27,57,72,102,102,117,117],"floor_reached":28,"playtime":2029,"items_purged":["Defend_R","Strike_R"],"score":349,"play_id":"c19cf40f-266d-4b89-a08f-6ca3980a20ce","local_time":"20180816115127","daily_mods":["Heirloom","Night Terrors","Terminal"],"is_ascension_mode":false,"campfire_choices":[{"data":"Metallicize","floor":8,"key":"SMITH"},{"data":"Bash","floor":11,"key":"SMITH"},{"data":"Inflame","floor":15,"key":"SMITH"}],"neow_cost":"","seed_source_timestamp":0,"circlet_count":0,"master_deck":["Defend_R","Defend_R","Defend_R","Bash+1","Shrug It Off","Iron Wave","Metallicize+1","Seeing Red","Shrug It Off","Inflame+1","Flex","Thunderclap","Berserk","Uppercut","RitualDagger","Combust","Bash","Bite","Bite","Bite","Bite","Bite","Ghostly Armor","Inflame","Flex"],"special_seed":17759,"relics":["Burning Blood","Dead Branch","Orichalcum","Smiling Mask","Bottled Tornado","Unceasing Top","Mark of Pain","Happy Flower","Meat on the Bone","Oddly Smooth Stone","Bottled Lightning"],"potions_floor_usage":[12,23,25,28],"damage_taken":[{"damage":1,"enemies":"Jaw Worm","floor":1,"turns":3},{"damage":0,"enemies":"Cultist","floor":4,"turns":4},{"damage":0,"enemies":"2 Louse","floor":5,"turns":3},{"damage":14,"enemies":"3 Sentries","floor":6,"turns":7},{"damage":0,"enemies":"Exordium Wildlife","floor":10,"turns":6},{"damage":0,"enemies":"Gremlin Nob","floor":12,"turns":5},{"damage":3,"enemies":"Lagavulin","floor":14,"turns":7},{"damage":18,"enemies":"Slime Boss","floor":16,"turns":8},{"damage":5,"enemies":"Spheric Guardian","floor":18,"turns":5},{"damage":10,"enemies":"Slavers","floor":23,"turns":4},{"damage":8,"enemies":"Shell Parasite","floor":24,"turns":4},{"damage":3,"enemies":"Book of Stabbing","floor":25,"turns":5},{"damage":1,"enemies":"Snake Plant","floor":27,"turns":2},{"damage":39,"enemies":"Gremlin Leader","floor":28,"turns":4}],"seed_played":"-170879409254016175","potions_obtained":[{"floor":2,"key":"GamblersBrew"},{"floor":2,"key":"Ancient Potion"},{"floor":2,"key":"Poison Potion"},{"floor":4,"key":"Block Potion"},{"floor":6,"key":"AttackPotion"},{"floor":14,"key":"Explosive Potion"},{"floor":25,"key":"SteroidPotion"}],"is_trial":false,"path_per_floor":["M","?","?","M","M","E","?","R","T","M","R","E","$","E","R","B",null,"M","$","?","?","?","E","M","E","T","M"],"character_chosen":"IRONCLAD","items_purchased":["Inflame","Flex","Happy Flower"],"campfire_rested":0,"item_purchase_floors":[13,13,19],"current_hp_per_floor":[78,77,81,80,79,71,64,64,64,70,70,72,71,70,69,57,67,66,65,59,59,43,42,41,40,39,38,0],"gold":117,"neow_bonus":"","is_prod":false,"is_daily":true,"chose_seed":false,"campfire_upgraded":3,"win_rate":0,"timestamp":1534445487,"path_taken":["M","?","?","?","M","E","?","R","T","M","R","E","?","E","R","BOSS","M","$","?","?","?","E","M","E","T","M","E"],"build_version":"2018-08-09","purchased_purges":2,"victory":false,"max_hp_per_floor":[78,77,81,80,79,78,77,76,75,74,73,72,71,70,69,68,67,66,65,64,63,43,42,41,40,39,38,38],"card_choices":[{"not_picked":["Clash","Seeing Red"],"picked":"Shrug It Off","floor":1},{"not_picked":["Feel No Pain","Clash"],"picked":"Iron Wave","floor":4},{"not_picked":["Perfected Strike","Clash","Warcry"],"picked":"SKIP","floor":5},{"not_picked":["Ghostly Armor","Corruption"],"picked":"Metallicize","floor":6},{"not_picked":["Rage","Infernal Blade"],"picked":"Seeing Red","floor":10},{"not_picked":["Headbutt","Thunderclap"],"picked":"Shrug It Off","floor":12},{"not_picked":["Brutality","Perfected Strike"],"picked":"Thunderclap","floor":14},{"not_picked":["Fiend Fire","Demon Form"],"picked":"Berserk","floor":16},{"not_picked":["Clothesline","Twin Strike"],"picked":"Uppercut","floor":18},{"not_picked":["Intimidate+1","Corruption+1"],"picked":"Ghostly Armor","floor":23},{"not_picked":["Warcry+1","Twin Strike","Clash"],"picked":"SKIP","floor":24},{"not_picked":["Armaments","Twin Strike"],"picked":"Inflame","floor":25},{"not_picked":["Body Slam","Searing Blow"],"picked":"Flex","floor":27}],"player_experience":407736,"relics_obtained":[{"floor":6,"key":"Orichalcum"},{"floor":9,"key":"Smiling Mask"},{"floor":12,"key":"Bottled Tornado"},{"floor":14,"key":"Unceasing Top"},{"floor":23,"key":"Meat on the Bone"},{"floor":25,"key":"Oddly Smooth Stone"},{"floor":26,"key":"Bottled Lightning"}],"event_choices":[{"event_name":"The Lab","player_choice":"Got Potions","floor":2,"damage_taken":0},{"event_name":"Big Fish","player_choice":"Donut","floor":3,"damage_taken":0},{"event_name":"Golden Wing","player_choice":"Card Removal","floor":7,"damage_taken":0},{"event_name":"Nest","player_choice":"Joined the Cult","floor":20,"damage_taken":0},{"event_name":"Match and Keep!","player_choice":"2 cards matched","floor":21,"damage_taken":0},{"event_name":"Vampires","player_choice":"Became a vampire","floor":22,"damage_taken":0}],"is_beta":false,"boss_relics":[{"not_picked":["Orrery","Black Blood"],"picked":"Mark of Pain"}],"items_purged_floors":[13,19],"is_endless":false,"potions_floor_spawned":[4,6,14,18,25],"killed_by":"Gremlin Leader","ascension_level":0}