{"gold_per_floor":[212,225,239,239,48,48,7,42,42,65,65,39,52,227,227,358,358,374,374,217,241,265,309,309,322,322,322],"floor_reached":27,"playtime":986,"items_purged":["Doubt"],"score":280,"play_id":"9cd4adc4-696a-4874-8e11-7e2cce22d473","local_time":"20180623130755","is_ascension_mode":true,"campfire_choices":[{"data":"Apotheosis","floor":6,"key":"SMITH"},{"floor":11,"key":"REST"},{"floor":15,"key":"REST"},{"floor":24,"key":"REST"}],"neow_cost":"NONE","seed_source_timestamp":3845573613645,"circlet_count":0,"master_deck":["Strike_B","Strike_B","Strike_B","Strike_B","Defend_B","Defend_B","Defend_B","Defend_B","Zap","Dualcast","Sweeping Beam","Cold Snap","Apotheosis+1","Defragment","Tempest","Chill","Cold Snap","Defragment","Core Surge","Beam Cell","Capacitor","Ball Lightning+1","Darkness","Barrage+1"],"relics":["Cracked Core","Golden Idol","Girya","Torii","Black Star","Du-Vu Doll","Unceasing Top","Anchor"],"potions_floor_usage":[8,10,16,23],"damage_taken":[{"damage":1,"enemies":"Cultist","floor":1,"turns":3},{"damage":0,"enemies":"Small Slimes","floor":2,"turns":3},{"damage":0,"enemies":"2 Louse","floor":3,"turns":1},{"damage":16,"enemies":"Gremlin Nob","floor":8,"turns":3},{"damage":24,"enemies":"Exordium Thugs","floor":10,"turns":3},{"damage":0,"enemies":"Large Slime","floor":13,"turns":3},{"damage":46,"enemies":"The Guardian","floor":16,"turns":10},{"damage":0,"enemies":"Chosen","floor":18,"turns":5},{"damage":19,"enemies":"2 Thieves","floor":21,"turns":4},{"damage":9,"enemies":"Centurion and Healer","floor":22,"turns":7},{"damage":45,"enemies":"Slavers","floor":23,"turns":5},{"damage":18,"enemies":"Snecko","floor":25,"turns":5},{"damage":26,"enemies":"Chosen and Byrds","floor":27,"turns":3}],"seed_played":"-2132583233967582477","potions_obtained":[{"floor":1,"key":"Swift Potion"},{"floor":2,"key":"Fire Potion"},{"floor":13,"key":"SpeedPotion"},{"floor":18,"key":"Energy Potion"},{"floor":23,"key":"Ancient Potion"},{"floor":25,"key":"Fire Potion"}],"is_trial":false,"path_per_floor":["M","M","M","?","$","R","$","E","T","M","R","$","M","?","R","B",null,"M","?","$","M","M","E","R","M","T"],"character_chosen":"DEFECT","items_purchased":["Apotheosis","Defragment","Cold Snap","Capacitor"],"campfire_rested":3,"item_purchase_floors":[5,7,12,20],"current_hp_per_floor":[74,74,74,56,56,56,56,40,40,16,38,38,38,38,60,14,75,75,75,75,56,47,2,24,6,6,0],"gold":322,"neow_bonus":"HUNDRED_GOLD","is_prod":false,"is_daily":false,"chose_seed":false,"campfire_upgraded":1,"win_rate":0,"timestamp":1529784475,"path_taken":["M","M","?","?","?","R","$","E","T","M","R","$","M","?","R","BOSS","M","?","$","M","M","E","R","M","T","M"],"build_version":"2018-06-21v2","purchased_purges":1,"victory":false,"max_hp_per_floor":[75,75,75,75,75,75,75,75,75,75,75,75,75,75,75,75,75,75,75,75,75,75,75,75,75,75,75],"card_choices":[{"not_picked":["FTL","Coolheaded"],"picked":"Sweeping Beam","floor":1},{"not_picked":["Steam Power","Doom and Gloom"],"picked":"Cold Snap","floor":2},{"not_picked":["All For One","Skim","Stack"],"picked":"SKIP","floor":3},{"not_picked":["Sweeping Beam","Reprogram"],"picked":"Tempest","floor":8},{"not_picked":["Lockon","Recycle"],"picked":"Chill","floor":10},{"not_picked":["Barrage","Hello World"],"picked":"Defragment","floor":13},{"not_picked":["Multi-Cast","Echo Form"],"picked":"Core Surge","floor":16},{"not_picked":["Ball Lightning+1","Gash"],"picked":"Beam Cell","floor":18},{"not_picked":["Stack","Rebound","Ball Lightning"],"picked":"SKIP","floor":21},{"not_picked":["Steam","Ball Lightning+1","Meteor Strike"],"picked":"SKIP","floor":22},{"not_picked":["Steam","Meteor Strike"],"picked":"Ball Lightning+1","floor":22},{"not_picked":["Consume","Doom and Gloom"],"picked":"Darkness","floor":23},{"not_picked":["Cold Snap","Lockon"],"picked":"Barrage+1","floor":25}],"player_experience":322641,"relics_obtained":[{"floor":8,"key":"Girya"},{"floor":9,"key":"Torii"},{"floor":23,"key":"Du-Vu Doll"},{"floor":23,"key":"Unceasing Top"},{"floor":26,"key":"Anchor"}],"event_choices":[{"event_name":"Golden Idol","player_choice":"Take Damage","floor":4,"damage_taken":0},{"event_name":"Liars Game","player_choice":"agreed","floor":14,"damage_taken":0},{"event_name":"Drug Dealer","player_choice":"Ignored","floor":19,"damage_taken":0}],"boss_relics":[{"not_picked":["Snecko Eye","Fusion Hammer"],"picked":"Black Star"}],"items_purged_floors":[20],"is_endless":false,"potions_floor_spawned":[1,2,13,18,23,25],"killed_by":"Chosen and Byrds","ascension_level":4}