{"path_per_floor":["M","?","?","M","$","R","E","$","T","R","E","M","$","E","R","B",null,"M","?","M","?","M","R","E","R","T","T","E","?","$","M","R"],"character_chosen":"DEFECT","items_purchased":["Steam Power","Steam","Pear"],"gold_per_floor":[18,18,18,37,37,37,73,39,39,39,78,92,67,105,105,233,233,253,203,219,219,240,240,279,279,303,356,400,360,39,55,55,55],"floor_reached":33,"campfire_rested":1,"playtime":1303,"item_purchase_floors":[8,13,30],"current_hp_per_floor":[89,67,67,60,60,60,34,34,34,34,15,17,17,1,27,5,89,65,65,57,57,42,42,17,17,17,17,10,10,20,24,24,0],"items_purged":["Strike_B"],"gold":55,"score":369,"play_id":"ce5d9b81-8bd6-468a-a776-7250533971da","local_time":"20180531184708","is_prod":false,"is_daily":false,"chose_seed":false,"is_ascension_mode":true,"campfire_upgraded":3,"win_rate":0,"timestamp":1527806828,"campfire_choices":[{"data":"Static Discharge","floor":6,"key":"SMITH"},{"floor":10,"key":"DIG"},{"floor":15,"key":"REST"},{"data":"Defragment","floor":23,"key":"SMITH"},{"data":"Genetic Algorithm","floor":25,"key":"SMITH"},{"floor":32,"key":"DIG"}],"path_taken":["M","?","?","M","$","R","E","$","T","R","E","?","$","E","R","BOSS","M","?","M","?","?","R","E","R","T","?","E","?","$","M","R","BOSS"],"build_version":"2018-05-30v2","seed_source_timestamp":277208288115881,"purchased_purges":1,"victory":false,"master_deck":["Strike_B+1","Strike_B+1","Strike_B","Defend_B+1","Defend_B","Defend_B","Defend_B","Zap+1","Dualcast","Static Discharge+1","Gash","Defragment","Steam Power","Defragment+1","Genetic Algorithm+1","Steam+1","Biased Cognition","Reboot+1","Gash+1","Gash","Redo+1","Steam Power+1","White Noise+1","White Noise+1"],"max_hp_per_floor":[89,89,89,89,89,89,89,89,89,89,89,89,89,89,89,89,89,89,89,89,89,89,89,89,89,89,89,89,89,99,99,99,99],"relics":["Cracked Core","Golden Idol","Du-Vu Doll","Shovel","Blood Vial","Ornamental Fan","Toxic Egg 2","Runic Dome","Toolbox","Whetstone","Tiny Chest","Thread and Needle","Pear","War Paint"],"card_choices":[{"not_picked":["Chaos","Leap"],"picked":"Static Discharge","floor":1},{"not_picked":["Beam Cell","Rebound"],"picked":"Gash","floor":4},{"not_picked":["Biased Cognition","Doom and Gloom"],"picked":"Defragment","floor":7},{"not_picked":["Barrage","Turbo"],"picked":"Defragment","floor":11},{"not_picked":["Gash","Loop"],"picked":"Genetic Algorithm","floor":12},{"not_picked":["Beam Cell","Coolheaded"],"picked":"Biased Cognition","floor":14},{"not_picked":["Buffer","Electrodynamics"],"picked":"Reboot+1","floor":16},{"not_picked":["Coolheaded+1","Stack+1"],"picked":"Gash+1","floor":18},{"not_picked":["Sweeping Beam+1","Reinforced Body+1"],"picked":"Gash","floor":20},{"not_picked":["BootSequence+1","Beam Cell"],"picked":"Redo+1","floor":22},{"not_picked":["Sweeping Beam","Streamline"],"picked":"Steam Power+1","floor":24},{"not_picked":["Heatsinks","Coolheaded+1"],"picked":"White Noise+1","floor":28},{"not_picked":["Rebound","BootSequence+1"],"picked":"White Noise+1","floor":31}],"player_experience":224186,"potions_floor_usage":[11,16,16,24,24,28,28,33],"damage_taken":[{"damage":0,"enemies":"Cultist","floor":1,"turns":4},{"damage":7,"enemies":"Jaw Worm","floor":4,"turns":3},{"damage":26,"enemies":"3 Sentries","floor":7,"turns":4},{"damage":21,"enemies":"Gremlin Nob","floor":11,"turns":4},{"damage":0,"enemies":"Small Slimes","floor":12,"turns":3},{"damage":18,"enemies":"Lagavulin","floor":14,"turns":6},{"damage":24,"enemies":"Hexaghost","floor":16,"turns":8},{"damage":24,"enemies":"Spheric Guardian","floor":18,"turns":3},{"damage":10,"enemies":"Shell Parasite","floor":20,"turns":3},{"damage":17,"enemies":"Centurion and Healer","floor":22,"turns":3},{"damage":42,"enemies":"Gremlin Leader","floor":24,"turns":5},{"damage":22,"enemies":"Slavers","floor":28,"turns":3},{"damage":2,"enemies":"Snecko","floor":31,"turns":3},{"damage":52,"enemies":"Champ","floor":33,"turns":7}],"relics_obtained":[{"floor":7,"key":"Du-Vu Doll"},{"floor":9,"key":"Shovel"},{"floor":10,"key":"Blood Vial"},{"floor":11,"key":"Ornamental Fan"},{"floor":14,"key":"Toxic Egg 2"},{"floor":24,"key":"Toolbox"},{"floor":26,"key":"Whetstone"},{"floor":27,"key":"Tiny Chest"},{"floor":28,"key":"Thread and Needle"},{"floor":32,"key":"War Paint"}],"event_choices":[{"event_name":"Golden Idol","player_choice":"Take Damage","floor":2,"damage_taken":0},{"event_name":"Living Wall","player_choice":"Grow","floor":3,"damage_taken":0},{"event_name":"The Joust","player_choice":"Bet on Murderer","floor":19,"damage_taken":0},{"event_name":"The Lab","player_choice":"Got Potions","floor":21,"damage_taken":0},{"event_name":"The Woman in Blue","player_choice":"Bought 3 Potions","floor":29,"damage_taken":0}],"boss_relics":[{"not_picked":["Snecko Eye","Tiny House"],"picked":"Runic Dome"}],"items_purged_floors":[30],"potions_floor_spawned":[1,7,12,20,24],"seed_played":"-1710606102009718220","killed_by":"Champ","ascension_level":3,"potions_obtained":[{"floor":1,"key":"Energy Potion"},{"floor":7,"key":"Dexterity Potion"},{"floor":12,"key":"Fire Potion"},{"floor":20,"key":"FearPotion"},{"floor":21,"key":"Regen Potion"},{"floor":21,"key":"Poison Potion"},{"floor":24,"key":"Regen Potion"},{"floor":29,"key":"FairyPotion"},{"floor":29,"key":"FocusPotion"},{"floor":29,"key":"EntropicBrew"}],"is_trial":false}