{"gold_per_floor":[119,119,138,148,148,177,195,195],"floor_reached":8,"playtime":515,"items_purged":[],"score":61,"play_id":"8ba7227c-b815-4f2e-9269-28949ebe3673","local_time":"20190228162258","is_ascension_mode":true,"campfire_choices":[],"neow_cost":"NONE","seed_source_timestamp":1787766987637687,"circlet_count":0,"master_deck":["Strike_B","Strike_B","Strike_B","Strike_B","Defend_B","Defend_B","Defend_B","Defend_B","Zap","Dualcast","Aggregate","Pain","Fusion","Capacitor","Coolheaded","Loop"],"relics":["Cracked Core","NeowsBlessing","WarpedTongs","Bronze Scales"],"potions_floor_usage":[6,6,8],"damage_taken":[{"damage":0,"enemies":"2 Louse","floor":1,"turns":1},{"damage":1,"enemies":"Cultist","floor":3,"turns":1},{"damage":0,"enemies":"Small Slimes","floor":4,"turns":1},{"damage":28,"enemies":"3 Sentries","floor":6,"turns":8},{"damage":4,"enemies":"Looter","floor":7,"turns":3},{"damage":51,"enemies":"Gremlin Nob","floor":8,"turns":4}],"seed_played":"-7859813022385441760","potions_obtained":[{"floor":1,"key":"Fire Potion"},{"floor":3,"key":"EssenceOfSteel"},{"floor":7,"key":"SkillPotion"}],"is_trial":false,"path_per_floor":["M","?","M","M","?","E","M","E"],"character_chosen":"DEFECT","items_purchased":[],"campfire_rested":0,"item_purchase_floors":[],"current_hp_per_floor":[75,75,74,74,74,46,42,0],"gold":195,"neow_bonus":"THREE_ENEMY_KILL","is_prod":false,"is_daily":false,"chose_seed":false,"campfire_upgraded":0,"win_rate":0,"timestamp":1551370978,"path_taken":["M","?","?","M","?","E","M","E"],"build_version":"2019-01-23","purchased_purges":0,"victory":false,"max_hp_per_floor":[75,75,75,75,75,75,75,75],"card_choices":[{"not_picked":["Turbo","Sweeping Beam"],"picked":"Aggregate","floor":1},{"not_picked":["Ball Lightning","Static Discharge"],"picked":"Fusion","floor":3},{"not_picked":["Beam Cell","Glacier"],"picked":"Capacitor","floor":4},{"not_picked":["Biased Cognition","Leap"],"picked":"Coolheaded","floor":6},{"not_picked":["Turbo","Coolheaded"],"picked":"Loop","floor":7}],"player_experience":168522,"relics_obtained":[{"floor":6,"key":"Bronze Scales"}],"event_choices":[{"damage_healed":0,"gold_gain":0,"player_choice":"Rummage","damage_taken":0,"relics_obtained":["WarpedTongs"],"max_hp_gain":0,"max_hp_loss":0,"event_name":"Accursed Blacksmith","floor":2,"gold_loss":0,"cards_obtained":["Pain"]},{"damage_healed":0,"gold_gain":0,"player_choice":"Ignored","damage_taken":0,"max_hp_gain":0,"max_hp_loss":0,"event_name":"Golden Wing","floor":5,"gold_loss":0}],"is_beta":false,"boss_relics":[],"items_purged_floors":[],"is_endless":false,"potions_floor_spawned":[1,3,7],"killed_by":"Gremlin Nob","ascension_level":1}