{"gold_per_floor":[209,209,209,61,61,61,18,38,38,38,56,66,78,89,89,192,192,202,202,3,0,20,20,46,46,70,95,95,14,33,33,33,138,138,157,157,457,0,0,0,28,28,28,28,28],"floor_reached":45,"playtime":2899,"items_purged":["Strike_B","Strike_B"],"score":744,"play_id":"33e7ed1d-456f-40e1-b838-f10fbe1b7264","local_time":"20180919071754","is_ascension_mode":true,"campfire_choices":[{"floor":6,"key":"REST"},{"data":"Self Repair","floor":10,"key":"SMITH"},{"data":"Dualcast","floor":15,"key":"SMITH"},{"floor":23,"key":"REST"},{"floor":25,"key":"REST"},{"floor":32,"key":"REST"},{"floor":40,"key":"REST"},{"floor":42,"key":"REST"},{"floor":44,"key":"REST"}],"neow_cost":"NONE","seed_source_timestamp":323683746820994,"circlet_count":0,"master_deck":["Strike_B+1","Defend_B","Defend_B","Defend_B","Defend_B+1","Zap+1","Dualcast+1","AscendersBane","Steam","Reinforced Body","Self Repair+1","Hologram","Ball Lightning+1","BootSequence","Doom and Gloom","Seek","Melter","Apotheosis","Self Repair+1","Streamline+1","White Noise","Defragment","Sweeping Beam+1","Seek","Sunder","Mind Blast+1","Conserve Battery+1","Recycle"],"relics":["Cracked Core","Blue Candle","Fusion Hammer","Orichalcum","Oddly Smooth Stone","Pocketwatch","Sozu","Old Coin","Chemical X","Whetstone","Question Card","Bronze Scales"],"potions_floor_usage":[13,16,24,24,27,31,35],"damage_taken":[{"damage":7,"enemies":"Jaw Worm","floor":1,"turns":4},{"damage":6,"enemies":"Cultist","floor":8,"turns":3},{"damage":1,"enemies":"Small Slimes","floor":11,"turns":4},{"damage":11,"enemies":"3 Louse","floor":12,"turns":4},{"damage":0,"enemies":"Blue Slaver","floor":13,"turns":3},{"damage":7,"enemies":"2 Fungi Beasts","floor":14,"turns":3},{"damage":70,"enemies":"Hexaghost","floor":16,"turns":10},{"damage":14,"enemies":"3 Byrds","floor":18,"turns":5},{"damage":4,"enemies":"2 Thieves","floor":22,"turns":4},{"damage":37,"enemies":"Book of Stabbing","floor":24,"turns":7},{"damage":45,"enemies":"Slavers","floor":27,"turns":6},{"damage":5,"enemies":"Centurion and Healer","floor":30,"turns":6},{"damage":9,"enemies":"Colosseum Slavers","floor":31,"turns":4},{"damage":45,"enemies":"Automaton","floor":33,"turns":9},{"damage":3,"enemies":"3 Darklings","floor":35,"turns":5},{"damage":0,"enemies":"Mind Bloom Boss Battle","floor":37,"turns":8},{"damage":57,"enemies":"2 Orb Walkers","floor":41,"turns":6},{"damage":83,"enemies":"Giant Head","floor":45,"turns":9}],"seed_played":"8757391639952671621","potions_obtained":[{"floor":11,"key":"Swift Potion"},{"floor":14,"key":"AttackPotion"},{"floor":16,"key":"SpeedPotion"},{"floor":22,"key":"Strength Potion"},{"floor":24,"key":"Block Potion"},{"floor":30,"key":"Fire Potion"},{"floor":33,"key":"Weak Potion"}],"is_trial":false,"path_per_floor":["M","?","?","$","?","R","?","M","T","R","M","M","M","M","R","B",null,"M","?","$","?","M","R","E","R","T","E","?","$","M","?","R","B",null,"M","?","?","$","?","R","E","R","T","R"],"character_chosen":"DEFECT","items_purchased":["Reinforced Body","Apotheosis","Defragment","Chemical X","Whetstone"],"campfire_rested":7,"item_purchase_floors":[4,20,29,38,38],"current_hp_per_floor":[61,61,46,46,46,68,68,62,62,62,71,70,75,75,75,15,60,56,56,56,56,62,75,58,75,75,50,75,75,75,75,75,30,64,71,71,75,75,75,75,38,60,60,75,0],"gold":28,"neow_bonus":"HUNDRED_GOLD","is_prod":false,"is_daily":false,"chose_seed":false,"campfire_upgraded":2,"win_rate":0,"timestamp":1537334274,"path_taken":["M","?","?","$","?","R","?","M","T","R","M","M","M","M","R","BOSS","M","?","$","?","M","R","E","R","T","E","?","$","?","?","R","BOSS","M","?","?","$","?","R","E","R","T","R","E"],"build_version":"2018-09-06","purchased_purges":2,"victory":false,"max_hp_per_floor":[75,75,75,75,75,75,75,75,75,75,75,75,75,75,75,75,75,75,75,75,75,75,75,75,75,75,75,75,75,75,75,75,75,75,75,75,75,75,75,75,75,75,75,75,75],"card_choices":[{"not_picked":["Turbo","Gash"],"picked":"Steam","floor":1},{"not_picked":["Coolheaded","Scrape"],"picked":"Self Repair","floor":8},{"not_picked":["Blizzard","Coolheaded"],"picked":"Hologram","floor":11},{"not_picked":["Compile Driver","Lockon"],"picked":"Ball Lightning","floor":12},{"not_picked":["Sweeping Beam","All For One"],"picked":"BootSequence","floor":13},{"not_picked":["Force Field","Stack"],"picked":"Doom and Gloom","floor":14},{"not_picked":["Machine Learning","Multi-Cast"],"picked":"Seek","floor":16},{"not_picked":["Fusion","Stack"],"picked":"Melter","floor":18},{"not_picked":["Steam","Turbo"],"picked":"Self Repair+1","floor":22},{"not_picked":["BootSequence","Fusion"],"picked":"Streamline+1","floor":24},{"not_picked":["Melter","Fission"],"picked":"White Noise","floor":27},{"not_picked":["Steam Power","Rebound"],"picked":"Sweeping Beam+1","floor":30},{"not_picked":["Thunder Strike","Meteor Strike"],"picked":"Seek","floor":33},{"not_picked":["Consume","Sweeping Beam"],"picked":"Sunder","floor":35},{"not_picked":["Jack Of All Trades","HandOfGreed"],"picked":"Mind Blast","floor":36},{"not_picked":["Beam Cell+1","Hologram"],"picked":"Conserve Battery+1","floor":37},{"not_picked":["Coolheaded","Cold Snap","Turbo"],"picked":"SKIP","floor":41}],"player_experience":396634,"relics_obtained":[{"floor":9,"key":"Blue Candle"},{"floor":24,"key":"Orichalcum"},{"floor":26,"key":"Oddly Smooth Stone"},{"floor":27,"key":"Pocketwatch"},{"floor":37,"key":"Old Coin"},{"floor":41,"key":"Question Card"},{"floor":43,"key":"Bronze Scales"}],"event_choices":[{"event_name":"Accursed Blacksmith","player_choice":"Forge","floor":2,"damage_taken":0},{"event_name":"Shining Light","player_choice":"Entered Light","floor":3,"damage_taken":0},{"event_name":"Liars Game","player_choice":"disagreed","floor":5,"damage_taken":0},{"event_name":"World of Goop","player_choice":"Left","floor":7,"damage_taken":0},{"event_name":"Vampires","player_choice":"Ignored","floor":19,"damage_taken":0},{"event_name":"Masked Bandits","player_choice":"Paid Fearfully","floor":21,"damage_taken":0},{"event_name":"The Library","player_choice":"Heal","floor":28,"damage_taken":0},{"event_name":"Colosseum","player_choice":"Fight","floor":31,"damage_taken":0},{"event_name":"Colosseum","player_choice":"Fled From Nobs","floor":31,"damage_taken":0},{"event_name":"SensoryStone","player_choice":"Memory 1","floor":36,"damage_taken":0},{"event_name":"MindBloom","player_choice":"Fight","floor":37,"damage_taken":0},{"event_name":"Transmorgrifier","player_choice":"Transform","floor":39,"damage_taken":0}],"is_beta":false,"boss_relics":[{"not_picked":["Tiny House","Snecko Eye"],"picked":"Fusion Hammer"},{"not_picked":["White Beast Statue","Empty Cage"],"picked":"Sozu"}],"items_purged_floors":[4,38],"is_endless":false,"potions_floor_spawned":[11,14,16,22,24,30,33,41],"killed_by":"Giant Head","ascension_level":12}