{"path_per_floor":["M","?","M","?","M","R","E","R","T","M","M","R","$","E","R","B",null,"M","?","M","?","M","E","R"],"character_chosen":"DEFECT","items_purchased":["Oddly Smooth Stone","Doom and Gloom"],"gold_per_floor":[117,117,129,129,141,141,169,169,169,187,198,198,22,53,53,156,156,175,175,195,110,129,160,160,160],"floor_reached":25,"campfire_rested":1,"playtime":870,"item_purchase_floors":[13,13],"current_hp_per_floor":[71,71,71,71,71,71,19,19,19,19,11,48,48,49,49,13,67,41,69,53,53,28,35,35,0],"items_purged":[],"gold":160,"score":314,"play_id":"40262b87-2eca-4175-954e-b8b7e78406f8","local_time":"20180602020338","is_prod":false,"is_daily":false,"chose_seed":false,"is_ascension_mode":true,"campfire_upgraded":1,"win_rate":0,"timestamp":1527919418,"campfire_choices":[{"data":"Defragment","floor":6,"key":"SMITH"},{"floor":8,"key":"DIG"},{"floor":12,"key":"REST"},{"floor":15,"key":"DIG"},{"floor":24,"key":"DIG"}],"path_taken":["M","?","M","?","M","R","E","R","T","M","M","R","$","E","R","BOSS","M","?","M","?","M","E","R","E"],"build_version":"2018-05-30v2","seed_source_timestamp":390146802270503,"purchased_purges":0,"victory":false,"master_deck":["Strike_B","Strike_B","Strike_B","Defend_B","Defend_B","Defend_B","Defend_B","Zap+1","Dualcast","Turbo","Beam Cell","Defragment+1","Redo","Redo","Doom and Gloom","Hello World","Biased Cognition","Compile Driver","Rebound+1","Go for the Eyes","Barrage+1"],"max_hp_per_floor":[75,75,75,75,75,75,75,75,75,75,75,75,75,85,85,85,85,85,85,85,85,85,92,92,92],"relics":["Cracked Core","Regal Pillow","Shovel","Dead Branch","Mummified Hand","Oddly Smooth Stone","Pear","Juzu Bracelet","Nuclear Battery","Lantern","Strawberry","Omamori"],"card_choices":[{"not_picked":["Gash","Capacitor"],"picked":"Turbo","floor":1},{"not_picked":["Lockon","Reprogram"],"picked":"Beam Cell","floor":3},{"not_picked":["Storm","Beam Cell"],"picked":"Defragment","floor":5},{"not_picked":["Steam","Go for the Eyes"],"picked":"Redo","floor":7},{"not_picked":["Gash","Steam","Scrape"],"picked":"SKIP","floor":10},{"not_picked":["Scrape","Stack"],"picked":"Redo","floor":11},{"not_picked":["Force Field","Compile Driver"],"picked":"Hello World","floor":14},{"not_picked":["Creative AI","Buffer"],"picked":"Biased Cognition","floor":16},{"not_picked":["Barrage","Darkness"],"picked":"Compile Driver","floor":18},{"not_picked":["Compile Driver","Hologram"],"picked":"Rebound+1","floor":20},{"not_picked":["Rebound","Streamline"],"picked":"Go for the Eyes","floor":22},{"not_picked":["Self Repair","Sweeping Beam"],"picked":"Barrage+1","floor":23}],"player_experience":254287,"potions_floor_usage":[18,23,25,25,25],"damage_taken":[{"damage":4,"enemies":"Small Slimes","floor":1,"turns":4},{"damage":0,"enemies":"Cultist","floor":3,"turns":4},{"damage":0,"enemies":"2 Louse","floor":5,"turns":2},{"damage":52,"enemies":"Gremlin Nob","floor":7,"turns":5},{"damage":0,"enemies":"Exordium Wildlife","floor":10,"turns":3},{"damage":8,"enemies":"Exordium Thugs","floor":11,"turns":4},{"damage":9,"enemies":"3 Sentries","floor":14,"turns":5},{"damage":36,"enemies":"Hexaghost","floor":16,"turns":6},{"damage":26,"enemies":"2 Thieves","floor":18,"turns":4},{"damage":16,"enemies":"Shell Parasite","floor":20,"turns":4},{"damage":25,"enemies":"Centurion and Healer","floor":22,"turns":5},{"damage":15,"enemies":"Gremlin Leader","floor":23,"turns":6},{"damage":35,"enemies":"Book of Stabbing","floor":25,"turns":3}],"relics_obtained":[{"floor":7,"key":"Shovel"},{"floor":8,"key":"Dead Branch"},{"floor":9,"key":"Mummified Hand"},{"floor":14,"key":"Pear"},{"floor":15,"key":"Juzu Bracelet"},{"floor":23,"key":"Strawberry"},{"floor":24,"key":"Omamori"}],"event_choices":[{"event_name":"Wheel of Change","player_choice":"Card Removal","floor":2,"damage_taken":0},{"event_name":"Living Wall","player_choice":"Grow","floor":4,"damage_taken":0},{"event_name":"The Library","player_choice":"Heal","floor":19,"damage_taken":0},{"event_name":"Addict","player_choice":"Obtained Relic","floor":21,"damage_taken":0}],"boss_relics":[{"not_picked":["White Beast Statue","Snecko Eye"],"picked":"Nuclear Battery"}],"items_purged_floors":[],"potions_floor_spawned":[3,5,10,14,16,22,23],"seed_played":"-6117671763579175850","killed_by":"Book of Stabbing","ascension_level":5,"potions_obtained":[{"floor":3,"key":"SteroidPotion"},{"floor":5,"key":"FocusPotion"},{"floor":10,"key":"Strength Potion"},{"floor":14,"key":"FearPotion"},{"floor":16,"key":"Fire Potion"},{"floor":22,"key":"Regen Potion"},{"floor":23,"key":"Ancient Potion"}],"is_trial":false}