{"path_per_floor":["M","M","?","M","?","R","M","?","T","$","R","?","E","M","R","B",null,"M","T","M","?","M"],"character_chosen":"IRONCLAD","items_purchased":["Dead Branch"],"gold_per_floor":[213,231,231,244,244,244,260,260,332,29,29,29,65,89,89,213,213,228,228,241,241,255,255],"floor_reached":23,"campfire_rested":1,"playtime":1056,"current_hp_per_floor":[78,80,60,52,36,36,34,34,34,34,34,34,30,27,51,17,64,66,66,65,65,52,0],"items_purged":[],"gold":255,"score":239,"play_id":"980ca0fd-1376-416b-be72-ec76882719a6","local_time":"20180403184330","is_prod":false,"is_daily":false,"is_ascension_mode":true,"campfire_upgraded":2,"timestamp":1522773810,"path_taken":["M","M","?","M","?","R","M","?","T","$","R","?","E","M","R","BOSS","M","?","M","?","M","E"],"build_version":"2018-03-29v2","purchased_purges":2,"victory":false,"master_deck":["Strike_R","Strike_R","Strike_R","Strike_R","Strike_R","Defend_R","Defend_R","Defend_R+1","Defend_R","Bash+1","Clothesline+1","Wild Strike+1","Disarm","Dark Embrace","Disarm+1","Evolve","Burning Pact"],"max_hp_per_floor":[80,80,80,80,80,80,80,80,80,80,80,80,80,80,80,80,80,80,80,80,80,80,80],"relics":["Burning Blood","Golden Idol","Ornamental Fan","Dead Branch","Unceasing Top","Sozu","Ginger"],"card_choices":[{"not_picked":["Havoc","Cleave"],"picked":"Clothesline","floor":1},{"not_picked":["Shrug It Off","Iron Wave"],"picked":"Wild Strike","floor":2},{"not_picked":["Shrug It Off","Twin Strike"],"picked":"Disarm","floor":13},{"not_picked":["Exhume","Juggernaut"],"picked":"Dark Embrace","floor":16},{"not_picked":["Hemokinesis","Clash"],"picked":"Disarm","floor":18},{"not_picked":["Havoc","Iron Wave"],"picked":"Burning Pact","floor":22}],"player_experience":214072,"potions_floor_usage":[13,16,23],"damage_taken":[{"damage":8,"enemies":"Small Slimes","floor":1,"turns":3},{"damage":0,"enemies":"2 Louse","floor":2,"turns":3},{"damage":14,"enemies":"Jaw Worm","floor":4,"turns":3},{"damage":8,"enemies":"Red Slaver","floor":7,"turns":3},{"damage":10,"enemies":"3 Sentries","floor":13,"turns":8},{"damage":9,"enemies":"Looter","floor":14,"turns":3},{"damage":40,"enemies":"Hexaghost","floor":16,"turns":10},{"damage":4,"enemies":"3 Byrds","floor":18,"turns":7},{"damage":7,"enemies":"Shell Parasite","floor":20,"turns":5},{"damage":19,"enemies":"Centurion and Healer","floor":22,"turns":7},{"damage":58,"enemies":"Gremlin Leader","floor":23,"turns":11}],"event_choices":[{"event_name":"Golden Idol","player_choice":"Take Damage","floor":3,"damage_taken":0},{"event_name":"Shining Light","player_choice":"Entered Light","floor":5,"damage_taken":0},{"event_name":"Dead Adventurer","player_choice":"Searched \u00270\u0027 times","floor":8,"damage_taken":0},{"event_name":"Scrap Ooze","player_choice":"unsuccessful","floor":12,"damage_taken":0},{"event_name":"The Library","player_choice":"Read","floor":21,"damage_taken":0}],"boss_relics":[{"not_picked":["Velvet Choker","Astrolabe"],"picked":"Sozu"}],"potions_floor_spawned":[2,13,16],"seed_played":"8604639152027143885","killed_by":"Gremlin Leader","ascension_level":5,"is_trial":false}