{"gold_per_floor":[144,419,119,164,209,299,344,344,344,419,444,489,489,534,534,834,834,879,879,924,1224,1224,1314,1314,1404,1479,1569,1614,1614,1659,1659,1659,1959,1959,2004,2049,29,74,74,164,209,221,308,19,19,19,64,109,109,129],"floor_reached":51,"playtime":11206,"items_purged":["Regret"],"score":862,"play_id":"cc8c9c22-2e9d-4fff-a029-9ff12c5529dc","local_time":"20190218175132","daily_mods":["Draft","Vintage","Midas"],"is_ascension_mode":false,"campfire_choices":[{"floor":8,"key":"REST"},{"floor":13,"key":"REST"},{"floor":15,"key":"REST"},{"floor":24,"key":"REST"},{"floor":29,"key":"REST"},{"floor":32,"key":"REST"},{"floor":46,"key":"REST"},{"floor":49,"key":"REST"}],"neow_cost":"","seed_source_timestamp":0,"circlet_count":0,"master_deck":["Perfected Strike","Twin Strike","Twin Strike+1","Perfected Strike","Twin Strike","Twin Strike","Pommel Strike+1","Shockwave+1","Metallicize","Pommel Strike","Shrug It Off+1","Shrug It Off","Metallicize","Impervious+1","Body Slam+1","Feed","Battle Trance+1","Madness+1","Madness+1","Magnetism+1","Dark Shackles+1","Madness+1"],"special_seed":17945,"relics":["Burning Blood","Vajra","Whetstone","Red Skull","Bottled Tornado","Juzu Bracelet","Happy Flower","Bag of Marbles","Toxic Egg 2","Omamori","Self Forming Clay","Ancient Tea Set","Busted Crown","Blood Vial","Incense Burner","StoneCalendar","Bottled Flame","The Courier","Torii","Ornamental Fan","Shuriken","Dead Branch","Bronze Scales","Black Star","Oddly Smooth Stone","Strawberry","PreservedInsect","Mango","Frozen Eye","War Paint","Frozen Egg 2","Art of War","Orichalcum","Dodecahedron","Bag of Preparation","Pocketwatch","Regal Pillow","Singing Bowl","Centennial Puzzle","Bird Faced Urn","Ice Cream","MawBank","Kunai","Boot","Blue Candle"],"potions_floor_usage":[21,21,21,23,27,27],"damage_taken":[{"damage":4,"enemies":"Cultist","floor":1,"turns":3},{"damage":0,"enemies":"Jaw Worm","floor":4,"turns":2},{"damage":4,"enemies":"2 Louse","floor":5,"turns":2},{"damage":8,"enemies":"Lagavulin","floor":6,"turns":5},{"damage":5,"enemies":"Exordium Wildlife","floor":7,"turns":3},{"damage":10,"enemies":"Looter","floor":12,"turns":3},{"damage":4,"enemies":"3 Louse","floor":14,"turns":2},{"damage":23,"enemies":"The Guardian","floor":16,"turns":7},{"damage":3,"enemies":"Chosen","floor":18,"turns":3},{"damage":2,"enemies":"3 Byrds","floor":20,"turns":6},{"damage":14,"enemies":"Colosseum Slavers","floor":21,"turns":3},{"damage":8,"enemies":"Colosseum Nobs","floor":21,"turns":4},{"damage":26,"enemies":"Slavers","floor":23,"turns":4},{"damage":34,"enemies":"Gremlin Leader","floor":25,"turns":5},{"damage":16,"enemies":"Slavers","floor":27,"turns":4},{"damage":1,"enemies":"Snake Plant","floor":28,"turns":2},{"damage":1,"enemies":"Centurion and Healer","floor":30,"turns":3},{"damage":18,"enemies":"Champ","floor":33,"turns":10},{"damage":0,"enemies":"Orb Walker","floor":35,"turns":2},{"damage":0,"enemies":"3 Shapes","floor":36,"turns":2},{"damage":0,"enemies":"Writhing Mass","floor":38,"turns":4},{"damage":0,"enemies":"Giant Head","floor":40,"turns":4},{"damage":8,"enemies":"4 Shapes","floor":41,"turns":5},{"damage":0,"enemies":"Transient","floor":47,"turns":5},{"damage":0,"enemies":"Writhing Mass","floor":48,"turns":4},{"damage":8,"enemies":"Donu and Deca","floor":50,"turns":6}],"seed_played":"-8239529163417230353","potions_obtained":[{"floor":1,"key":"GamblersBrew"},{"floor":7,"key":"LiquidBronze"},{"floor":12,"key":"LiquidBronze"},{"floor":20,"key":"Ancient Potion"},{"floor":22,"key":"Weak Potion"},{"floor":22,"key":"SmokeBomb"},{"floor":22,"key":"Swift Potion"},{"floor":25,"key":"Dexterity Potion"},{"floor":30,"key":"Block Potion"},{"floor":33,"key":"Fire Potion"},{"floor":36,"key":"Strength Potion"},{"floor":41,"key":"LiquidBronze"}],"is_trial":false,"path_per_floor":["M","?","$","M","M","E","M","R","T","?","T","M","R","M","R","B",null,"M","?","M","?","?","E","R","E","T","E","M","R","M","?","R","B",null,"M","M","$","M","?","E","M","?","T","$","?","R","M","M","R","B",null],"character_chosen":"IRONCLAD","items_purchased":["Whetstone","Red Skull","PreservedInsect","Mango","Frozen Eye","War Paint","Frozen Egg 2","Art of War","Orichalcum","Dodecahedron","Bag of Preparation","Pocketwatch","Regal Pillow","Singing Bowl","Magnetism+1","Dark Shackles+1","Madness+1"],"campfire_rested":8,"item_purchase_floors":[3,3,37,37,37,37,37,37,37,37,37,37,37,37,44,44,44],"current_hp_per_floor":[80,80,80,80,80,78,79,80,80,69,69,65,80,80,80,63,80,80,80,80,72,72,54,78,52,52,44,51,75,80,80,80,68,80,80,87,101,101,88,98,102,102,102,102,102,103,103,103,103,103],"gold":129,"neow_bonus":"","is_prod":false,"is_daily":true,"chose_seed":false,"campfire_upgraded":0,"win_rate":0,"timestamp":1550530292,"path_taken":["M","?","?","?","?","E","M","R","T","?","?","M","R","M","R","BOSS","M","?","M","?","?","E","R","E","T","E","M","R","M","?","R","BOSS","M","M","$","M","?","E","M","?","T","$","?","R","M","M","R","BOSS"],"build_version":"2019-01-23","purchased_purges":1,"victory":true,"max_hp_per_floor":[80,80,80,80,80,80,80,80,80,80,80,80,80,80,80,80,80,80,80,80,80,80,80,80,80,80,80,80,80,80,80,80,80,80,80,87,101,101,101,103,103,103,103,103,103,103,103,103,103,103],"card_choices":[{"not_picked":["Flex","Headbutt"],"picked":"Perfected Strike","floor":0},{"not_picked":["Hemokinesis","Havoc"],"picked":"Twin Strike","floor":0},{"not_picked":["Wild Strike","Rupture"],"picked":"Twin Strike","floor":0},{"not_picked":["Iron Wave","Second Wind"],"picked":"Perfected Strike","floor":0},{"not_picked":["Carnage","Thunderclap"],"picked":"Warcry","floor":0},{"not_picked":["Shrug It Off","Warcry"],"picked":"Twin Strike","floor":0},{"not_picked":["Cleave","Whirlwind"],"picked":"Twin Strike","floor":0},{"not_picked":["Sword Boomerang","True Grit"],"picked":"Pommel Strike","floor":0},{"not_picked":["Wild Strike","Heavy Blade"],"picked":"Cleave","floor":0},{"not_picked":["Reckless Charge","Evolve"],"picked":"Shockwave","floor":0},{"not_picked":["Iron Wave","Shrug It Off"],"picked":"Metallicize","floor":0},{"not_picked":["Headbutt","Twin Strike"],"picked":"Pommel Strike","floor":0},{"not_picked":["Evolve","Seeing Red"],"picked":"Pommel Strike","floor":0},{"not_picked":["True Grit","Bloodletting"],"picked":"Shrug It Off","floor":0},{"not_picked":["Headbutt","Iron Wave"],"picked":"Shrug It Off","floor":0},{"not_picked":["Carnage","Flame Barrier"],"picked":"Metallicize","floor":6},{"not_picked":["Brutality","Offering+1"],"picked":"Impervious+1","floor":16},{"not_picked":["Anger"],"picked":"SKIP","floor":23},{"not_picked":["Inflame"],"picked":"SKIP","floor":25},{"not_picked":[],"picked":"Body Slam+1","floor":27},{"not_picked":["Reaper"],"picked":"Singing Bowl","floor":40}],"player_experience":699788,"relics_obtained":[{"floor":1,"key":"Vajra"},{"floor":4,"key":"Bottled Tornado"},{"floor":5,"key":"Juzu Bracelet"},{"floor":6,"key":"Happy Flower"},{"floor":7,"key":"Bag of Marbles"},{"floor":9,"key":"Toxic Egg 2"},{"floor":11,"key":"Omamori"},{"floor":12,"key":"Self Forming Clay"},{"floor":14,"key":"Ancient Tea Set"},{"floor":18,"key":"Blood Vial"},{"floor":20,"key":"Incense Burner"},{"floor":21,"key":"StoneCalendar"},{"floor":21,"key":"Bottled Flame"},{"floor":23,"key":"The Courier"},{"floor":25,"key":"Torii"},{"floor":26,"key":"Ornamental Fan"},{"floor":27,"key":"Shuriken"},{"floor":28,"key":"Dead Branch"},{"floor":30,"key":"Bronze Scales"},{"floor":35,"key":"Oddly Smooth Stone"},{"floor":36,"key":"Strawberry"},{"floor":38,"key":"Centennial Puzzle"},{"floor":40,"key":"Bird Faced Urn"},{"floor":40,"key":"Ice Cream"},{"floor":41,"key":"MawBank"},{"floor":43,"key":"Kunai"},{"floor":47,"key":"Boot"},{"floor":48,"key":"Blue Candle"}],"event_choices":[{"damage_healed":0,"gold_gain":275,"player_choice":"Desecrate","damage_taken":0,"max_hp_gain":0,"max_hp_loss":0,"event_name":"Golden Shrine","floor":2,"gold_loss":0,"cards_obtained":["Regret"]},{"damage_healed":0,"gold_gain":75,"player_choice":"Gather Gold","damage_taken":11,"max_hp_gain":0,"max_hp_loss":0,"event_name":"World of Goop","floor":10,"gold_loss":0},{"damage_healed":0,"gold_gain":0,"player_choice":"Ignored","damage_taken":0,"max_hp_gain":0,"max_hp_loss":0,"event_name":"Vampires","floor":19,"gold_loss":0},{"damage_healed":0,"gold_gain":0,"player_choice":"Fight","damage_taken":0,"max_hp_gain":0,"max_hp_loss":0,"event_name":"Colosseum","floor":21,"gold_loss":0},{"damage_healed":0,"gold_gain":0,"player_choice":"Fought Nobs","damage_taken":0,"max_hp_gain":0,"max_hp_loss":0,"event_name":"Colosseum","floor":21,"gold_loss":0},{"damage_healed":0,"gold_gain":0,"player_choice":"Got Potions","damage_taken":0,"max_hp_gain":0,"max_hp_loss":0,"event_name":"Lab","floor":22,"gold_loss":0},{"damage_healed":0,"gold_gain":0,"cards_transformed":["Warcry","Cleave"],"player_choice":"Became Test Subject","damage_taken":0,"max_hp_gain":0,"max_hp_loss":0,"event_name":"Drug Dealer","floor":31,"gold_loss":0,"cards_obtained":["Feed","Battle Trance"]},{"damage_healed":0,"gold_gain":0,"player_choice":"Embrace Madness","damage_taken":13,"max_hp_gain":0,"max_hp_loss":0,"event_name":"Winding Halls","floor":39,"gold_loss":0,"cards_obtained":["Madness","Madness"]},{"damage_healed":0,"gold_gain":0,"player_choice":"Ignored","damage_taken":0,"max_hp_gain":0,"max_hp_loss":0,"event_name":"SecretPortal","floor":42,"gold_loss":0},{"cards_removed":["Pommel Strike"],"damage_healed":0,"gold_gain":0,"player_choice":"Removed Attack","damage_taken":0,"max_hp_gain":0,"max_hp_loss":0,"event_name":"Falling","floor":45,"gold_loss":0}],"is_beta":false,"boss_relics":[{"not_picked":["Orrery","Mark of Pain"],"picked":"Busted Crown"},{"not_picked":["Astrolabe","Lizard Tail"],"picked":"Black Star"}],"items_purged_floors":[37],"is_endless":false,"potions_floor_spawned":[1,7,12,16,20,25,30,33,35,36,41,47],"ascension_level":0}