{"gold_per_floor":[15,15,15,38,56,56,56,75,75,98,98,113,132,132,132,231,231,250,250,173,188,59,59,77,77,77,37,55,12,12,30,30,30],"floor_reached":33,"playtime":1921,"items_purged":["Strike_B"],"score":479,"play_id":"f1686a26-25c7-4c2c-acc5-60b3e829ba19","local_time":"20180925003151","is_ascension_mode":true,"campfire_choices":[{"floor":6,"key":"REST"},{"data":"Zap","floor":11,"key":"SMITH"},{"floor":15,"key":"REST"},{"floor":23,"key":"REST"},{"floor":25,"key":"REST"},{"floor":32,"key":"REST"}],"neow_cost":"NO_GOLD","seed_source_timestamp":818703476410316,"circlet_count":0,"master_deck":["Strike_B","Strike_B","Defend_B","Defend_B","Defend_B","Zap+1","Dualcast","AscendersBane","Rebound","Creative AI","Reinforced Body","BootSequence","Reinforced Body","Ball Lightning","Capacitor","Self Repair","Electrodynamics","Ball Lightning","Ball Lightning","Ball Lightning","Loop+1","Leap","Loop+1","Ball Lightning"],"relics":["Cracked Core","Golden Idol","Pen Nib","Shuriken","Nuclear Battery","Ornamental Fan","Frozen Egg 2","MutagenicStrength"],"potions_floor_usage":[5,16,16,24,33],"damage_taken":[{"damage":9,"enemies":"2 Louse","floor":1,"turns":5},{"damage":1,"enemies":"Cultist","floor":4,"turns":3},{"damage":8,"enemies":"Small Slimes","floor":5,"turns":3},{"damage":5,"enemies":"3 Louse","floor":8,"turns":3},{"damage":13,"enemies":"Exordium Wildlife","floor":10,"turns":4},{"damage":12,"enemies":"2 Fungi Beasts","floor":12,"turns":3},{"damage":1,"enemies":"Looter","floor":13,"turns":3},{"damage":22,"enemies":"Slime Boss","floor":16,"turns":9},{"damage":17,"enemies":"2 Thieves","floor":18,"turns":3},{"damage":27,"enemies":"Spheric Guardian","floor":21,"turns":5},{"damage":14,"enemies":"Snake Plant","floor":24,"turns":3},{"damage":39,"enemies":"Shelled Parasite and Fungi","floor":28,"turns":8},{"damage":24,"enemies":"Chosen and Byrds","floor":31,"turns":4},{"damage":67,"enemies":"Collector","floor":33,"turns":6}],"seed_played":"-8195145150503173849","potions_obtained":[{"floor":1,"key":"FearPotion"},{"floor":4,"key":"Poison Potion"},{"floor":10,"key":"Ancient Potion"},{"floor":12,"key":"PowerPotion"},{"floor":18,"key":"Weak Potion"},{"floor":31,"key":"Poison Potion"}],"is_trial":false,"path_per_floor":["M","?","$","M","M","R","?","M","T","M","R","M","M","T","R","B",null,"M","?","?","M","$","R","M","R","T","$","M","$","?","M","R"],"character_chosen":"DEFECT","items_purchased":["Ball Lightning","Loop+1","Loop+1"],"campfire_rested":5,"item_purchase_floors":[22,27,29],"current_hp_per_floor":[55,55,55,54,46,64,69,64,64,51,51,39,38,38,58,43,63,53,53,53,33,33,53,46,66,66,66,34,34,34,17,37,0],"gold":30,"neow_bonus":"TRANSFORM_TWO_CARDS","is_prod":false,"is_daily":false,"chose_seed":false,"campfire_upgraded":1,"win_rate":0,"timestamp":1537828311,"path_taken":["M","?","?","M","M","R","?","M","T","M","R","?","M","?","R","BOSS","M","?","?","M","$","R","M","R","T","?","?","$","?","?","R","BOSS"],"build_version":"2018-09-20","purchased_purges":1,"victory":false,"max_hp_per_floor":[71,64,64,64,64,64,69,69,69,69,69,69,69,69,69,69,69,69,69,69,69,69,69,69,69,69,69,69,69,69,69,69,69],"card_choices":[{"not_picked":["Recycle","Turbo","Force Field"],"picked":"SKIP","floor":1},{"not_picked":["Loop","Static Discharge"],"picked":"Reinforced Body","floor":4},{"not_picked":["Genetic Algorithm","Loop"],"picked":"BootSequence","floor":5},{"not_picked":["Recycle","Aggregate"],"picked":"Reinforced Body","floor":8},{"not_picked":["Hologram","Gash"],"picked":"Ball Lightning","floor":10},{"not_picked":["Gash","Aggregate"],"picked":"Capacitor","floor":12},{"not_picked":["Turbo","Streamline"],"picked":"Self Repair","floor":13},{"not_picked":["All For One","Multi-Cast"],"picked":"Electrodynamics","floor":16},{"not_picked":["Coolheaded","Rip and Tear","Steam Power"],"picked":"SKIP","floor":18},{"not_picked":["Double Energy","Gash"],"picked":"Ball Lightning","floor":21},{"not_picked":["Go for the Eyes","Stack"],"picked":"Ball Lightning","floor":24},{"not_picked":["Stack","Blizzard"],"picked":"Leap","floor":28},{"not_picked":["Recycle","Redo"],"picked":"Ball Lightning","floor":31}],"player_experience":652687,"relics_obtained":[{"floor":9,"key":"Pen Nib"},{"floor":14,"key":"Shuriken"},{"floor":26,"key":"Frozen Egg 2"}],"event_choices":[{"event_name":"Golden Idol","player_choice":"Lose Max HP","floor":2,"damage_taken":0},{"event_name":"Big Fish","player_choice":"Donut","floor":7,"damage_taken":0},{"event_name":"Ghosts","player_choice":"Ignored","floor":19,"damage_taken":0},{"event_name":"WeMeetAgain","player_choice":"Gold","floor":20,"damage_taken":0},{"event_name":"Drug Dealer","player_choice":"Inject Mutagens","floor":30,"damage_taken":0}],"is_beta":false,"boss_relics":[{"not_picked":["Black Star","Velvet Choker"],"picked":"Nuclear Battery"}],"items_purged_floors":[22],"is_endless":false,"potions_floor_spawned":[1,4,10,12,13,18,31],"killed_by":"Collector","ascension_level":18}