{"gold_per_floor":[109,120,135,135,152,152,152,167,167,177,26,40,40,60,60,60],"floor_reached":16,"playtime":464,"items_purged":["Strike_R"],"score":182,"play_id":"4e8cc8cb-2d5a-4494-a4f2-a5c5d37dcbf3","local_time":"20181116233951","is_ascension_mode":true,"campfire_choices":[{"data":"Whirlwind","floor":6,"key":"SMITH"},{"floor":13,"key":"REST"},{"data":"Pommel Strike","floor":15,"key":"SMITH"}],"neow_cost":"NONE","seed_source_timestamp":192675042777441,"circlet_count":0,"master_deck":["AscendersBane","Strike_R","Strike_R","Strike_R","Strike_R","Defend_R+1","Defend_R","Defend_R","Defend_R+1","Bash+1","Pommel Strike+1","Whirlwind+1","Spot Weakness","Corruption"],"relics":["Burning Blood","Calipers","FossilizedHelix"],"potions_floor_usage":[5,16,16],"damage_taken":[{"damage":9,"enemies":"Jaw Worm","floor":1,"turns":4},{"damage":10,"enemies":"Small Slimes","floor":2,"turns":3},{"damage":1,"enemies":"Cultist","floor":3,"turns":3},{"damage":14,"enemies":"Gremlin Gang","floor":5,"turns":3},{"damage":10,"enemies":"Red Slaver","floor":8,"turns":3},{"damage":15,"enemies":"Exordium Wildlife","floor":10,"turns":4},{"damage":13,"enemies":"Blue Slaver","floor":12,"turns":4},{"damage":15,"enemies":"Large Slime","floor":14,"turns":8},{"damage":44,"enemies":"Slime Boss","floor":16,"turns":9}],"seed_played":"8145925096847910061","potions_obtained":[{"floor":2,"key":"SkillPotion"},{"floor":8,"key":"Ancient Potion"},{"floor":12,"key":"Swift Potion"},{"floor":14,"key":"SkillPotion"}],"is_trial":false,"path_per_floor":["M","M","M","?","M","R","?","M","T","M","$","M","R","M","R","B"],"character_chosen":"IRONCLAD","items_purchased":["Corruption"],"campfire_rested":1,"item_purchase_floors":[11],"current_hp_per_floor":[65,61,66,43,35,35,35,31,31,22,22,15,37,28,28,0],"gold":60,"neow_bonus":"UPGRADE_CARD","is_prod":false,"is_daily":false,"chose_seed":false,"campfire_upgraded":2,"win_rate":0,"timestamp":1542407991,"path_taken":["M","M","M","?","M","R","?","?","T","?","?","M","R","M","R","BOSS"],"build_version":"2018-11-15","purchased_purges":1,"victory":false,"max_hp_per_floor":[75,75,75,75,75,75,75,75,75,75,75,75,75,75,75,75],"card_choices":[{"not_picked":["Heavy Blade","Fire Breathing"],"picked":"Pommel Strike","floor":1},{"not_picked":["Heavy Blade","Pummel","Warcry"],"picked":"SKIP","floor":2},{"not_picked":["Burning Pact","Reckless Charge"],"picked":"Whirlwind","floor":3},{"not_picked":["Heavy Blade","Battle Trance"],"picked":"Limit Break","floor":5},{"not_picked":["Ghostly Armor","Hemokinesis"],"picked":"Spot Weakness","floor":8},{"not_picked":["Seeing Red","Thunderclap","Sword Boomerang"],"picked":"SKIP","floor":10},{"not_picked":["Twin Strike","Evolve","Armaments"],"picked":"SKIP","floor":12},{"not_picked":["Dual Wield","Twin Strike","Combust"],"picked":"SKIP","floor":14}],"player_experience":364819,"relics_obtained":[{"floor":9,"key":"FossilizedHelix"}],"event_choices":[{"damage_healed":0,"gold_gain":0,"player_choice":"Entered Light","damage_taken":23,"max_hp_gain":0,"max_hp_loss":0,"event_name":"Shining Light","floor":4,"gold_loss":0,"cards_upgraded":["Defend_R","Defend_R"]},{"cards_removed":["Limit Break"],"damage_healed":0,"gold_gain":0,"player_choice":"Gave Card","damage_taken":0,"relics_obtained":["Calipers"],"max_hp_gain":0,"max_hp_loss":0,"event_name":"WeMeetAgain","floor":7,"gold_loss":0}],"is_beta":true,"boss_relics":[],"items_purged_floors":[11],"is_endless":false,"potions_floor_spawned":[2,8,12,14],"killed_by":"Slime Boss","ascension_level":18}