{"path_per_floor":["M","?","?","$","?","E","$","R","T","M","R","$","M","E","R","B",null,"M","M","?","M","M","E","R","E","T","R","M","M","M","?","R","B",null,"M","?","?","?","$","E","M","?","T","T","R","M","R","M","R","B"],"character_chosen":"DEFECT","items_purchased":["Defragment","Coolheaded","Apotheosis","Bottled Tornado"],"gold_per_floor":[115,365,365,203,278,305,127,127,127,139,139,39,50,79,79,178,178,189,199,199,213,224,250,250,276,302,302,320,330,347,347,347,442,442,461,461,461,461,79,109,120,120,120,120,120,139,139,150,150,150],"floor_reached":51,"campfire_rested":3,"playtime":3065,"current_hp_per_floor":[75,75,75,75,64,56,56,56,56,56,56,56,56,56,56,61,80,80,80,80,60,60,49,55,21,21,51,36,15,16,16,48,19,80,62,62,62,52,52,42,39,39,39,39,47,45,53,27,59,38],"items_purged":["Regret","Strike_B","Strike_B"],"gold":150,"score":798,"play_id":"a8ea5fd8-5ca7-4521-af68-b65c778eae19","local_time":"20180514224112","is_prod":false,"is_daily":false,"chose_seed":false,"is_ascension_mode":false,"campfire_upgraded":5,"timestamp":1526362872,"path_taken":["M","?","?","$","?","E","?","R","T","M","R","$","M","E","R","BOSS","M","M","?","M","M","E","R","E","T","R","M","?","M","?","R","BOSS","M","?","?","?","$","E","M","?","T","?","R","M","R","M","R","BOSS"],"build_version":"2018-05-12v2","seed_source_timestamp":95228558390230,"purchased_purges":4,"victory":true,"master_deck":["Defend_B","Defend_B","Defend_B","Defend_B","Zap","Dualcast","Cold Snap","Defragment+1","Coolheaded+1","Cold Snap","Apotheosis+1","Ball Lightning+1","Defragment+1","Fission","Capacitor","Chaos+1","Sunder+1","Cold Snap+1","Coolheaded+1","Madness","Madness","Skim","Defragment+1","Defragment","Coolheaded+1"],"max_hp_per_floor":[75,75,75,75,75,75,75,75,75,75,75,75,75,75,75,80,80,80,80,80,80,80,80,80,80,80,80,80,80,80,80,80,80,80,80,80,80,80,80,80,80,80,80,80,80,80,80,80,80,80],"relics":["Cracked Core","Toolbox","Molten Egg 2","Peace Pipe","Eternal Feather","Vajra","Dodecahedron","Bronze Scales","Sozu","Bottled Tornado","Dream Catcher","Torii","Unceasing Top"],"card_choices":[{"not_picked":["Streamline","Sweeping Beam"],"picked":"Cold Snap","floor":1},{"not_picked":["Stack","Amplify"],"picked":"Cold Snap","floor":6},{"not_picked":["Go for the Eyes+1","Skim"],"picked":"Ball Lightning+1","floor":10},{"not_picked":["Impulse","Axe Kick+1"],"picked":"Defragment","floor":13},{"not_picked":["Static Discharge","All For One+1","Beam Cell+1"],"picked":"SKIP","floor":14},{"not_picked":["Creative AI","Electrodynamics"],"picked":"Fission","floor":16},{"not_picked":["Skim+1","Steam Power","Leap+1"],"picked":"SKIP","floor":18},{"not_picked":["Leap","Heatsinks","Axe Kick+1"],"picked":"SKIP","floor":19},{"not_picked":["Stack","Steam"],"picked":"Capacitor","floor":21},{"not_picked":["Sweeping Beam+1","Hello World","Capacitor+1"],"picked":"SKIP","floor":22},{"not_picked":["All For One+1","Defragment"],"picked":"Ball Lightning+1","floor":23},{"not_picked":["Heatsinks","Skim"],"picked":"Chaos+1","floor":25},{"not_picked":["Impulse","Turbo"],"picked":"Sunder+1","floor":28},{"not_picked":["Turbo","Rebound+1"],"picked":"Cold Snap+1","floor":29},{"not_picked":["Beam Cell+1","Streamline+1"],"picked":"Coolheaded","floor":30},{"not_picked":["Ball Lightning+1","Capacitor","Cold Snap+1"],"picked":"SKIP","floor":35},{"not_picked":["Leap+1","Thunder Strike+1"],"picked":"Skim","floor":40},{"not_picked":["Go for the Eyes+1","Cold Snap+1","Hologram"],"picked":"SKIP","floor":41},{"not_picked":["Hello World+1","Ball Lightning+1"],"picked":"Defragment","floor":46},{"not_picked":["Self Repair","Turbo"],"picked":"Defragment","floor":48},{"not_picked":["Beam Cell+1","Turbo+1"],"picked":"Coolheaded+1","floor":49}],"player_experience":88766,"potions_floor_usage":[16,21,21,23,23,29,30,33,33],"damage_taken":[{"damage":0,"enemies":"Small Slimes","floor":1,"turns":4},{"damage":8,"enemies":"3 Sentries","floor":6,"turns":10},{"damage":0,"enemies":"Cultist","floor":10,"turns":3},{"damage":0,"enemies":"2 Louse","floor":13,"turns":2},{"damage":0,"enemies":"Gremlin Nob","floor":14,"turns":3},{"damage":0,"enemies":"The Guardian","floor":16,"turns":7},{"damage":0,"enemies":"3 Byrds","floor":18,"turns":4},{"damage":0,"enemies":"Chosen","floor":19,"turns":5},{"damage":20,"enemies":"Centurion and Healer","floor":21,"turns":5},{"damage":0,"enemies":"Snake Plant","floor":22,"turns":5},{"damage":11,"enemies":"Book of Stabbing","floor":23,"turns":6},{"damage":34,"enemies":"Slavers","floor":25,"turns":5},{"damage":15,"enemies":"Snecko","floor":28,"turns":3},{"damage":21,"enemies":"Slaver and Parasite","floor":29,"turns":5},{"damage":14,"enemies":"Centurion and Healer","floor":30,"turns":6},{"damage":29,"enemies":"Champ","floor":33,"turns":10},{"damage":18,"enemies":"3 Shapes","floor":35,"turns":4},{"damage":10,"enemies":"Giant Head","floor":40,"turns":9},{"damage":3,"enemies":"3 Darklings","floor":41,"turns":5},{"damage":2,"enemies":"Flame Bruiser 2 Orb","floor":46,"turns":6},{"damage":26,"enemies":"4 Shapes","floor":48,"turns":7},{"damage":21,"enemies":"Donu and Deca","floor":50,"turns":12}],"event_choices":[{"event_name":"Golden Shrine","player_choice":"Desecrate","floor":2,"damage_taken":0},{"event_name":"The Lab","player_choice":"Got Potions","floor":3,"damage_taken":0},{"event_name":"World of Goop","player_choice":"Gather Gold","floor":5,"damage_taken":0},{"event_name":"Upgrade Shrine","player_choice":"Upgraded","floor":20,"damage_taken":0},{"event_name":"Cursed Tome","player_choice":"Ignored","floor":31,"damage_taken":0},{"event_name":"Tomb of Lord Red Mask","player_choice":"Ignored","floor":36,"damage_taken":0},{"event_name":"Winding Halls","player_choice":"Embrace Madness","floor":38,"damage_taken":0},{"event_name":"The Moai Head","player_choice":"Ignored","floor":42,"damage_taken":0}],"boss_relics":[{"not_picked":["Orrery","Lizard Tail"],"picked":"Eternal Feather"},{"not_picked":["Velvet Choker","Philosopher\u0027s Stone"],"picked":"Sozu"}],"potions_floor_spawned":[1,13,14,16,21,22,23,28,29,46],"seed_played":"-7687247527620182225","ascension_level":0,"is_trial":false}