{"gold_per_floor":[17,35,45,56,74,101,118,118,118,118,293,325,325,325,325,429,429,448,462,462,561,580,428,454,454,534,553,584,584,602,629,629,734,734,749,769,781,781,334,334,360,360,411,168,168,168,201,215,215,215],"floor_reached":51,"playtime":3005,"items_purged":["Strike_B","Strike_B"],"score":900,"play_id":"1ab85a7e-50d0-4a80-a8f4-3bb14b36ecb6","local_time":"20190323103501","is_ascension_mode":false,"campfire_choices":[{"data":"Zap","floor":10,"key":"SMITH"},{"data":"Defragment","floor":13,"key":"SMITH"},{"data":"Streamline","floor":15,"key":"SMITH"},{"data":"Capacitor","floor":25,"key":"SMITH"},{"data":"Electrodynamics","floor":29,"key":"SMITH"},{"data":"Recycle","floor":32,"key":"SMITH"},{"data":"Glacier","floor":40,"key":"SMITH"},{"data":"Ball Lightning","floor":42,"key":"SMITH"},{"floor":45,"key":"REST"},{"data":"Defragment","floor":49,"key":"SMITH"}],"neow_cost":"NO_GOLD","seed_source_timestamp":163421077251895,"circlet_count":0,"master_deck":["Strike_B","Strike_B","Defend_B+1","Defend_B","Defend_B","Defend_B","Zap+1","Dualcast+1","Ball Lightning+1","Defragment+1","Streamline+1","Electrodynamics+1","Glacier+1","Machine Learning","Core Surge+1","Glacier+1","Recycle+1","Capacitor+1","Sweeping Beam+1","Seek","All For One+1","Heatsinks+1","Iron Wave","Defragment+1"],"relics":["Cracked Core","Bird Faced Urn","Boot","DataDisk","Omamori","Molten Egg 2","Snecko Eye","War Paint","Singing Bowl","Pear","Matryoshka","Philosopher\u0027s Stone","Runic Capacitor","Pantograph","Bag of Preparation","Strawberry","Lantern","Cables"],"potions_floor_usage":[6,18,33,33,50,50],"damage_taken":[{"damage":2,"enemies":"Small Slimes","floor":1,"turns":3},{"damage":1,"enemies":"Jaw Worm","floor":2,"turns":2},{"damage":1,"enemies":"2 Louse","floor":3,"turns":2},{"damage":12,"enemies":"Large Slime","floor":4,"turns":5},{"damage":7,"enemies":"2 Fungi Beasts","floor":5,"turns":3},{"damage":6,"enemies":"Gremlin Nob","floor":6,"turns":3},{"damage":0,"enemies":"Gremlin Gang","floor":7,"turns":2},{"damage":11,"enemies":"3 Sentries","floor":12,"turns":2},{"damage":4,"enemies":"The Guardian","floor":16,"turns":9},{"damage":7,"enemies":"2 Thieves","floor":18,"turns":4},{"damage":0,"enemies":"Spheric Guardian","floor":19,"turns":3},{"damage":0,"enemies":"Centurion and Healer","floor":22,"turns":5},{"damage":28,"enemies":"Book of Stabbing","floor":24,"turns":6},{"damage":4,"enemies":"Sentry and Sphere","floor":27,"turns":4},{"damage":38,"enemies":"Slavers","floor":28,"turns":3},{"damage":0,"enemies":"3 Cultists","floor":30,"turns":3},{"damage":0,"enemies":"Gremlin Leader","floor":31,"turns":4},{"damage":0,"enemies":"Automaton","floor":33,"turns":8},{"damage":8,"enemies":"3 Darklings","floor":35,"turns":4},{"damage":0,"enemies":"Orb Walker","floor":36,"turns":3},{"damage":3,"enemies":"Transient","floor":37,"turns":5},{"damage":47,"enemies":"Nemesis","floor":41,"turns":7},{"damage":6,"enemies":"Giant Head","floor":47,"turns":6},{"damage":15,"enemies":"Jaw Worm Horde","floor":48,"turns":2},{"damage":28,"enemies":"Awakened One","floor":50,"turns":10}],"seed_played":"-1445183000793159052","potions_obtained":[{"floor":4,"key":"Block Potion"},{"floor":5,"key":"SteroidPotion"},{"floor":16,"key":"SpeedPotion"},{"floor":22,"key":"FearPotion"},{"floor":24,"key":"SpeedPotion"},{"floor":41,"key":"Ancient Potion"},{"floor":47,"key":"Fire Potion"}],"is_trial":false,"path_per_floor":["M","M","M","M","M","E","M","?","T","R","?","E","R","T","R","B",null,"M","M","?","?","M","$","E","R","T","M","E","R","M","E","R","B",null,"M","M","M","?","$","R","E","R","T","$","R","?","E","M","R","B",null],"character_chosen":"DEFECT","items_purchased":["Capacitor","Runic Capacitor","FocusPotion","All For One+1","Lantern"],"campfire_rested":1,"item_purchase_floors":[23,39,39,39,44],"current_hp_per_floor":[73,72,71,61,56,52,54,59,59,59,59,52,52,52,52,54,80,75,79,79,79,80,80,60,60,60,62,42,42,48,56,56,64,96,94,100,99,99,99,99,59,59,66,66,98,98,102,97,97,93],"gold":215,"neow_bonus":"ONE_RARE_RELIC","is_prod":false,"is_daily":false,"chose_seed":false,"campfire_upgraded":9,"win_rate":0,"timestamp":1553351701,"path_taken":["M","M","M","M","M","E","M","?","T","R","?","E","R","?","R","BOSS","M","M","?","?","M","$","E","R","T","M","E","R","M","E","R","BOSS","M","M","M","?","$","R","E","R","T","$","R","?","E","M","R","BOSS"],"build_version":"2019-01-23","purchased_purges":2,"victory":true,"max_hp_per_floor":[75,75,75,75,75,75,75,80,80,80,80,80,80,80,80,80,80,80,80,80,80,80,80,80,80,80,80,92,92,94,96,96,96,96,98,100,102,102,102,102,102,102,109,109,109,109,109,111,111,111],"card_choices":[{"not_picked":["Go for the Eyes","Blizzard"],"picked":"Ball Lightning","floor":1},{"not_picked":["Gash","Beam Cell","Blizzard"],"picked":"SKIP","floor":2},{"not_picked":["Streamline","Gash"],"picked":"Defragment","floor":3},{"not_picked":["Rebound","Stack"],"picked":"FTL","floor":4},{"not_picked":["Go for the Eyes","Double Energy"],"picked":"Streamline","floor":5},{"not_picked":["Leap","Go for the Eyes"],"picked":"Electrodynamics","floor":6},{"not_picked":["Stack","Recycle"],"picked":"Glacier","floor":7},{"not_picked":["Sunder","Streamline"],"picked":"Machine Learning","floor":12},{"not_picked":["Machine Learning","Reboot"],"picked":"Core Surge+1","floor":16},{"not_picked":["Skim","Melter+1"],"picked":"Steam+1","floor":18},{"not_picked":["Doom and Gloom+1","Hello World"],"picked":"Glacier+1","floor":19},{"not_picked":["Chill+1","Steam Power"],"picked":"Recycle","floor":22},{"not_picked":["Conserve Battery","Auto Shields","Double Energy"],"picked":"SKIP","floor":24},{"not_picked":["Leap","Conserve Battery+1"],"picked":"Sweeping Beam+1","floor":27},{"not_picked":["Genetic Algorithm","Beam Cell+1","Chaos"],"picked":"Singing Bowl","floor":28},{"not_picked":["Reprogram","Chaos","Go for the Eyes+1"],"picked":"Singing Bowl","floor":30},{"not_picked":["Undo+1","Rip and Tear+1","Fusion+1"],"picked":"Singing Bowl","floor":31},{"not_picked":["Rainbow","Electrodynamics"],"picked":"Seek","floor":33},{"not_picked":["Conserve Battery+1","Static Discharge","Redo+1"],"picked":"Singing Bowl","floor":35},{"not_picked":["Turbo","Sweeping Beam+1","White Noise"],"picked":"Singing Bowl","floor":36},{"not_picked":["Rebound+1","Cold Snap+1","Auto Shields"],"picked":"Singing Bowl","floor":37},{"not_picked":["Hologram","Buffer"],"picked":"Heatsinks+1","floor":41},{"not_picked":["Barrage+1","Steam+1"],"picked":"Defragment","floor":47},{"not_picked":["Leap+1","Stack+1","Beam Cell+1"],"picked":"Singing Bowl","floor":48}],"player_experience":636500,"relics_obtained":[{"floor":6,"key":"Boot"},{"floor":9,"key":"DataDisk"},{"floor":12,"key":"Omamori"},{"floor":14,"key":"Molten Egg 2"},{"floor":24,"key":"War Paint"},{"floor":26,"key":"Singing Bowl"},{"floor":28,"key":"Pear"},{"floor":31,"key":"Matryoshka"},{"floor":41,"key":"Pantograph"},{"floor":43,"key":"Bag of Preparation"},{"floor":43,"key":"Strawberry"},{"floor":47,"key":"Cables"}],"event_choices":[{"damage_healed":0,"gold_gain":0,"player_choice":"Donut","damage_taken":0,"max_hp_gain":5,"max_hp_loss":0,"event_name":"Big Fish","floor":8,"gold_loss":0},{"damage_healed":0,"gold_gain":175,"player_choice":"AGREE","damage_taken":0,"max_hp_gain":0,"max_hp_loss":0,"event_name":"Liars Game","floor":11,"gold_loss":0,"cards_obtained":["Doubt"]},{"cards_removed":["Doubt"],"damage_healed":0,"gold_gain":0,"player_choice":"Elegance","damage_taken":0,"max_hp_gain":0,"max_hp_loss":0,"event_name":"Back to Basics","floor":20,"gold_loss":0},{"damage_healed":0,"gold_gain":99,"player_choice":"Stole From Cult","damage_taken":0,"max_hp_gain":0,"max_hp_loss":0,"event_name":"Nest","floor":21,"gold_loss":0},{"cards_removed":["FTL"],"damage_healed":0,"gold_gain":0,"player_choice":"Removed Attack","damage_taken":0,"max_hp_gain":0,"max_hp_loss":0,"event_name":"Falling","floor":38,"gold_loss":0},{"cards_removed":["Steam"],"damage_healed":0,"gold_gain":0,"player_choice":"Took Card","damage_taken":0,"max_hp_gain":0,"max_hp_loss":0,"event_name":"NoteForYourself","floor":46,"gold_loss":0,"cards_obtained":["Iron Wave"]}],"is_beta":false,"boss_relics":[{"not_picked":["FrozenCore","Sozu"],"picked":"Snecko Eye"},{"not_picked":["Tiny House","White Beast Statue"],"picked":"Philosopher\u0027s Stone"}],"items_purged_floors":[23,44],"is_endless":false,"potions_floor_spawned":[4,5,16,22,24,28,41,47],"ascension_level":0}