{"gold_per_floor":[112,72,72,87,108,108,149,163,190,190],"floor_reached":10,"playtime":444,"items_purged":[],"score":88,"play_id":"efb9fc3d-f877-4fa4-8b2a-512227e4f90e","local_time":"20180915202111","is_ascension_mode":true,"campfire_choices":[{"floor":6,"key":"REST"}],"neow_cost":"TEN_PERCENT_HP_LOSS","seed_source_timestamp":27533323239870,"circlet_count":0,"master_deck":["Strike_B","Strike_B","Strike_B","Strike_B","Defend_B","Defend_B","Defend_B","Defend_B","Zap","Dualcast","Thunder Strike","Gash","Defragment","Consume","Rebound","Melter"],"relics":["Cracked Core","Golden Idol","Juzu Bracelet","Potion Belt"],"potions_floor_usage":[7,7],"damage_taken":[{"damage":7,"enemies":"Small Slimes","floor":1,"turns":3},{"damage":7,"enemies":"Jaw Worm","floor":4,"turns":3},{"damage":1,"enemies":"2 Louse","floor":5,"turns":3},{"damage":37,"enemies":"Lagavulin","floor":7,"turns":6},{"damage":6,"enemies":"Blue Slaver","floor":8,"turns":3},{"damage":21,"enemies":"2 Fungi Beasts","floor":10,"turns":2}],"seed_played":"6083078935124182072","potions_obtained":[{"floor":4,"key":"Dexterity Potion"},{"floor":5,"key":"Fire Potion"},{"floor":7,"key":"SpeedPotion"}],"is_trial":false,"path_per_floor":["M","$","?","M","M","R","E","M","T"],"character_chosen":"DEFECT","items_purchased":["Defragment"],"campfire_rested":1,"item_purchase_floors":[2],"current_hp_per_floor":[61,61,44,37,36,56,19,13,13,0],"gold":190,"neow_bonus":"THREE_RARE_CARDS","is_prod":false,"is_daily":false,"chose_seed":false,"campfire_upgraded":0,"win_rate":0,"timestamp":1537035671,"path_taken":["M","$","?","M","M","R","E","M","T","M"],"build_version":"2018-09-06","purchased_purges":0,"victory":false,"max_hp_per_floor":[68,68,68,68,68,68,68,68,68,68],"card_choices":[{"not_picked":["Amplify","Reboot"],"picked":"Thunder Strike","floor":0},{"not_picked":["Rebound","Leap"],"picked":"Gash","floor":1},{"not_picked":["Barrage","Stack","Cold Snap"],"picked":"SKIP","floor":4},{"not_picked":["Redo","Force Field"],"picked":"Consume","floor":5},{"not_picked":["Turbo","Coolheaded"],"picked":"Rebound","floor":7},{"not_picked":["Fusion","Darkness"],"picked":"Melter","floor":8}],"player_experience":197537,"relics_obtained":[{"floor":7,"key":"Juzu Bracelet"},{"floor":9,"key":"Potion Belt"}],"event_choices":[{"event_name":"Golden Idol","player_choice":"Take Damage","floor":3,"damage_taken":0}],"is_beta":false,"boss_relics":[],"items_purged_floors":[],"is_endless":false,"potions_floor_spawned":[4,5,7],"killed_by":"2 Fungi Beasts","ascension_level":6}