{"gold_per_floor":[114,129,144,159,174,174,204,204,204,204,234,234,234,249,249,349,349,364,364,364,64,79,79,79],"floor_reached":24,"playtime":1239,"items_purged":[],"score":281,"play_id":"407d8bc7-c5be-4539-ba2e-39b6f86735b8","local_time":"20181006220639","daily_mods":["Insanity","Diverse","Binary"],"is_ascension_mode":false,"campfire_choices":[{"data":"Defragment","floor":6,"key":"SMITH"},{"data":"Tempest","floor":8,"key":"SMITH"},{"data":"Scrape","floor":12,"key":"SMITH"},{"data":"Loop","floor":15,"key":"SMITH"},{"data":"Buffer","floor":23,"key":"SMITH"}],"neow_cost":"","seed_source_timestamp":0,"circlet_count":0,"master_deck":["Ball Lightning","Tempest+1","Echo Form","Rip and Tear","Hello World","Cold Snap","Coolheaded","Aggregate","Compile Driver","Strike_B","White Noise","Turbo","Genetic Algorithm","Buffer+1","Rip and Tear","Thunder Strike","Beam Cell","Capacitor","Defragment+1","Fission","Electrodynamics","Self Repair","Streamline","Hologram","White Noise","Blizzard","Rebound","Meteor Strike","Loop+1","Conserve Battery","Defend_B","Electrodynamics","Scrape+1","Reprogram","Gash","Buffer","Blizzard","Auto Shields","Reprogram","Electrodynamics","Doom and Gloom","Fission","Recycle","Steam Power","Force Field","Strike_B","White Noise","Rip and Tear","Steam Power","Cleave","Shrug It Off","Metallicize","Amplify"],"special_seed":17811,"relics":["Cracked Core","FossilizedHelix","Regal Pillow","Dream Catcher","WarpedTongs","Philosopher\u0027s Stone","MutagenicStrength","StoneCalendar"],"potions_floor_usage":[7,22,24,24],"damage_taken":[{"damage":0,"enemies":"Cultist","floor":1,"turns":2},{"damage":0,"enemies":"Small Slimes","floor":2,"turns":2},{"damage":5,"enemies":"2 Louse","floor":3,"turns":2},{"damage":0,"enemies":"Lots of Slimes","floor":4,"turns":1},{"damage":22,"enemies":"Gremlin Gang","floor":5,"turns":4},{"damage":3,"enemies":"Gremlin Nob","floor":7,"turns":3},{"damage":0,"enemies":"Lagavulin","floor":11,"turns":5},{"damage":0,"enemies":"2 Fungi Beasts","floor":14,"turns":3},{"damage":22,"enemies":"Slime Boss","floor":16,"turns":7},{"damage":1,"enemies":"Spheric Guardian","floor":18,"turns":3},{"damage":45,"enemies":"3 Byrds","floor":22,"turns":3},{"damage":41,"enemies":"Slavers","floor":24,"turns":2}],"seed_played":"7316523632384569074","potions_obtained":[{"floor":1,"key":"Block Potion"},{"floor":4,"key":"Ancient Potion"},{"floor":7,"key":"Regen Potion"},{"floor":14,"key":"Weak Potion"}],"is_trial":false,"path_per_floor":["M","M","M","M","M","R","E","R","T","?","E","R","?","M","R","B",null,"M","?","?","$","M","R"],"character_chosen":"DEFECT","items_purchased":["StoneCalendar"],"campfire_rested":0,"item_purchase_floors":[21],"current_hp_per_floor":[75,75,70,70,55,55,59,59,59,52,59,59,59,59,59,44,75,74,74,74,74,29,29,0],"gold":79,"neow_bonus":"","is_prod":false,"is_daily":true,"chose_seed":false,"campfire_upgraded":5,"win_rate":0,"timestamp":1538877999,"path_taken":["M","?","M","M","M","R","E","R","T","?","E","R","?","M","R","BOSS","M","?","?","$","M","R","E"],"build_version":"2018-10-04","purchased_purges":0,"victory":false,"max_hp_per_floor":[75,75,75,75,75,75,75,75,75,75,75,75,75,75,75,75,75,75,75,75,75,75,75,75],"card_choices":[{"not_picked":["Storm","Body Slam"],"picked":"SKIP","floor":1},{"not_picked":["Storm","Body Slam"],"picked":"SKIP","floor":1},{"not_picked":["Distraction"],"picked":"Cleave","floor":2},{"not_picked":["Streamline"],"picked":"Shrug It Off","floor":3},{"not_picked":["Dagger Spray","Body Slam"],"picked":"SKIP","floor":4},{"not_picked":["Dagger Spray","Coolheaded"],"picked":"SKIP","floor":5},{"not_picked":["Heel Hook","Perfected Strike"],"picked":"SKIP","floor":7},{"not_picked":["Outmaneuver"],"picked":"Metallicize","floor":11},{"not_picked":["Masterful Stab","Fiend Fire"],"picked":"SKIP","floor":14},{"not_picked":["Electrodynamics"],"picked":"Amplify","floor":16},{"not_picked":["Eviscerate","Doom and Gloom"],"picked":"SKIP","floor":18},{"not_picked":["Dual Wield","Iron Wave"],"picked":"SKIP","floor":22}],"player_experience":332806,"relics_obtained":[{"floor":7,"key":"FossilizedHelix"},{"floor":9,"key":"Regal Pillow"},{"floor":11,"key":"Dream Catcher"}],"event_choices":[{"event_name":"Golden Wing","player_choice":"Card Removal","floor":10,"damage_taken":0},{"event_name":"Accursed Blacksmith","player_choice":"Rummage","floor":13,"damage_taken":0},{"event_name":"Fountain of Cleansing","player_choice":"Removed Curse","floor":19,"damage_taken":0},{"event_name":"Drug Dealer","player_choice":"Inject Mutagens","floor":20,"damage_taken":0}],"is_beta":true,"boss_relics":[{"not_picked":["Calling Bell","Pandora\u0027s Box"],"picked":"Philosopher\u0027s Stone"}],"items_purged_floors":[],"is_endless":false,"potions_floor_spawned":[1,4,7,14],"killed_by":"Slavers","ascension_level":0}