{"path_per_floor":["M","?","M","$","M","R","?","E","T","M","M","$","E","M","R","B",null,"M","M","$","M","?","R"],"character_chosen":"DEFECT","items_purchased":["Echo Form","Ancient Tea Set","Steam","Happy Flower"],"gold_per_floor":[364,364,382,82,94,94,159,191,214,228,242,94,129,148,148,245,275,286,297,29,48,48,48,48],"floor_reached":24,"campfire_rested":1,"playtime":1616,"item_purchase_floors":[4,4,12,20],"current_hp_per_floor":[68,68,68,68,68,68,54,28,28,41,49,49,63,63,63,66,73,65,63,63,18,18,39,0],"items_purged":["Injury","Strike_B","Strike_B"],"gold":48,"score":373,"play_id":"78510f6b-472a-4a2e-a6f5-01214da3d558","local_time":"20180530093154","is_prod":false,"is_daily":false,"chose_seed":false,"is_ascension_mode":true,"campfire_upgraded":2,"win_rate":0,"timestamp":1527665514,"campfire_choices":[{"data":"Dualcast","floor":6,"key":"SMITH"},{"data":"Redo","floor":15,"key":"SMITH"},{"floor":23,"key":"REST"}],"path_taken":["M","?","M","$","M","R","?","E","T","?","M","?","E","M","R","BOSS","M","M","$","M","?","R","E"],"build_version":"2018-05-28","seed_source_timestamp":397986663631,"purchased_purges":3,"victory":false,"master_deck":["Strike_B","Strike_B","Defend_B+1","Defend_B+1","Defend_B","Defend_B+1","Zap+1","Dualcast+1","AscendersBane","Self Repair","BootSequence","Echo Form","Compile Driver","Coolheaded","Buffer","Redo+1","Steam","Reboot","Loop","Hologram","Redo","Heatsinks"],"max_hp_per_floor":[68,68,68,68,68,68,68,68,68,68,68,68,68,68,68,68,73,73,73,73,73,73,73,73],"relics":["Cracked Core","Ancient Tea Set","DataDisk","Bag of Preparation","Dream Catcher","War Paint","Tiny House","Happy Flower"],"card_choices":[{"not_picked":["Undo","Recycle"],"picked":"Self Repair","floor":1},{"not_picked":["Steam Power","Steam"],"picked":"BootSequence","floor":3},{"not_picked":["Gash","Reprogram"],"picked":"Compile Driver","floor":5},{"not_picked":["Go for the Eyes","Conserve Battery"],"picked":"Coolheaded","floor":7},{"not_picked":["Steam","Melter"],"picked":"Buffer","floor":8},{"not_picked":["Stack","Rip and Tear"],"picked":"Redo","floor":10},{"not_picked":["Go for the Eyes","Barrage","Compile Driver"],"picked":"SKIP","floor":11},{"not_picked":["Gash","Consume","Reinforced Body"],"picked":"SKIP","floor":13},{"not_picked":["Steam","Beam Cell","Chill"],"picked":"SKIP","floor":14},{"not_picked":["Thunder Strike","Meteor Strike"],"picked":"Reboot","floor":16},{"not_picked":["Redo","Stack"],"picked":"Loop","floor":17},{"not_picked":["Static Discharge","Chill"],"picked":"Hologram","floor":18},{"not_picked":["Streamline","Conserve Battery"],"picked":"Redo","floor":19},{"not_picked":["Sweeping Beam","Rip and Tear"],"picked":"Heatsinks","floor":21}],"player_experience":136482,"potions_floor_usage":[8,16,19,19,21],"damage_taken":[{"damage":0,"enemies":"2 Louse","floor":1,"turns":3},{"damage":1,"enemies":"Cultist","floor":3,"turns":4},{"damage":0,"enemies":"Small Slimes","floor":5,"turns":4},{"damage":28,"enemies":"Lagavulin Event","floor":7,"turns":5},{"damage":40,"enemies":"Gremlin Nob","floor":8,"turns":5},{"damage":1,"enemies":"Looter","floor":10,"turns":4},{"damage":6,"enemies":"Blue Slaver","floor":11,"turns":4},{"damage":0,"enemies":"Lagavulin","floor":13,"turns":7},{"damage":0,"enemies":"Exordium Wildlife","floor":14,"turns":2},{"damage":4,"enemies":"Slime Boss","floor":16,"turns":12},{"damage":15,"enemies":"Chosen","floor":18,"turns":6},{"damage":9,"enemies":"2 Thieves","floor":19,"turns":5},{"damage":59,"enemies":"Cultist and Chosen","floor":21,"turns":11},{"damage":40,"enemies":"Book of Stabbing","floor":24,"turns":7}],"relics_obtained":[{"floor":7,"key":"DataDisk"},{"floor":8,"key":"Bag of Preparation"},{"floor":9,"key":"Dream Catcher"},{"floor":13,"key":"War Paint"}],"event_choices":[{"event_name":"Accursed Blacksmith","player_choice":"Forge","floor":2,"damage_taken":0},{"event_name":"Dead Adventurer","player_choice":"Searched \u00272\u0027 times","floor":7,"damage_taken":0},{"event_name":"Addict","player_choice":"Ignored","floor":22,"damage_taken":0}],"boss_relics":[{"not_picked":["Eternal Feather","Calling Bell"],"picked":"Tiny House"}],"items_purged_floors":[4,12,20],"potions_floor_spawned":[1,3,10,13,16,18],"seed_played":"-5548593825347502487","killed_by":"Book of Stabbing","ascension_level":12,"potions_obtained":[{"floor":1,"key":"SteroidPotion"},{"floor":3,"key":"Dexterity Potion"},{"floor":10,"key":"Dexterity Potion"},{"floor":13,"key":"Ancient Potion"},{"floor":16,"key":"Block Potion"},{"floor":17,"key":"Explosive Potion"},{"floor":18,"key":"Energy Potion"}],"is_trial":false}