{"gold_per_floor":[114,129,304,319,269,269,46,76,126,141,171,186,186,216,216,316,316,331,346,361,286,286,316,316,266,266,281,311,311,326,356,356,456,456,471,486,501,36,51,51,51,66,66,96,46,46,76,91,91,91],"floor_reached":51,"playtime":3525,"items_purged":["Writhe","Shame","Shame"],"score":1037,"play_id":"39aec733-147e-46ae-b333-09172e889e35","local_time":"20181213230721","daily_mods":["Specialized","Blue Cards","Binary"],"is_ascension_mode":false,"campfire_choices":[{"data":"Neutralize","floor":6,"key":"SMITH"},{"data":"Apotheosis","floor":13,"key":"SMITH"},{"data":"Hologram","floor":15,"key":"SMITH"},{"data":"Noxious Fumes","floor":24,"key":"SMITH"},{"data":"Infinite Blades","floor":29,"key":"SMITH"},{"data":"Malaise","floor":32,"key":"SMITH"},{"floor":40,"key":"REST"},{"floor":46,"key":"REST"},{"floor":49,"key":"REST"}],"neow_cost":"","seed_source_timestamp":0,"circlet_count":0,"master_deck":["Defend_G","Defend_G","Defend_G","Defend_G","Defend_G","Strike_G","Survivor","Neutralize+1","FTL+1","FTL","FTL","FTL","FTL","Backstab+1","Apotheosis+1","Leap","Infinite Blades+1","Hologram+1","Noxious Fumes+1","Catalyst+1","Malaise+1","Adrenaline","Go for the Eyes+1","Seek+1","Riddle With Holes+1","Violence","Escape Plan","Blade Dance","Deadly Poison"],"special_seed":17879,"relics":["Ring of the Snake","Ornamental Fan","Juzu Bracelet","Oddly Smooth Stone","Smiling Mask","Cursed Key","Calipers","FossilizedHelix","Bottled Lightning","Dream Catcher","Centennial Puzzle","Astrolabe","Blue Candle","Molten Egg 2","Whetstone","Boot"],"potions_floor_usage":[16,23,33,33,44,50,50,50],"damage_taken":[{"damage":0,"enemies":"Jaw Worm","floor":1,"turns":3},{"damage":0,"enemies":"2 Louse","floor":2,"turns":2},{"damage":0,"enemies":"Small Slimes","floor":4,"turns":2},{"damage":5,"enemies":"Lagavulin","floor":8,"turns":7},{"damage":0,"enemies":"Exordium Wildlife","floor":10,"turns":2},{"damage":0,"enemies":"3 Sentries","floor":11,"turns":6},{"damage":0,"enemies":"Blue Slaver","floor":12,"turns":2},{"damage":0,"enemies":"Lagavulin","floor":14,"turns":5},{"damage":0,"enemies":"Slime Boss","floor":16,"turns":6},{"damage":0,"enemies":"Shell Parasite","floor":18,"turns":5},{"damage":0,"enemies":"Spheric Guardian","floor":19,"turns":3},{"damage":0,"enemies":"Snake Plant","floor":20,"turns":5},{"damage":0,"enemies":"Gremlin Leader","floor":23,"turns":6},{"damage":0,"enemies":"Snecko","floor":27,"turns":5},{"damage":2,"enemies":"Slavers","floor":28,"turns":7},{"damage":1,"enemies":"Centurion and Healer","floor":30,"turns":5},{"damage":0,"enemies":"Book of Stabbing","floor":31,"turns":5},{"damage":28,"enemies":"Collector","floor":33,"turns":10},{"damage":0,"enemies":"3 Shapes","floor":35,"turns":5},{"damage":0,"enemies":"3 Darklings","floor":36,"turns":6},{"damage":0,"enemies":"Transient","floor":37,"turns":5},{"damage":0,"enemies":"Maw","floor":39,"turns":7},{"damage":0,"enemies":"4 Shapes","floor":42,"turns":5},{"damage":0,"enemies":"Giant Head","floor":44,"turns":7},{"damage":0,"enemies":"Reptomancer","floor":47,"turns":8},{"damage":0,"enemies":"Transient","floor":48,"turns":5},{"damage":0,"enemies":"Awakened One","floor":50,"turns":13}],"seed_played":"7066479884304422075","potions_obtained":[{"floor":2,"key":"Dexterity Potion"},{"floor":10,"key":"PowerPotion"},{"floor":11,"key":"AttackPotion"},{"floor":23,"key":"Swift Potion"},{"floor":28,"key":"AttackPotion"},{"floor":33,"key":"SteroidPotion"},{"floor":44,"key":"Ancient Potion"},{"floor":47,"key":"EssenceOfSteel"},{"floor":48,"key":"Fruit Juice"}],"is_trial":false,"path_per_floor":["M","M","?","M","?","R","$","E","T","M","E","M","R","E","R","B",null,"M","M","M","?","?","E","R","$","T","M","E","R","M","E","R","B",null,"M","M","M","$","M","R","?","M","T","E","$","R","E","M","R","B",null],"character_chosen":"THE_SILENT","items_purchased":["Apotheosis","Leap","Blue Candle","Violence"],"campfire_rested":3,"item_purchase_floors":[7,7,38,38],"current_hp_per_floor":[70,70,70,70,70,70,70,65,65,65,65,65,65,65,65,65,70,70,70,70,70,70,70,70,70,70,70,68,68,67,67,67,39,70,70,70,70,70,70,70,70,70,70,70,70,70,70,70,70,75],"gold":91,"neow_bonus":"","is_prod":false,"is_daily":true,"chose_seed":false,"campfire_upgraded":6,"win_rate":0,"timestamp":1544771241,"path_taken":["M","M","?","M","?","R","$","E","T","M","E","M","R","E","R","BOSS","M","M","M","?","?","E","R","?","T","M","E","R","M","E","R","BOSS","M","M","M","$","M","R","?","M","T","E","$","R","E","M","R","BOSS"],"build_version":"2018-12-13","purchased_purges":3,"victory":true,"max_hp_per_floor":[70,70,70,70,70,70,70,70,70,70,70,70,70,70,70,70,70,70,70,70,70,70,70,70,70,70,70,70,70,70,70,70,70,70,70,70,70,70,70,70,70,70,70,70,70,70,70,70,70,75],"card_choices":[{"not_picked":["Coolheaded"],"picked":"Backstab","floor":1},{"not_picked":["Steam Power","Dagger Throw"],"picked":"SKIP","floor":2},{"not_picked":["Predator","Prepared"],"picked":"SKIP","floor":4},{"not_picked":["Cold Snap","Slice"],"picked":"SKIP","floor":8},{"not_picked":["Storm","Quick Slash"],"picked":"SKIP","floor":10},{"not_picked":["Leap"],"picked":"Infinite Blades","floor":11},{"not_picked":["Deadly Poison","Steam"],"picked":"SKIP","floor":12},{"not_picked":["Finisher"],"picked":"Hologram","floor":14},{"not_picked":["Flying Knee+1","Sweeping Beam+1"],"picked":"SKIP","floor":18},{"not_picked":["Cold Snap+1","Stack"],"picked":"SKIP","floor":19},{"not_picked":["Setup","Deadly Poison"],"picked":"SKIP","floor":20},{"not_picked":["Tactician"],"picked":"Noxious Fumes","floor":23},{"not_picked":["Force Field+1"],"picked":"Catalyst+1","floor":27},{"not_picked":["Conserve Battery","Dodge and Roll"],"picked":"SKIP","floor":28},{"not_picked":["Flying Knee","Turbo"],"picked":"SKIP","floor":30},{"not_picked":["Gash"],"picked":"Malaise","floor":31},{"not_picked":["Meteor Strike"],"picked":"Adrenaline","floor":33},{"not_picked":["Compile Driver","Barrage"],"picked":"SKIP","floor":35},{"not_picked":["Bane+1","Setup"],"picked":"SKIP","floor":36},{"not_picked":["Tactician","Chaos"],"picked":"SKIP","floor":37},{"not_picked":["Rebound"],"picked":"Escape Plan","floor":39},{"not_picked":["Flying Knee+1","PiercingWail+1"],"picked":"SKIP","floor":42},{"not_picked":["Deflect+1"],"picked":"Blade Dance","floor":44},{"not_picked":["Outmaneuver","Barrage+1"],"picked":"SKIP","floor":47},{"not_picked":["Dagger Spray+1","Blizzard+1"],"picked":"SKIP","floor":48},{"not_picked":["Cloak And Dagger+1"],"picked":"Deadly Poison","floor":49}],"player_experience":578361,"relics_obtained":[{"floor":8,"key":"Ornamental Fan"},{"floor":9,"key":"Juzu Bracelet"},{"floor":11,"key":"Oddly Smooth Stone"},{"floor":14,"key":"Smiling Mask"},{"floor":23,"key":"FossilizedHelix"},{"floor":26,"key":"Bottled Lightning"},{"floor":28,"key":"Dream Catcher"},{"floor":31,"key":"Centennial Puzzle"},{"floor":43,"key":"Molten Egg 2"},{"floor":44,"key":"Whetstone"},{"floor":47,"key":"Boot"}],"event_choices":[{"damage_healed":0,"gold_gain":175,"player_choice":"AGREE","damage_taken":0,"max_hp_gain":0,"max_hp_loss":0,"event_name":"Liars Game","floor":3,"gold_loss":0,"cards_obtained":["Doubt"]},{"cards_removed":["Doubt"],"damage_healed":0,"gold_gain":0,"player_choice":"Card Removal","damage_taken":0,"max_hp_gain":0,"max_hp_loss":0,"event_name":"The Cleric","floor":5,"gold_loss":50},{"cards_removed":["Strike_G"],"damage_healed":0,"gold_gain":0,"player_choice":"Gave Gold","damage_taken":0,"max_hp_gain":0,"max_hp_loss":0,"event_name":"Beggar","floor":21,"gold_loss":75},{"damage_healed":0,"gold_gain":0,"player_choice":"Opened","damage_taken":0,"relics_obtained":["Calipers"],"max_hp_gain":0,"max_hp_loss":0,"event_name":"The Mausoleum","floor":22,"gold_loss":0,"cards_obtained":["Writhe"]},{"damage_healed":0,"gold_gain":0,"player_choice":"Ignored","damage_taken":0,"max_hp_gain":0,"max_hp_loss":0,"event_name":"SecretPortal","floor":41,"gold_loss":0}],"is_beta":false,"boss_relics":[{"not_picked":["Pandora\u0027s Box","Lizard Tail"],"picked":"Cursed Key"},{"not_picked":["Coffee Dripper","HoveringKite"],"picked":"Astrolabe"}],"items_purged_floors":[25,38,45],"is_endless":false,"potions_floor_spawned":[2,10,11,23,28,30,31,33,44,47,48],"ascension_level":0}