{"gold_per_floor":[109,122,133,133,144,175,125,125,125,75,90,107,138,154,154,256,256,274,143,132,151,167,167],"floor_reached":23,"playtime":1300,"items_purged":["Strike_G","Defend_G","Strike_G"],"score":207,"play_id":"e7a660ed-04d9-4a8c-800b-e94bb38efbe0","local_time":"20181011232419","is_ascension_mode":false,"campfire_choices":[{"data":"Noxious Fumes","floor":8,"key":"SMITH"},{"floor":15,"key":"REST"}],"neow_cost":"NONE","seed_source_timestamp":98624889286569,"circlet_count":0,"master_deck":["Defend_G","Defend_G","Defend_G","Strike_G","Strike_G","Survivor","Neutralize","Leg Sweep","Flying Knee","Noxious Fumes+1","Quick Slash","Cloak And Dagger","Dagger Spray","Adrenaline","Terror","Tools of the Trade+1","Noxious Fumes+1","Catalyst+1","Heel Hook+1"],"relics":["Black Star","Smiling Mask","Kunai","Bottled Lightning","Art of War","Frozen Egg 2","Molten Egg 2","Empty Cage"],"potions_floor_usage":[13,23],"damage_taken":[{"damage":1,"enemies":"Cultist","floor":1,"turns":4},{"damage":3,"enemies":"Jaw Worm","floor":2,"turns":9},{"damage":1,"enemies":"2 Louse","floor":3,"turns":4},{"damage":4,"enemies":"Large Slime","floor":5,"turns":8},{"damage":13,"enemies":"Gremlin Nob","floor":6,"turns":5},{"damage":5,"enemies":"Exordium Thugs","floor":11,"turns":5},{"damage":9,"enemies":"2 Fungi Beasts","floor":12,"turns":4},{"damage":13,"enemies":"Lagavulin","floor":13,"turns":7},{"damage":0,"enemies":"Blue Slaver","floor":14,"turns":3},{"damage":23,"enemies":"The Guardian","floor":16,"turns":10},{"damage":3,"enemies":"Shell Parasite","floor":18,"turns":7},{"damage":16,"enemies":"2 Thieves","floor":20,"turns":4},{"damage":11,"enemies":"Snake Plant","floor":21,"turns":6},{"damage":1,"enemies":"Centurion and Healer","floor":22,"turns":6},{"damage":44,"enemies":"Slavers","floor":23,"turns":4}],"seed_played":"-8403154391269048664","potions_obtained":[{"floor":2,"key":"SpeedPotion"},{"floor":3,"key":"Ancient Potion"},{"floor":6,"key":"GhostInAJar"},{"floor":11,"key":"Poison Potion"},{"floor":16,"key":"SkillPotion"},{"floor":18,"key":"PowerPotion"}],"is_trial":false,"path_per_floor":["M","M","M","?","M","E","$","R","T","$","M","M","E","M","R","B",null,"M","$","M","M","M"],"character_chosen":"THE_SILENT","items_purchased":["Noxious Fumes+1"],"campfire_rested":1,"item_purchase_floors":[19],"current_hp_per_floor":[69,66,65,53,49,36,36,36,36,36,31,22,9,9,30,7,70,67,67,51,40,39,0],"gold":167,"neow_bonus":"BOSS_RELIC","is_prod":false,"is_daily":false,"chose_seed":false,"campfire_upgraded":1,"win_rate":0,"timestamp":1539314659,"path_taken":["M","?","M","?","M","E","?","R","T","$","M","M","E","M","R","BOSS","M","$","M","M","M","E"],"build_version":"2018-10-10","purchased_purges":3,"victory":false,"max_hp_per_floor":[70,70,70,70,70,70,70,70,70,70,70,70,70,70,70,70,70,70,70,70,70,70,70],"card_choices":[{"not_picked":["Acrobatics","Dodge and Roll"],"picked":"Leg Sweep","floor":1},{"not_picked":["Prepared","Caltrops"],"picked":"Flying Knee","floor":2},{"not_picked":["Backflip","Leg Sweep"],"picked":"Noxious Fumes","floor":3},{"not_picked":["Slice","Poisoned Stab"],"picked":"Quick Slash","floor":5},{"not_picked":["Slice","Eviscerate"],"picked":"Cloak And Dagger","floor":6},{"not_picked":["Quick Slash","Slice","Deflect"],"picked":"SKIP","floor":11},{"not_picked":["Infinite Blades","PiercingWail"],"picked":"Dagger Spray","floor":12},{"not_picked":["Concentrate","Dodge and Roll"],"picked":"Adrenaline","floor":13},{"not_picked":["Deadly Poison","Backflip"],"picked":"Terror","floor":14},{"not_picked":["Grand Finale+1","Die Die Die+1"],"picked":"Tools of the Trade+1","floor":16},{"not_picked":["Reflex","Sucker Punch+1","Expertise"],"picked":"SKIP","floor":18},{"not_picked":["Deadly Poison","Prepared+1","Calculated Gamble"],"picked":"SKIP","floor":20},{"not_picked":["Footwork+1","Dash+1"],"picked":"Catalyst+1","floor":21},{"not_picked":["Poisoned Stab+1","Quick Slash+1"],"picked":"Heel Hook+1","floor":22}],"player_experience":340329,"relics_obtained":[{"floor":6,"key":"Kunai"},{"floor":6,"key":"Bottled Lightning"},{"floor":9,"key":"Art of War"},{"floor":13,"key":"Frozen Egg 2"},{"floor":13,"key":"Molten Egg 2"}],"event_choices":[{"event_name":"Scrap Ooze","player_choice":"success","floor":4,"damage_taken":12}],"is_beta":true,"boss_relics":[{"not_picked":["Snecko Eye","Philosopher\u0027s Stone"],"picked":"Empty Cage"}],"items_purged_floors":[7,10,19],"is_endless":false,"potions_floor_spawned":[2,3,6,11,16,18,21],"killed_by":"Slavers","ascension_level":0}