{"gold_per_floor":[110,130,145,37,37,37,47,76,103,113,113,113,9,9],"floor_reached":14,"playtime":682,"items_purged":["Regret"],"score":140,"play_id":"73e2bccb-75cb-4b51-8793-7aa16ce6fd12","local_time":"20190102220940","is_ascension_mode":true,"campfire_choices":[{"data":"Demon Form","floor":6,"key":"SMITH"},{"data":"Seeing Red","floor":11,"key":"SMITH"}],"neow_cost":"CURSE","seed_source_timestamp":813325806249322,"circlet_count":0,"master_deck":["AscendersBane","Strike_R","Strike_R","Strike_R","Strike_R","Strike_R","Defend_R","Defend_R","Defend_R","Defend_R","Bash","Demon Form+1","Seeing Red+1","Armaments","Heavy Blade","Flame Barrier","Pommel Strike","Metallicize","True Grit","Metallicize"],"relics":["Burning Blood","Lantern","Centennial Puzzle"],"potions_floor_usage":[14],"damage_taken":[{"damage":12,"enemies":"Small Slimes","floor":1,"turns":4},{"damage":17,"enemies":"Cultist","floor":2,"turns":5},{"damage":0,"enemies":"2 Louse","floor":3,"turns":2},{"damage":9,"enemies":"Blue Slaver","floor":7,"turns":6},{"damage":24,"enemies":"3 Sentries","floor":8,"turns":9},{"damage":2,"enemies":"2 Fungi Beasts","floor":10,"turns":4},{"damage":51,"enemies":"Gremlin Nob","floor":14,"turns":5}],"seed_played":"-6817381992929060463","potions_obtained":[{"floor":3,"key":"Fire Potion"},{"floor":8,"key":"PowerPotion"}],"is_trial":false,"path_per_floor":["M","M","M","$","?","R","M","E","T","M","R","?","$","E"],"character_chosen":"IRONCLAD","items_purchased":["Flame Barrier","True Grit","Metallicize"],"campfire_rested":0,"item_purchase_floors":[4,13,13],"current_hp_per_floor":[66,55,61,61,61,61,58,40,40,44,44,44,44,0],"gold":9,"neow_bonus":"THREE_RARE_CARDS","is_prod":false,"is_daily":false,"chose_seed":false,"campfire_upgraded":2,"win_rate":0,"timestamp":1546488580,"path_taken":["M","M","M","$","?","R","?","E","T","M","R","?","$","E"],"build_version":"2018-12-20","purchased_purges":1,"victory":false,"max_hp_per_floor":[80,80,80,80,80,80,80,80,80,80,80,80,80,80],"card_choices":[{"not_picked":["Reaper","Limit Break"],"picked":"Demon Form","floor":0},{"not_picked":["Havoc","Flex"],"picked":"Seeing Red","floor":1},{"not_picked":["Iron Wave","Body Slam"],"picked":"Armaments","floor":2},{"not_picked":["Hemokinesis","Sword Boomerang"],"picked":"Heavy Blade","floor":3},{"not_picked":["Shrug It Off","Sever Soul"],"picked":"Pommel Strike","floor":7},{"not_picked":["Headbutt","Clothesline"],"picked":"Metallicize","floor":8},{"not_picked":["Clash","Wild Strike","Second Wind"],"picked":"SKIP","floor":10}],"player_experience":376347,"relics_obtained":[{"floor":8,"key":"Lantern"},{"floor":9,"key":"Centennial Puzzle"}],"event_choices":[{"damage_healed":0,"gold_gain":0,"player_choice":"Cursed","damage_taken":0,"max_hp_gain":0,"max_hp_loss":0,"event_name":"Wheel of Change","floor":5,"gold_loss":0,"cards_obtained":["Decay"]},{"cards_removed":["Decay"],"damage_healed":0,"gold_gain":0,"player_choice":"Purged","damage_taken":0,"max_hp_gain":0,"max_hp_loss":0,"event_name":"Purifier","floor":12,"gold_loss":0}],"is_beta":false,"boss_relics":[],"items_purged_floors":[4],"is_endless":false,"potions_floor_spawned":[3,8],"killed_by":"Gremlin Nob","ascension_level":11}