{"gold_per_floor":[118,118,118,118,136,136,171,189,240,240,263,263,278,301,301,431,431,445,1,19,39,39,55,55,75,75,75,75,75,100,116,116,116],"floor_reached":33,"playtime":1432,"items_purged":[],"score":276,"play_id":"0d1c6418-0516-4f33-9931-a5cd03a83175","local_time":"20180716003821","is_ascension_mode":false,"campfire_choices":[{"floor":6,"key":"REST"},{"floor":10,"key":"REST"},{"data":"Feed","floor":12,"key":"SMITH"},{"floor":15,"key":"REST"},{"floor":24,"key":"REST"},{"floor":28,"key":"REST"},{"floor":32,"key":"REST"}],"neow_cost":"NONE","seed_source_timestamp":432507738590895,"circlet_count":0,"master_deck":["Strike_R","Strike_R","Strike_R","Strike_R","Strike_R","Defend_R","Defend_R+1","Defend_R+1","Defend_R","Bash+1","Anger","Heavy Blade","Feed+1","Wild Strike","Searing Blow","Flex","Flame Barrier","Havoc","Flex","Bludgeon","Shrug It Off+1","Anger","Metallicize","Metallicize","Perfected Strike+1","Metallicize","Carnage+1","Heavy Blade+1","Wild Strike+1","Power Through","Infernal Blade","Headbutt+1"],"relics":["Burning Blood","Golden Idol","Dream Catcher","War Paint","Black Star","Lee\u0027s Waffle","Lantern","Omamori","Smiling Mask","Charon\u0027s Ashes"],"potions_floor_usage":[7,7,7,16,18,23,25,33,33],"damage_taken":[{"damage":0,"enemies":"2 Louse","floor":1,"turns":3},{"damage":1,"enemies":"Cultist","floor":5,"turns":3},{"damage":30,"enemies":"3 Sentries","floor":7,"turns":7},{"damage":6,"enemies":"Jaw Worm","floor":8,"turns":5},{"damage":14,"enemies":"Lots of Slimes","floor":11,"turns":5},{"damage":21,"enemies":"Gremlin Gang","floor":13,"turns":4},{"damage":7,"enemies":"Looter","floor":14,"turns":3},{"damage":57,"enemies":"Slime Boss","floor":16,"turns":15},{"damage":30,"enemies":"3 Byrds","floor":18,"turns":5},{"damage":23,"enemies":"Shell Parasite","floor":20,"turns":5},{"damage":47,"enemies":"Centurion and Healer","floor":21,"turns":5},{"damage":17,"enemies":"Snake Plant","floor":23,"turns":4},{"damage":38,"enemies":"Snecko","floor":25,"turns":6},{"damage":31,"enemies":"Centurion and Healer","floor":30,"turns":7},{"damage":20,"enemies":"Sentry and Sphere","floor":31,"turns":4},{"damage":78,"enemies":"Automaton","floor":33,"turns":6}],"seed_played":"6392305117834688101","potions_obtained":[{"floor":1,"key":"EntropicBrew"},{"floor":5,"key":"SteroidPotion"},{"floor":16,"key":"Explosive Potion"},{"floor":21,"key":"Regen Potion"},{"floor":25,"key":"BloodPotion"},{"floor":30,"key":"EssenceOfSteel"}],"is_trial":false,"path_per_floor":["M","?","?","?","M","R","E","M","T","R","M","R","M","M","R","B",null,"M","$","M","M","?","M","R","M","T","?","R","T","M","M","R"],"character_chosen":"IRONCLAD","items_purchased":["Lee\u0027s Waffle","Lantern","Anger","Metallicize"],"campfire_rested":6,"item_purchase_floors":[19,19,19,19],"current_hp_per_floor":[80,80,80,60,65,80,56,59,59,83,78,78,67,66,90,39,90,66,97,80,39,39,40,69,37,37,37,66,66,41,27,56,0],"gold":116,"neow_bonus":"UPGRADE_CARD","is_prod":false,"is_daily":false,"chose_seed":false,"campfire_upgraded":1,"win_rate":0.0,"timestamp":1531694301,"path_taken":["M","?","?","?","M","R","E","M","T","R","M","R","?","?","R","BOSS","M","$","M","M","?","M","R","?","T","?","R","?","M","M","R","BOSS"],"build_version":"2018-07-12","purchased_purges":0,"victory":false,"max_hp_per_floor":[80,80,80,80,80,80,80,83,83,83,86,86,90,90,90,90,90,90,97,97,97,97,97,97,97,97,97,97,97,97,97,97,97],"card_choices":[{"not_picked":["Entrench","Sword Boomerang"],"picked":"Anger","floor":1},{"not_picked":["Body Slam","Thunderclap"],"picked":"Heavy Blade","floor":5},{"not_picked":["Sword Boomerang","Warcry"],"picked":"Feed","floor":7},{"not_picked":["Headbutt","Clash"],"picked":"Wild Strike","floor":8},{"not_picked":["Shrug It Off","Warcry"],"picked":"Searing Blow","floor":10},{"not_picked":["Warcry","Clothesline"],"picked":"Flex","floor":11},{"not_picked":["Ghostly Armor","Whirlwind"],"picked":"Flame Barrier","floor":13},{"not_picked":["Anger","Shrug It Off"],"picked":"Havoc","floor":14},{"not_picked":["Searing Blow","Twin Strike"],"picked":"Flex","floor":15},{"not_picked":["Brutality","Double Tap"],"picked":"Bludgeon","floor":16},{"not_picked":["True Grit","Bloodletting"],"picked":"Shrug It Off+1","floor":18},{"not_picked":["Twin Strike","Uppercut"],"picked":"Metallicize","floor":20},{"not_picked":["Cleave","Heavy Blade"],"picked":"Perfected Strike+1","floor":21},{"not_picked":["Heavy Blade","Havoc"],"picked":"Metallicize","floor":23},{"not_picked":["Clash","Warcry"],"picked":"Carnage+1","floor":24},{"not_picked":["Inflame","Flex"],"picked":"Heavy Blade+1","floor":25},{"not_picked":["Havoc+1","Twin Strike+1"],"picked":"Wild Strike+1","floor":28},{"not_picked":["Armaments+1","Clash"],"picked":"Power Through","floor":30},{"not_picked":["Offering","Combust"],"picked":"Infernal Blade","floor":31},{"not_picked":["Cleave","Hemokinesis"],"picked":"Headbutt+1","floor":32}],"player_experience":59515,"relics_obtained":[{"floor":7,"key":"Dream Catcher"},{"floor":9,"key":"War Paint"},{"floor":26,"key":"Omamori"},{"floor":29,"key":"Charon\u0027s Ashes"}],"event_choices":[{"event_name":"Purifier","player_choice":"Skipped","floor":2,"damage_taken":0},{"event_name":"The Woman in Blue","player_choice":"Bought 0 Potions","floor":3,"damage_taken":0},{"event_name":"Golden Idol","player_choice":"Take Damage","floor":4,"damage_taken":0},{"event_name":"Addict","player_choice":"Ignored","floor":22,"damage_taken":0},{"event_name":"Wheel of Change","player_choice":"Relic","floor":27,"damage_taken":0}],"boss_relics":[{"not_picked":["Runic Dome","Calling Bell"],"picked":"Black Star"}],"items_purged_floors":[],"is_endless":false,"potions_floor_spawned":[1,5,16,21,25,30],"killed_by":"Automaton","ascension_level":0}