{"path_per_floor":["M","?","?","M","$","E","R","E","T","M","R","T","R","E","R","B",null,"M","M","?","$","?","R","E","M","T","M","R","$","?","M","R","B",null,"M","?","?","?","T","R","M","$","T","E","R","M","?","E","R","B"],"character_chosen":"THE_SILENT","items_purchased":["Prepared","Noxious Fumes","Infinite Blades","Shuriken"],"gold_per_floor":[20,20,20,30,30,63,63,91,91,111,111,135,135,169,169,264,264,277,294,294,171,171,171,201,221,221,237,237,86,86,106,106,202,202,213,213,213,263,289,289,303,57,57,82,82,92,0,31,31,31],"floor_reached":51,"campfire_rested":7,"playtime":4721,"current_hp_per_floor":[63,63,68,67,67,33,55,27,27,27,49,49,71,65,65,29,64,54,44,44,44,44,66,68,55,55,57,57,57,57,59,84,47,76,74,74,63,38,45,72,74,74,74,66,66,60,60,61,88,56],"items_purged":["Survivor"],"gold":31,"score":918,"play_id":"3a8bf5d7-6096-4bf3-b625-29bd65a825be","local_time":"20180310094550","is_prod":false,"is_daily":false,"is_ascension_mode":true,"campfire_upgraded":3,"timestamp":1520703950,"path_taken":["M","?","?","M","?","E","R","E","T","M","R","?","R","E","R","BOSS","M","?","?","$","?","R","E","M","T","M","R","$","?","M","R","BOSS","M","?","?","?","?","R","?","$","T","E","R","M","?","E","R","BOSS"],"build_version":"2018-03-09","purchased_purges":1,"victory":true,"master_deck":["Defend_G+1","Defend_G+1","Defend_G+1","Defend_G+1","Strike_G+1","Strike_G+1","Strike_G+1","Strike_G+1","Strike_G+1","Neutralize+1","A Thousand Cuts+1","Prepared","Backflip","Tactician","Cloak And Dagger+1","Deflect","Burst+1","Backflip+1","Deflect+1","Prepared","Noxious Fumes","Expertise+1","Acrobatics","Prepared+1","Infinite Blades","Dagger Throw+1","A Thousand Cuts+1","Sucker Punch","Madness","Madness","Slice+1","Escape Plan","Flying Knee"],"max_hp_per_floor":[70,70,75,75,75,75,75,75,75,75,75,75,75,75,75,75,75,75,75,75,75,75,75,85,85,85,85,85,85,85,85,85,85,85,85,85,85,85,92,92,92,92,92,92,92,92,92,92,92,92],"relics":["Ring of the Snake","Paper Crane","Bag of Marbles","Bronze Scales","Blood Vial","Bag of Preparation","Sozu","Pear","Ornamental Fan","Black Star","Peace Pipe","Strawberry","Shuriken","Unceasing Top","Thread and Needle","Ice Cream","Red Mask","Dream Catcher","Oddly Smooth Stone"],"card_choices":[{"not_picked":["Wraith Form","Envenom"],"picked":"A Thousand Cuts"},{"not_picked":["Deadly Poison","Quick Slash"],"picked":"Prepared"},{"not_picked":["Escape Plan","Finisher"],"picked":"Backflip"},{"not_picked":["Underhanded Strike","Distraction"],"picked":"Tactician"},{"not_picked":["Poisoned Stab","Predator"],"picked":"Cloak And Dagger"},{"not_picked":["Accuracy","Outmaneuver"],"picked":"Deflect"},{"not_picked":["Corpse Explosion","Wraith Form"],"picked":"Burst"},{"not_picked":["Dodge and Roll","Terror"],"picked":"Backflip"},{"not_picked":["Underhanded Strike","Concentrate"],"picked":"Deflect"},{"not_picked":["Outmaneuver","Corpse Explosion"],"picked":"Expertise"},{"not_picked":["Deadly Poison","Heel Hook"],"picked":"Acrobatics"},{"not_picked":["Outmaneuver","Eviscerate"],"picked":"Prepared"},{"not_picked":["Bane","Sucker Punch"],"picked":"Dagger Throw"},{"not_picked":["Burst","Tactician"],"picked":"A Thousand Cuts"},{"not_picked":["Underhanded Strike","Bane"],"picked":"Sucker Punch"},{"not_picked":["Backflip","Setup"],"picked":"Slice"},{"not_picked":["Reflex","Outmaneuver"],"picked":"Escape Plan"},{"not_picked":["Dodge and Roll","Dagger Throw"],"picked":"Flying Knee"}],"player_experience":200840,"potions_floor_usage":[14,18,50],"damage_taken":[{"damage":0,"enemies":"2 Louse","floor":1,"turns":3},{"damage":1,"enemies":"Jaw Worm","floor":4,"turns":4},{"damage":34,"enemies":"Lagavulin","floor":6,"turns":8},{"damage":28,"enemies":"Gremlin Nob","floor":8,"turns":5},{"damage":0,"enemies":"Small Slimes","floor":10,"turns":3},{"damage":8,"enemies":"Lagavulin","floor":14,"turns":7},{"damage":38,"enemies":"Hexaghost","floor":16,"turns":10},{"damage":12,"enemies":"2 Thieves","floor":18,"turns":4},{"damage":12,"enemies":"Spheric Guardian","floor":19,"turns":4},{"damage":10,"enemies":"Gremlin Leader","floor":24,"turns":6},{"damage":15,"enemies":"Snecko","floor":25,"turns":6},{"damage":0,"enemies":"Chosen and Byrds","floor":27,"turns":6},{"damage":0,"enemies":"3 Cultists","floor":31,"turns":2},{"damage":38,"enemies":"Collector","floor":33,"turns":9},{"damage":4,"enemies":"Orb Walker","floor":35,"turns":4},{"damage":27,"enemies":"Mysterious Sphere","floor":38,"turns":5},{"damage":0,"enemies":"3 Darklings","floor":41,"turns":4},{"damage":10,"enemies":"2 Orb Walkers","floor":44,"turns":5},{"damage":8,"enemies":"4 Shapes","floor":46,"turns":3},{"damage":1,"enemies":"Giant Head","floor":48,"turns":7},{"damage":34,"enemies":"Time Eater","floor":50,"turns":11}],"event_choices":[{"event_name":"Living Wall","player_choice":"Grow","floor":2,"damage_taken":0},{"event_name":"Big Fish","player_choice":"Donut","floor":3,"damage_taken":0},{"event_name":"Back to Basics","player_choice":"Simplicity","floor":20,"damage_taken":0},{"event_name":"Upgrade Shrine","player_choice":"Upgraded","floor":22,"damage_taken":0},{"event_name":"Drug Dealer","player_choice":"Ignored","floor":30,"damage_taken":0},{"event_name":"Purifier","player_choice":"One Purge","floor":36,"damage_taken":0},{"event_name":"Winding Halls","player_choice":"Embrace Madness","floor":37,"damage_taken":0},{"event_name":"Mysterious Sphere","player_choice":"Fight","floor":38,"damage_taken":0},{"event_name":"Tomb of Lord Red Mask","player_choice":"Paid","floor":47,"damage_taken":0}],"boss_relics":[{"not_picked":["Astrolabe","Tiny House"],"picked":"Sozu"},{"not_picked":["Velvet Choker","White Beast Statue"],"picked":"Black Star"}],"potions_floor_spawned":[8,10,14,18,24,33,41,46],"seed_played":"6357703881082613331","ascension_level":6,"is_trial":false}