{"gold_per_floor":[168,243,259,184,200,231,231,263,308,308,56,81,106,119,119,214,214,226,226,226,239,258,258],"floor_reached":23,"playtime":1455,"items_purged":["Strike_B","Strike_B"],"score":276,"play_id":"da9fb7ad-4944-4921-94f8-99ddae452789","local_time":"20181027222850","is_ascension_mode":true,"campfire_choices":[{"data":"Ball Lightning","floor":7,"key":"SMITH"},{"floor":10,"key":"REST"},{"data":"Cold Snap","floor":15,"key":"SMITH"}],"neow_cost":"NONE","seed_source_timestamp":69881353990506,"circlet_count":0,"master_deck":["Strike_B","Defend_B","Defend_B","Defend_B","Defend_B","Zap+1","Dualcast","Reinforced Body","Ball Lightning","Conserve Battery","Cold Snap","Ball Lightning+1","Steam","Conserve Battery","Self Repair","Cold Snap+1","Conserve Battery","Hyperbeam","Sunder+1","Electrodynamics"],"relics":["Tiny House","Pear","Regal Pillow","Happy Flower","Juzu Bracelet","Odd Mushroom","Philosopher\u0027s Stone"],"potions_floor_usage":[16,23,23,23],"damage_taken":[{"damage":9,"enemies":"Jaw Worm","floor":1,"turns":4},{"damage":0,"enemies":"2 Louse","floor":3,"turns":2},{"damage":1,"enemies":"Small Slimes","floor":5,"turns":4},{"damage":31,"enemies":"Lagavulin","floor":6,"turns":6},{"damage":24,"enemies":"3 Sentries","floor":8,"turns":7},{"damage":6,"enemies":"Gremlin Nob","floor":12,"turns":5},{"damage":15,"enemies":"The Mushroom Lair","floor":13,"turns":4},{"damage":1,"enemies":"Exordium Thugs","floor":14,"turns":5},{"damage":14,"enemies":"Slime Boss","floor":16,"turns":9},{"damage":17,"enemies":"Shell Parasite","floor":18,"turns":6},{"damage":6,"enemies":"Spheric Guardian","floor":21,"turns":4},{"damage":54,"enemies":"3 Cultists","floor":22,"turns":6},{"damage":57,"enemies":"Book of Stabbing","floor":23,"turns":5}],"seed_played":"-3244335486821172654","potions_obtained":[{"floor":0,"key":"Weak Potion"},{"floor":1,"key":"Weak Potion"},{"floor":3,"key":"SteroidPotion"},{"floor":5,"key":"Energy Potion"},{"floor":12,"key":"Fire Potion"},{"floor":16,"key":"Regen Potion"}],"is_trial":false,"path_per_floor":["M","?","M","$","M","E","R","E","T","R","$","E","?","M","R","B",null,"M","?","?","M","M"],"character_chosen":"DEFECT","items_purchased":["Conserve Battery","Self Repair","Cold Snap"],"campfire_rested":1,"item_purchase_floors":[11,11,11],"current_hp_per_floor":[71,60,60,60,59,38,38,14,14,56,56,57,49,55,55,48,90,80,80,80,81,34,0],"gold":258,"neow_bonus":"BOSS_RELIC","is_prod":false,"is_daily":false,"chose_seed":false,"campfire_upgraded":2,"win_rate":0,"timestamp":1540697330,"path_taken":["M","?","M","?","M","E","R","E","T","R","$","E","?","M","R","BOSS","M","?","?","M","M","E"],"build_version":"2018-10-25v2","purchased_purges":2,"victory":false,"max_hp_per_floor":[80,80,80,80,80,90,90,90,90,90,90,90,90,90,90,90,90,90,90,90,90,90,90],"card_choices":[{"not_picked":["Redo","Turbo"],"picked":"Reinforced Body","floor":0},{"not_picked":["Conserve Battery","Stack"],"picked":"Ball Lightning","floor":1},{"not_picked":["Static Discharge","Redo"],"picked":"Conserve Battery","floor":3},{"not_picked":["Seek","Stack"],"picked":"Cold Snap","floor":5},{"not_picked":["Coolheaded","Sunder"],"picked":"Ball Lightning","floor":6},{"not_picked":["Ball Lightning","Go for the Eyes"],"picked":"Steam","floor":8},{"not_picked":["Beam Cell","Self Repair"],"picked":"Conserve Battery","floor":12},{"not_picked":["Lockon","Go for the Eyes"],"picked":"Hyperbeam","floor":14},{"not_picked":["Barrage","Gash+1","Turbo"],"picked":"SKIP","floor":18},{"not_picked":["Barrage","Undo"],"picked":"Sunder+1","floor":21},{"not_picked":["Beam Cell","Coolheaded"],"picked":"Electrodynamics","floor":22}],"player_experience":131254,"relics_obtained":[{"floor":6,"key":"Pear"},{"floor":8,"key":"Regal Pillow"},{"floor":9,"key":"Happy Flower"},{"floor":12,"key":"Juzu Bracelet"},{"floor":13,"key":"Odd Mushroom"}],"event_choices":[{"damage_healed":0,"gold_gain":75,"player_choice":"Gather Gold","damage_taken":11,"max_hp_gain":0,"max_hp_loss":0,"event_name":"World of Goop","floor":2,"gold_loss":0},{"damage_healed":0,"gold_gain":0,"player_choice":"Fought Mushrooms","damage_taken":0,"max_hp_gain":0,"max_hp_loss":0,"event_name":"Mushrooms","floor":13,"gold_loss":0},{"cards_removed":["Strike_B"],"damage_healed":0,"gold_gain":0,"player_choice":"Purged","damage_taken":0,"max_hp_gain":0,"max_hp_loss":0,"event_name":"Purifier","floor":19,"gold_loss":0},{"damage_healed":0,"gold_gain":0,"player_choice":"Bought 0 Potions","damage_taken":0,"max_hp_gain":0,"max_hp_loss":0,"event_name":"The Woman in Blue","floor":20,"gold_loss":0}],"is_beta":false,"boss_relics":[{"not_picked":["Velvet Choker","Astrolabe"],"picked":"Philosopher\u0027s Stone"}],"items_purged_floors":[4,11],"is_endless":false,"potions_floor_spawned":[1,3,5,12,16,18],"killed_by":"Book of Stabbing","ascension_level":4}