{"path_per_floor":["M","?","$","?","M","E","R","M","T","R","M","M","M","E","R","B",null,"M","?","?","M","M"],"character_chosen":"THE_SILENT","items_purchased":[],"gold_per_floor":[114,114,39,39,49,82,82,95,120,120,131,143,158,185,185,290,290,301,301,301,316,334,334],"floor_reached":23,"campfire_rested":2,"playtime":1441,"current_hp_per_floor":[69,69,69,69,69,42,65,65,65,65,63,63,63,56,77,35,77,77,77,61,61,59,0],"items_purged":["Regret"],"gold":334,"score":203,"play_id":"ef8d5b34-a3bb-4fcd-a6cb-e58fd0720493","local_time":"20180416142743","is_prod":false,"is_daily":false,"chose_seed":false,"is_ascension_mode":false,"campfire_upgraded":1,"timestamp":1523885263,"path_taken":["M","?","?","?","M","E","R","M","T","R","M","M","?","E","R","BOSS","M","?","?","M","M","E"],"build_version":"2018-04-12","seed_source_timestamp":5362472087634,"purchased_purges":1,"victory":false,"master_deck":["Defend_G","Defend_G","Defend_G","Defend_G","Defend_G","Strike_G","Strike_G","Strike_G","Strike_G","Strike_G","Survivor","Neutralize","Deflect","Flash of Steel+1","Flying Knee","Dagger Throw","Slice","Backflip","Cloak And Dagger","Quick Slash","Acrobatics","Cloak And Dagger","Leg Sweep","Cloak And Dagger"],"max_hp_per_floor":[70,70,70,70,70,77,77,77,77,77,77,77,77,77,77,77,77,77,77,77,77,77,77],"relics":["Ring of the Snake","Lantern","Letter Opener","Strawberry","Bag of Marbles","Smiling Mask","Cursed Key","Enchiridion"],"card_choices":[{"not_picked":["Skewer","Infinite Blades"],"picked":"Deflect","floor":1},{"not_picked":["Expertise","Well Laid Plans"],"picked":"Flying Knee","floor":5},{"not_picked":["Endless Agony","Dagger Spray"],"picked":"Dagger Throw","floor":6},{"not_picked":["Bouncing Flask","Reflex"],"picked":"Slice","floor":8},{"not_picked":["Slice","Deadly Poison"],"picked":"Backflip","floor":11},{"not_picked":["Finisher","Quick Slash"],"picked":"Cloak And Dagger","floor":12},{"not_picked":["Reflex","PiercingWail"],"picked":"Quick Slash","floor":13},{"not_picked":["Glass Knife","Underhanded Strike"],"picked":"Acrobatics","floor":14},{"not_picked":["Outmaneuver","Dagger Spray"],"picked":"Cloak And Dagger","floor":18},{"not_picked":["Eviscerate","Deflect"],"picked":"Leg Sweep","floor":21},{"not_picked":["Footwork","Caltrops"],"picked":"Cloak And Dagger","floor":22}],"player_experience":58262,"potions_floor_usage":[12,22,23,23],"damage_taken":[{"damage":1,"enemies":"Jaw Worm","floor":1,"turns":5},{"damage":0,"enemies":"2 Louse","floor":5,"turns":3},{"damage":34,"enemies":"Lagavulin","floor":6,"turns":9},{"damage":0,"enemies":"Small Slimes","floor":8,"turns":3},{"damage":2,"enemies":"Exordium Thugs","floor":11,"turns":3},{"damage":0,"enemies":"3 Louse","floor":12,"turns":1},{"damage":0,"enemies":"Gremlin Gang","floor":13,"turns":3},{"damage":7,"enemies":"Gremlin Nob","floor":14,"turns":3},{"damage":42,"enemies":"The Guardian","floor":16,"turns":14},{"damage":0,"enemies":"3 Byrds","floor":18,"turns":4},{"damage":0,"enemies":"2 Thieves","floor":21,"turns":3},{"damage":2,"enemies":"Centurion and Healer","floor":22,"turns":4},{"damage":63,"enemies":"Gremlin Leader","floor":23,"turns":13}],"event_choices":[{"event_name":"Big Fish","player_choice":"Box","floor":2,"damage_taken":0},{"event_name":"Match and Keep!","player_choice":"1 cards matched","floor":4,"damage_taken":0},{"event_name":"Vampires","player_choice":"Ignored","floor":19,"damage_taken":0},{"event_name":"Cursed Tome","player_choice":"Obtained Book","floor":20,"damage_taken":0}],"boss_relics":[{"not_picked":["Runic Pyramid","Runic Dome"],"picked":"Cursed Key"}],"potions_floor_spawned":[1,12,14,16,21],"seed_played":"411405064176429579","killed_by":"Gremlin Leader","ascension_level":0,"is_trial":false}