{"gold_per_floor":[114,114,125,141,141,141,154,154,202,245,245,281,300,324,324,417,455,445,204,224,239,239,239,282,282,361,361],"floor_reached":27,"playtime":1110,"items_purged":[],"score":425,"play_id":"e8def902-c173-435f-a432-e0a06bd0ba65","local_time":"20180712213725","is_ascension_mode":true,"campfire_choices":[{"floor":6.0,"key":"REST"},{"data":"Glass Knife","floor":8.0,"key":"SMITH"},{"floor":11.0,"key":"REST"},{"floor":15,"key":"REST"},{"floor":23,"key":"REST"},{"floor":25,"key":"REST"}],"neow_cost":"","seed_source_timestamp":0,"circlet_count":0,"master_deck":["Defend_G","Defend_G","Defend_G","Defend_G","Defend_G","Strike_G","Strike_G","Strike_G","Strike_G","Survivor","Neutralize","AscendersBane","Dagger Spray","Quick Slash","Escape Plan","Injury","Glass Knife+1","Flying Knee+1","Leg Sweep","Dagger Throw","A Thousand Cuts","Sucker Punch","Crippling Poison","Infinite Blades","Cloak And Dagger+1","Bullet Time","Backflip"],"special_seed":0,"relics":["Ring of the Snake","Pen Nib","Golden Idol","Ancient Tea Set","Bottled Lightning","Question Card","Tiny House","Lee\u0027s Waffle","Matryoshka","Blue Candle","Bottled Flame"],"potions_floor_usage":[16,21,21],"damage_taken":[{"damage":5.0,"enemies":"Jaw Worm","floor":1.0,"turns":7.0},{"damage":0.0,"enemies":"2 Louse","floor":3.0,"turns":2.0},{"damage":0.0,"enemies":"Small Slimes","floor":4.0,"turns":2.0},{"damage":0.0,"enemies":"Exordium Wildlife","floor":7.0,"turns":3.0},{"damage":14.0,"enemies":"Lagavulin","floor":10.0,"turns":6.0},{"damage":14.0,"enemies":"Gremlin Nob","floor":12.0,"turns":4.0},{"damage":1.0,"enemies":"2 Fungi Beasts","floor":13.0,"turns":3.0},{"damage":10.0,"enemies":"Exordium Thugs","floor":14.0,"turns":7.0},{"damage":20,"enemies":"Hexaghost","floor":16,"turns":9},{"damage":26,"enemies":"2 Thieves","floor":18,"turns":4},{"damage":0,"enemies":"Spheric Guardian","floor":20,"turns":2},{"damage":44,"enemies":"Slaver and Parasite","floor":21,"turns":6},{"damage":51,"enemies":"Book of Stabbing","floor":24,"turns":7},{"damage":30,"enemies":"Slavers","floor":27,"turns":3}],"seed_played":"4223840318507503247","potions_obtained":[{"floor":1.0,"key":"Weak Potion"},{"floor":3.0,"key":"Energy Potion"},{"floor":10.0,"key":"Weak Potion"},{"floor":14.0,"key":"FearPotion"},{"floor":16,"key":"Weak Potion"},{"floor":17,"key":"Weak Potion"}],"is_trial":false,"path_per_floor":["M","?","M","M","?","R","M","R","T","E","R","E","M","M","R","B",null,"M","$","M","M","?","R","E","R","T"],"character_chosen":"THE_SILENT","items_purchased":["Lee\u0027s Waffle","Infinite Blades"],"campfire_rested":5,"item_purchase_floors":[19,19],"current_hp_per_floor":[54,28,28,28,28,47,47,47,47,33,52,38,37,27,46,26,61,35,78,78,34,34,57,6,29,29,0],"gold":361,"neow_bonus":"","is_prod":false,"is_daily":false,"chose_seed":false,"campfire_upgraded":1,"win_rate":0,"timestamp":1531456645,"path_taken":["M","?","M","M","?","R","?","R","T","E","R","E","?","M","R","BOSS","M","$","M","?","?","R","E","R","T","E"],"build_version":"2018-07-12","purchased_purges":0,"victory":false,"max_hp_per_floor":[66,66,66,66,66,66,66,66,66,66,66,66,66,66,66,66,71,71,78,78,78,78,78,78,78,78,78],"card_choices":[{"not_picked":["Setup","PiercingWail"],"picked":"Dagger Spray","floor":1.0},{"not_picked":["Outmaneuver","Backflip"],"picked":"Quick Slash","floor":3.0},{"not_picked":["Noxious Fumes","Underhanded Strike"],"picked":"Escape Plan","floor":4.0},{"not_picked":["Backflip","Outmaneuver"],"picked":"Glass Knife","floor":7.0},{"not_picked":["Crippling Poison","Accuracy"],"picked":"Flying Knee","floor":10.0},{"not_picked":["Prepared","Poisoned Stab","Outmaneuver"],"picked":"SKIP","floor":12.0},{"not_picked":["Finisher","Slice","Catalyst"],"picked":"Leg Sweep","floor":13.0},{"not_picked":["Bane","Outmaneuver","Choke"],"picked":"Dagger Throw","floor":14.0},{"not_picked":["Doppelganger","Bullet Time","Wraith Form v2"],"picked":"A Thousand Cuts","floor":16},{"not_picked":["Bane","Caltrops","Slice"],"picked":"Sucker Punch","floor":17},{"not_picked":["Dagger Spray+1","Choke","Slice"],"picked":"Crippling Poison","floor":18},{"not_picked":["Outmaneuver","Acrobatics","Calculated Gamble"],"picked":"Cloak And Dagger+1","floor":20},{"not_picked":["Dash","Endless Agony","Sucker Punch"],"picked":"Bullet Time","floor":21},{"not_picked":["Calculated Gamble","Sucker Punch","Dagger Throw"],"picked":"Backflip","floor":24}],"player_experience":366953,"relics_obtained":[{"floor":9.0,"key":"Ancient Tea Set"},{"floor":10.0,"key":"Bottled Lightning"},{"floor":12.0,"key":"Question Card"},{"floor":24,"key":"Matryoshka"},{"floor":26,"key":"Blue Candle"},{"floor":26,"key":"Bottled Flame"}],"event_choices":[{"event_name":"Scrap Ooze","player_choice":"success","floor":2.0,"damage_taken":26.0},{"event_name":"Golden Idol","player_choice":"Take Wound","floor":5.0,"damage_taken":0.0},{"event_name":"Bonfire Elementals","player_choice":"BASIC","floor":22,"damage_taken":0}],"boss_relics":[{"not_picked":["Velvet Choker","Orrery"],"picked":"Tiny House"}],"items_purged_floors":[],"is_endless":false,"potions_floor_spawned":[1,3,10,14,16,21],"killed_by":"Slavers","ascension_level":15}