{"gold_per_floor":[111,111,36,55,66,66,81,97,97,111,142,67,67,101,101,175,175,188,199,199,211,126,126,140,40,65,65],"floor_reached":27,"playtime":1414,"items_purged":["Strike_B","Zap"],"score":439,"play_id":"c0e9aef9-1c38-47fa-afee-5e8745a1649d","local_time":"20181105121523","is_ascension_mode":true,"campfire_choices":[{"data":"Rip and Tear","floor":6,"key":"SMITH"},{"floor":13,"key":"REST"},{"data":"Streamline","floor":15,"key":"SMITH"},{"floor":23,"key":"REST"}],"neow_cost":"NONE","seed_source_timestamp":6899828740880,"circlet_count":0,"master_deck":["AscendersBane","Strike_B","Strike_B","Strike_B","Defend_B","Defend_B","Defend_B","Dualcast","Leap","Trip","Rip and Tear+1","Conserve Battery","Go for the Eyes","Streamline+1","Glacier","Melter","All For One","Steam","FTL"],"relics":["Cracked Core","Singing Bowl","Bag of Preparation","Pocketwatch","Black Star","Art of War","DataDisk"],"potions_floor_usage":[11,14,21,21,27],"damage_taken":[{"damage":2,"enemies":"Jaw Worm","floor":1,"turns":3},{"damage":0,"enemies":"2 Louse","floor":4,"turns":1},{"damage":13,"enemies":"Small Slimes","floor":5,"turns":2},{"damage":4,"enemies":"2 Fungi Beasts","floor":7,"turns":3},{"damage":10,"enemies":"Large Slime","floor":8,"turns":3},{"damage":3,"enemies":"Looter","floor":10,"turns":2},{"damage":6,"enemies":"Gremlin Nob","floor":11,"turns":3},{"damage":14,"enemies":"3 Sentries","floor":14,"turns":9},{"damage":14,"enemies":"The Guardian","floor":16,"turns":10},{"damage":0,"enemies":"Spheric Guardian","floor":18,"turns":1},{"damage":14,"enemies":"Shell Parasite","floor":19,"turns":4},{"damage":22,"enemies":"Shelled Parasite and Fungi","floor":21,"turns":6},{"damage":4,"enemies":"Snake Plant","floor":24,"turns":4},{"damage":46,"enemies":"Slavers","floor":27,"turns":3}],"seed_played":"3440598394372243746","potions_obtained":[{"floor":7,"key":"FearPotion"},{"floor":8,"key":"FocusPotion"},{"floor":11,"key":"Strength Potion"},{"floor":16,"key":"AttackPotion"},{"floor":24,"key":"PowerPotion"}],"is_trial":false,"path_per_floor":["M","?","?","M","M","R","M","M","T","M","E","$","R","E","R","B",null,"M","M","?","M","?","R","M","$","T","E"],"character_chosen":"DEFECT","items_purchased":[],"campfire_rested":2,"item_purchase_floors":[],"current_hp_per_floor":[62,62,62,62,49,49,45,35,35,32,28,28,49,35,35,21,60,60,48,48,26,26,48,46,46,46,0],"gold":65,"neow_bonus":"RANDOM_COLORLESS","is_prod":false,"is_daily":false,"chose_seed":false,"campfire_upgraded":2,"win_rate":0,"timestamp":1541416523,"path_taken":["M","?","?","M","M","R","M","M","T","M","E","?","R","E","R","BOSS","M","M","?","M","?","R","?","$","T","E"],"build_version":"2018-11-02","purchased_purges":2,"victory":false,"max_hp_per_floor":[71,71,71,71,71,71,71,71,71,71,73,73,73,73,73,73,73,73,75,75,75,75,75,77,77,77,77],"card_choices":[{"not_picked":["Reprogram","Double Energy"],"picked":"Leap","floor":1},{"not_picked":["Streamline","Beam Cell"],"picked":"Rip and Tear","floor":4},{"not_picked":["Steam Power","Beam Cell"],"picked":"Conserve Battery","floor":5},{"not_picked":["Undo","Consume"],"picked":"Go for the Eyes","floor":7},{"not_picked":["Turbo","Compile Driver"],"picked":"Streamline","floor":8},{"not_picked":["Rebound","Reinforced Body"],"picked":"Glacier","floor":10},{"not_picked":["Reboot","Barrage","Storm"],"picked":"Singing Bowl","floor":11},{"not_picked":["Genetic Algorithm","Cold Snap"],"picked":"Melter","floor":14},{"not_picked":["Reboot","Core Surge"],"picked":"All For One","floor":16},{"not_picked":["Beam Cell","Reinforced Body"],"picked":"Steam","floor":18},{"not_picked":["Double Energy","White Noise+1","Force Field"],"picked":"Singing Bowl","floor":19},{"not_picked":["Defragment","Gash"],"picked":"FTL","floor":21},{"not_picked":["BootSequence","Go for the Eyes","Cold Snap"],"picked":"Singing Bowl","floor":24}],"player_experience":311841,"relics_obtained":[{"floor":9,"key":"Singing Bowl"},{"floor":11,"key":"Bag of Preparation"},{"floor":14,"key":"Pocketwatch"},{"floor":26,"key":"DataDisk"}],"event_choices":[{"damage_healed":0,"gold_gain":0,"cards_transformed":["Forethought"],"player_choice":"Change","damage_taken":0,"max_hp_gain":0,"max_hp_loss":0,"event_name":"Living Wall","floor":2,"gold_loss":0,"cards_obtained":["Trip"]},{"cards_removed":["Defend_B"],"damage_healed":0,"gold_gain":0,"player_choice":"Card Removal","damage_taken":0,"max_hp_gain":0,"max_hp_loss":0,"event_name":"The Cleric","floor":3,"gold_loss":75},{"damage_healed":0,"gold_gain":0,"player_choice":"Ignored","damage_taken":0,"max_hp_gain":0,"max_hp_loss":0,"event_name":"Cursed Tome","floor":20,"gold_loss":0},{"damage_healed":0,"gold_gain":0,"player_choice":"Obtained Relic","damage_taken":0,"relics_obtained":["Art of War"],"max_hp_gain":0,"max_hp_loss":0,"event_name":"Addict","floor":22,"gold_loss":85}],"is_beta":true,"boss_relics":[{"not_picked":["Calling Bell","Philosopher\u0027s Stone"],"picked":"Black Star"}],"items_purged_floors":[12,25],"is_endless":false,"potions_floor_spawned":[7,8,11,16,24],"killed_by":"Slavers","ascension_level":19}