{"gold_per_floor":[11,11,27,38,38,38,63,74,74,74],"floor_reached":10,"playtime":550,"items_purged":[],"score":68,"play_id":"07aa2a49-6e34-46b8-9a9f-0d01ea3ef613","local_time":"20190212225105","is_ascension_mode":false,"campfire_choices":[{"data":"Neutralize","floor":6,"key":"SMITH"}],"neow_cost":"NO_GOLD","seed_source_timestamp":43007559856528,"circlet_count":0,"master_deck":["Defend_G","Defend_G","Defend_G","Defend_G","Defend_G","Strike_G","Strike_G","Strike_G","Strike_G","Strike_G","Survivor","Neutralize+1","Burst+1","All Out Attack","Blur"],"relics":["Ring of the Snake","Du-Vu Doll","Frozen Egg 2","Matryoshka"],"potions_floor_usage":[7],"damage_taken":[{"damage":0,"enemies":"Jaw Worm","floor":1,"turns":6},{"damage":5,"enemies":"Small Slimes","floor":3,"turns":4},{"damage":0,"enemies":"2 Louse","floor":4,"turns":3},{"damage":24,"enemies":"3 Sentries","floor":7,"turns":10},{"damage":2,"enemies":"Exordium Thugs","floor":8,"turns":5},{"damage":12,"enemies":"Large Slime","floor":10,"turns":6}],"seed_played":"-3700026910612656758","potions_obtained":[{"floor":4,"key":"GamblersBrew"},{"floor":8,"key":"GhostInAJar"}],"is_trial":false,"path_per_floor":["M","?","M","M","?","R","E","M","T","M"],"character_chosen":"THE_SILENT","items_purchased":[],"campfire_rested":0,"item_purchase_floors":[],"current_hp_per_floor":[70,70,65,65,32,32,8,6,6,0],"gold":74,"neow_bonus":"THREE_RARE_CARDS","is_prod":false,"is_daily":false,"chose_seed":false,"campfire_upgraded":1,"win_rate":0,"timestamp":1550029865,"path_taken":["M","?","M","M","?","R","E","M","T","M"],"build_version":"2019-01-23","purchased_purges":0,"victory":false,"max_hp_per_floor":[70,70,70,70,70,70,70,70,70,70],"card_choices":[{"not_picked":["Storm of Steel","Wraith Form v2"],"picked":"Burst","floor":0},{"not_picked":["Blade Dance","Skewer","Escape Plan"],"picked":"SKIP","floor":1},{"not_picked":["Choke","Blade Dance","Dash"],"picked":"SKIP","floor":3},{"not_picked":["Prepared","Acrobatics"],"picked":"All Out Attack","floor":4},{"not_picked":["Bane","Poisoned Stab","Grand Finale"],"picked":"SKIP","floor":7},{"not_picked":["Underhanded Strike","Bane"],"picked":"Blur","floor":8}],"player_experience":668008,"relics_obtained":[{"floor":7,"key":"Frozen Egg 2"},{"floor":9,"key":"Matryoshka"}],"event_choices":[{"damage_healed":0,"gold_gain":0,"player_choice":"Grow","damage_taken":0,"max_hp_gain":0,"max_hp_loss":0,"event_name":"Living Wall","floor":2,"gold_loss":0,"cards_upgraded":["Burst"]},{"damage_healed":0,"gold_gain":0,"player_choice":"Success","damage_taken":33,"relics_obtained":["Du-Vu Doll"],"max_hp_gain":0,"max_hp_loss":0,"event_name":"Scrap Ooze","floor":5,"gold_loss":0}],"is_beta":false,"boss_relics":[],"items_purged_floors":[],"is_endless":false,"potions_floor_spawned":[4,8],"killed_by":"Large Slime","ascension_level":0}