{"path_per_floor":["M","M","M","?","M","R","M","M","T","M","$","M","M","M","R","B",null,"M","$","M","?","$","R","E","M","T","M","?","R","M","M","R"],"character_chosen":"THE_SILENT","items_purchased":["Masterful Stab","Sucker Punch","Ninja Scroll","Accuracy","Block Potion"],"gold_per_floor":[110,128,146,146,164,164,178,191,267,291,123,146,165,189,189,309,309,328,47,60,60,12,12,43,58,110,134,134,134,149,173,173,173],"floor_reached":33,"campfire_rested":3,"playtime":2840,"current_hp_per_floor":[70,70,67,65,63,63,63,59,59,59,59,52,52,52,52,33,65,38,38,26,26,26,45,22,19,19,8,8,27,27,30,49,0],"items_purged":["Defend_G"],"gold":173,"score":267,"play_id":"6e98400a-6d77-40c2-8e2d-2a7944c551a2","local_time":"20180324235052","is_prod":false,"is_daily":false,"is_ascension_mode":false,"campfire_upgraded":2,"timestamp":1521931852,"path_taken":["M","M","M","?","M","R","M","M","T","?","$","M","M","M","R","BOSS","M","$","?","?","?","R","E","M","T","M","?","R","M","M","R","BOSS"],"build_version":"2018-03-22v2","purchased_purges":1,"victory":false,"master_deck":["Defend_G","Defend_G","Defend_G","Defend_G","Strike_G","Strike_G","Strike_G","Strike_G","Strike_G","Survivor","Neutralize","Venomology+1","Predator","Slice","Dagger Spray","Terror+1","Choke","Masterful Stab","Sucker Punch","Flying Knee","Infinite Blades+1","Sucker Punch","Unload","Endless Agony","Accuracy","Cloak And Dagger","Dash+1","Slice","Venomology+1","Slice+1","Accuracy","Predator"],"max_hp_per_floor":[70,70,70,65,65,65,65,65,65,65,65,65,65,65,65,65,65,65,65,65,65,65,65,65,65,65,65,65,65,65,65,65,65],"relics":["Ring of the Snake","Bag of Marbles","Golden Idol","Letter Opener","Black Star","Ninja Scroll","Oddly Smooth Stone","Snake Skull","Dream Catcher"],"card_choices":[{"not_picked":["Quick Slash","Cloak And Dagger"],"picked":"Venomology","floor":1.0},{"not_picked":["Dodge and Roll","Flying Knee"],"picked":"Predator","floor":2.0},{"not_picked":["Bane","Outmaneuver"],"picked":"Slice","floor":5.0},{"not_picked":["Dodge and Roll","Finisher"],"picked":"Dagger Spray","floor":7.0},{"not_picked":["Underhanded Strike","Doppelganger"],"picked":"Terror","floor":8.0},{"not_picked":["Quick Slash","Skewer"],"picked":"Choke","floor":10.0},{"not_picked":["Dagger Spray","Acrobatics"],"picked":"Flying Knee","floor":12.0},{"not_picked":["Riddle With Holes","Flying Knee"],"picked":"Infinite Blades","floor":13.0},{"not_picked":["Underhanded Strike","Poisoned Stab"],"picked":"Sucker Punch","floor":14.0},{"not_picked":["Venomology","Tools of the Trade"],"picked":"Unload","floor":16.0},{"not_picked":["Reflex","Finisher"],"picked":"Endless Agony","floor":18.0},{"not_picked":["Poisoned Stab","Leg Sweep"],"picked":"Cloak And Dagger","floor":20.0},{"not_picked":["Quick Slash","Burst"],"picked":"Dash","floor":24.0},{"not_picked":["Backflip","Caltrops"],"picked":"Slice","floor":25.0},{"not_picked":["Sucker Punch","Eviscerate"],"picked":"Slice","floor":29.0},{"not_picked":["Deflect","Terror"],"picked":"Accuracy","floor":31},{"not_picked":["Catalyst","All Out Attack"],"picked":"Predator","floor":32}],"player_experience":61247,"potions_floor_usage":[31,31,33,33,33],"damage_taken":[{"damage":0.0,"enemies":"Small Slimes","floor":1.0,"turns":4.0},{"damage":0.0,"enemies":"Cultist","floor":2.0,"turns":4.0},{"damage":3.0,"enemies":"2 Louse","floor":3.0,"turns":2.0},{"damage":2.0,"enemies":"Exordium Thugs","floor":5.0,"turns":5.0},{"damage":0.0,"enemies":"2 Fungi Beasts","floor":7.0,"turns":4.0},{"damage":4.0,"enemies":"Red Slaver","floor":8.0,"turns":3.0},{"damage":0.0,"enemies":"Looter","floor":10.0,"turns":2.0},{"damage":7.0,"enemies":"3 Louse","floor":12.0,"turns":3.0},{"damage":0.0,"enemies":"Exordium Thugs","floor":13.0,"turns":2.0},{"damage":0.0,"enemies":"Looter","floor":14.0,"turns":1.0},{"damage":19.0,"enemies":"Hexaghost","floor":16.0,"turns":6.0},{"damage":27.0,"enemies":"2 Thieves","floor":18.0,"turns":3.0},{"damage":12.0,"enemies":"Chosen","floor":20.0,"turns":3.0},{"damage":23.0,"enemies":"Slavers","floor":24.0,"turns":5.0},{"damage":3.0,"enemies":"3 Cultists","floor":25.0,"turns":5.0},{"damage":11.0,"enemies":"Snake Plant","floor":27.0,"turns":4.0},{"damage":0,"enemies":"Snecko","floor":30,"turns":4},{"damage":3,"enemies":"Centurion and Healer","floor":31,"turns":3},{"damage":53,"enemies":"Champ","floor":33,"turns":8}],"event_choices":[{"event_name":"Golden Idol","player_choice":"Lose Max HP","floor":4.0,"damage_taken":0.0},{"event_name":"Accursed Blacksmith","player_choice":"Forge","floor":21.0,"damage_taken":0.0},{"event_name":"Duplicator","player_choice":"One dupe","floor":28.0,"damage_taken":0.0}],"boss_relics":[],"potions_floor_spawned":[3,10,12,13,14,24,25,27],"seed_played":"1716715586451592867","killed_by":"Champ","ascension_level":0,"is_trial":false}