{"path_per_floor":["M","?","M","$","M","E","M","R","T","E","M","E","?","M","R","B",null,"M","T","$","T","M","R","M","R","T","M","R","E","M","?","R","B",null,"M","?","?","?","M","R","E","R","T","M","R","E","?"],"character_chosen":"DEFECT","items_purchased":["Runic Capacitor","Coolheaded"],"gold_per_floor":[115,115,126,51,71,105,118,118,188,253,267,300,300,313,313,412,412,412,412,165,165,165,165,165,165,165,165,165,165,165,165,165,165,165,165,165,165,165,165,165,165,165,165,165,165,165,165,165],"floor_reached":48,"campfire_rested":3,"playtime":2590,"item_purchase_floors":[],"current_hp_per_floor":[82,82,81,81,81,40,34,60,60,59,52,55,55,57,57,53,89,81,81,81,81,88,88,72,72,72,71,71,41,29,29,55,40,89,77,77,77,66,58,58,38,64,78,61,61,46,46,0],"items_purged":["Regret"],"gold":165,"score":604,"play_id":"9d413589-1c0f-4f94-a1ca-ba60f14db9d6","local_time":"20180523212625","is_prod":false,"is_daily":false,"chose_seed":false,"is_ascension_mode":true,"campfire_upgraded":6,"win_rate":0,"timestamp":1527135985,"campfire_choices":[{"floor":8.0,"key":"REST"},{"data":"Defragment","floor":15.0,"key":"SMITH"},{"data":"Machine Learning","floor":23.0,"key":"SMITH"},{"data":"Defragment","floor":25.0,"key":"SMITH"},{"data":"Rainbow","floor":28.0,"key":"SMITH"},{"floor":32,"key":"REST"},{"data":"Loop","floor":40,"key":"SMITH"},{"floor":42,"key":"REST"},{"data":"Go for the Eyes","floor":45,"key":"SMITH"}],"path_taken":["M","?","M","$","?","E","M","R","T","E","M","E","?","M","R","BOSS","M","?","?","?","M","R","M","R","T","?","R","E","M","?","R","BOSS","M","?","?","?","M","R","E","R","T","M","R","E","?","M"],"build_version":"2018-05-23","seed_source_timestamp":0,"purchased_purges":1,"victory":false,"master_deck":["Strike_B","Strike_B","Defend_B","Defend_B","Defend_B","Defend_B","Zap","Dualcast","Chaos","Go for the Eyes+1","Defragment+1","Tempest","Loop+1","Rainbow+1","Self Repair","Redo","Zap","Defragment+1","Machine Learning+1","Barrage+1","Coolheaded","Streamline","Ball Lightning+1","Defragment+1","Loop","Skim+1","Consume+1","Barrage","Core Surge","White Noise+1","Panache+1","Double Energy+1","Capacitor+1","Good Instincts","Madness","Madness","Go for the Eyes+1","Leap+1","Seek+1"],"max_hp_per_floor":[89,89,89,89,89,89,89,89,89,89,89,89,89,89,89,89,89,89,89,89,89,89,89,89,89,89,89,89,89,89,89,89,89,89,89,89,89,89,89,89,89,89,103,103,103,103,103,103],"relics":["Cracked Core","Torii","Symbiotic Virus","Tiny Chest","Emotion Chip","Ectoplasm","Shuriken","Runic Capacitor","Turnip","Pen Nib","Vajra","Astrolabe","Toxic Egg 2","Mango","Blood Vial"],"card_choices":[{"not_picked":["Axe Kick","Hello World"],"picked":"Chaos","floor":1.0},{"not_picked":["Hologram","Coolheaded"],"picked":"Go for the Eyes","floor":3.0},{"not_picked":["Barrage","Coolheaded"],"picked":"Defragment","floor":5.0},{"not_picked":["Loop","Redo"],"picked":"Tempest","floor":6.0},{"not_picked":["Redo","Barrage"],"picked":"Loop","floor":7.0},{"not_picked":["Rip and Tear","Barrage"],"picked":"Rainbow","floor":10.0},{"not_picked":["Fusion","Ball Lightning"],"picked":"Self Repair","floor":11.0},{"not_picked":["BootSequence","Cold Snap"],"picked":"Redo","floor":12.0},{"not_picked":["Rebound","BootSequence"],"picked":"Defragment","floor":14.0},{"not_picked":["Multi-Cast","Buffer"],"picked":"Machine Learning","floor":16.0},{"not_picked":["Stack","Rip and Tear"],"picked":"Barrage+1","floor":18.0},{"not_picked":["Redo","Steam+1"],"picked":"Streamline","floor":22.0},{"not_picked":["Axe Kick","White Noise"],"picked":"Ball Lightning+1","floor":24.0},{"not_picked":["Ball Lightning","Leap+1"],"picked":"Defragment+1","floor":27.0},{"not_picked":["Sunder","Compile Driver"],"picked":"Loop","floor":29.0},{"not_picked":["Streamline+1","Steam Power"],"picked":"Skim+1","floor":30.0},{"not_picked":["Meteor Strike","Buffer"],"picked":"Core Surge","floor":33},{"not_picked":["Genetic Algorithm","Heatsinks+1"],"picked":"Capacitor+1","floor":35},{"not_picked":["Madness","Deep Breath"],"picked":"Good Instincts","floor":37},{"not_picked":["Skim+1","Compile Driver","Axe Kick"],"picked":"SKIP","floor":39},{"not_picked":["Creative AI","Compile Driver+1"],"picked":"Go for the Eyes+1","floor":41},{"not_picked":["Redo+1","Auto Shields+1"],"picked":"Leap+1","floor":44},{"not_picked":["Meteor Strike","Chill+1"],"picked":"Seek+1","floor":46}],"player_experience":115186,"potions_floor_usage":[48,48],"damage_taken":[{"damage":7.0,"enemies":"Small Slimes","floor":1.0,"turns":4.0},{"damage":1.0,"enemies":"Cultist","floor":3.0,"turns":3.0},{"damage":0.0,"enemies":"2 Louse","floor":5.0,"turns":2.0},{"damage":41.0,"enemies":"3 Sentries","floor":6.0,"turns":7.0},{"damage":6.0,"enemies":"Gremlin Gang","floor":7.0,"turns":4.0},{"damage":1.0,"enemies":"Lagavulin","floor":10.0,"turns":4.0},{"damage":7.0,"enemies":"3 Louse","floor":11.0,"turns":3.0},{"damage":4.0,"enemies":"3 Sentries","floor":12.0,"turns":5.0},{"damage":5.0,"enemies":"Lots of Slimes","floor":14.0,"turns":3.0},{"damage":11.0,"enemies":"The Guardian","floor":16.0,"turns":7.0},{"damage":8.0,"enemies":"3 Byrds","floor":18.0,"turns":3.0},{"damage":0.0,"enemies":"Spheric Guardian","floor":22.0,"turns":3.0},{"damage":16.0,"enemies":"Cultist and Chosen","floor":24.0,"turns":4.0},{"damage":1.0,"enemies":"3 Cultists","floor":27.0,"turns":4.0},{"damage":37.0,"enemies":"Slavers","floor":29.0,"turns":4.0},{"damage":12.0,"enemies":"Chosen and Byrds","floor":30.0,"turns":4.0},{"damage":22,"enemies":"Automaton","floor":33,"turns":7},{"damage":19,"enemies":"3 Shapes","floor":35,"turns":3},{"damage":8,"enemies":"Orb Walker","floor":39,"turns":3},{"damage":27,"enemies":"Nemesis","floor":41,"turns":6},{"damage":17,"enemies":"Spire Growth","floor":44,"turns":3},{"damage":22,"enemies":"Giant Head","floor":46,"turns":7},{"damage":54,"enemies":"Flame Bruiser 2 Orb","floor":48,"turns":2}],"relics_obtained":[{"floor":6.0,"key":"Torii"},{"floor":9.0,"key":"Symbiotic Virus"},{"floor":10.0,"key":"Tiny Chest"},{"floor":12.0,"key":"Emotion Chip"},{"floor":19.0,"key":"Shuriken"},{"floor":21.0,"key":"Turnip"},{"floor":26.0,"key":"Pen Nib"},{"floor":29.0,"key":"Vajra"},{"floor":41,"key":"Toxic Egg 2"},{"floor":43,"key":"Mango"},{"floor":46,"key":"Blood Vial"}],"event_choices":[{"event_name":"The Woman in Blue","player_choice":"Bought 0 Potions","floor":2.0,"damage_taken":0.0},{"event_name":"Match and Keep!","player_choice":"2 cards matched","floor":13.0,"damage_taken":0.0},{"event_name":"Match and Keep!","player_choice":"2 cards matched","floor":31.0,"damage_taken":0.0},{"event_name":"Upgrade Shrine","player_choice":"Upgraded","floor":36,"damage_taken":0},{"event_name":"SensoryStone","player_choice":"Memory 1","floor":37,"damage_taken":0},{"event_name":"Winding Halls","player_choice":"Embrace Madness","floor":38,"damage_taken":0},{"event_name":"Mysterious Sphere","player_choice":"Ignore","floor":47,"damage_taken":0}],"boss_relics":[{"not_picked":["Pandora\u0027s Box","Runic Pyramid"],"picked":"Astrolabe"}],"items_purged_floors":[],"potions_floor_spawned":[3,5,12,16,18,22,30,41,44,46],"seed_played":"8909990582821242726","killed_by":"Flame Bruiser 2 Orb","ascension_level":1,"potions_obtained":[{"floor":3.0,"key":"SteroidPotion"},{"floor":5.0,"key":"EssenceOfSteel"},{"floor":12.0,"key":"AttackPotion"},{"floor":16.0,"key":"FearPotion"},{"floor":18.0,"key":"Ancient Potion"},{"floor":22.0,"key":"Energy Potion"},{"floor":30.0,"key":"LiquidBronze"},{"floor":41,"key":"GamblersBrew"},{"floor":44,"key":"SkillPotion"},{"floor":46,"key":"Energy Potion"}],"is_trial":false}