{"gold_per_floor":[118,134,200,200,219,219,254,32,32,32,55,72,57],"floor_reached":13,"playtime":2242,"items_purged":[],"score":83,"play_id":"5ab8338e-6e5b-4065-89fb-90456c78f279","local_time":"20190323190051","is_ascension_mode":false,"campfire_choices":[{"data":"Slimebound:LeadByExample","floor":6,"key":"SMITH"},{"data":"Slimebound:LevelUp","floor":10,"key":"SMITH"}],"neow_cost":"NONE","seed_source_timestamp":0,"circlet_count":0,"master_deck":["Slimebound:Strike_Slimebound","Slimebound:Strike_Slimebound","Slimebound:Strike_Slimebound","Slimebound:Tackle","Slimebound:Defend_Slimebound","Slimebound:Defend_Slimebound","Slimebound:Defend_Slimebound","Slimebound:Defend_Slimebound","Slimebound:Split","Slimebound:CorrosiveSpit","SuicideKing","Slimebound:Overexert","Slimebound:LeadByExample+1","Slimebound:LevelUp+1","Slimebound:GrowthPunch","Slimebound:MinionMaster","hubris:SlightOfHand"],"special_seed":0,"relics":["Slimebound:AbsorbEndCombat","HushsDoor","KeepersGift","Bottled Tornado","ReplayTheSpireMod:Lightbulb","SpikesRelics:DaevaFist","hubris:DisguiseKit","Odd Mushroom"],"potions_floor_usage":[12,13],"damage_taken":[{"damage":11.0,"enemies":"2 Louse","floor":1.0,"turns":4.0},{"damage":6.0,"enemies":"Small Slimes","floor":2.0,"turns":4.0},{"damage":4,"enemies":"Jaw Worm","floor":5,"turns":2},{"damage":20,"enemies":"Gremlin Nob","floor":7,"turns":3},{"damage":34,"enemies":"The Mushroom Lair","floor":11,"turns":6},{"damage":14,"enemies":"2 Fungi Beasts","floor":12,"turns":3},{"damage":5,"enemies":"Looter","floor":13,"turns":1}],"seed_played":"-2700830715260889674","potions_obtained":[{"floor":1.0,"key":"SteroidPotion"},{"floor":7,"key":"Doom Potion"},{"floor":11,"key":"Poison Potion"}],"is_trial":false,"path_per_floor":["M","M","?","T","M","R","E","$","T","R","?","M","M"],"character_chosen":"SLIMEBOUND","items_purchased":["SpikesRelics:DaevaFist","Slimebound:MinionMaster"],"campfire_rested":0,"item_purchase_floors":[8,8],"current_hp_per_floor":[65,65,65,65,64,64,47,47,47,47,16,2,0],"gold":57,"neow_bonus":"ONE_RANDOM_RARE_CARD","is_prod":false,"is_daily":false,"chose_seed":false,"campfire_upgraded":2,"win_rate":0,"timestamp":1553382051,"path_taken":["M","M","?","?","M","R","E","$","T","R","?","M","M"],"build_version":"2019-01-23","purchased_purges":0,"victory":false,"max_hp_per_floor":[70,70,70,70,70,70,70,70,70,70,70,70,70],"card_choices":[{"not_picked":[],"picked":"SuicideKing","floor":0.0},{"not_picked":["Slimebound:SplitLeeching","Slimebound:FinishingTackle"],"picked":"Bomb","floor":1.0},{"not_picked":["Slimebound:SlimeBarrage","Slimebound:GoopSpray"],"picked":"Slimebound:LeadByExample","floor":2},{"not_picked":["Slimebound:LeechLife","Slimebound:PoisonLick"],"picked":"Slimebound:LevelUp","floor":5},{"not_picked":["Slimebound:Repurpose","Slimebound:SplitBruiser"],"picked":"Slimebound:GrowthPunch","floor":7},{"not_picked":["Slimebound:ServeAndProtect","Slimebound:ComboTackle","Slimebound:SplitMire"],"picked":"hubris:SlightOfHand","floor":11},{"not_picked":["Slimebound:ComboTackle","Slimebound:FlameTackle","Slimebound:PressTheAttack","rat:BloodPact"],"picked":"SKIP","floor":12}],"player_experience":802512,"relics_obtained":[{"floor":4,"key":"Bottled Tornado"},{"floor":7,"key":"ReplayTheSpireMod:Lightbulb"},{"floor":9,"key":"hubris:DisguiseKit"},{"floor":11,"key":"Odd Mushroom"}],"event_choices":[{"damage_healed":0,"gold_gain":66,"player_choice":"Gained Gold","damage_taken":0,"max_hp_gain":0,"max_hp_loss":0,"event_name":"Golden Wing","floor":3,"gold_loss":0},{"damage_healed":0,"gold_gain":0,"player_choice":"Fought Mushrooms","damage_taken":0,"max_hp_gain":0,"max_hp_loss":0,"event_name":"Mushrooms","floor":11,"gold_loss":0}],"is_beta":false,"boss_relics":[],"items_purged_floors":[],"is_endless":false,"potions_floor_spawned":[1,7,11],"killed_by":"Looter","ascension_level":0}