{"gold_per_floor":[118,15,28,28,43,43,69,83,83,83,258,279,297,12,12,12],"floor_reached":16,"playtime":508,"items_purged":["Strike_B"],"score":135,"play_id":"bcc5e23c-8350-4bee-b219-2ee7129379a3","local_time":"20181213191631","is_ascension_mode":true,"campfire_choices":[{"data":"Double Energy","floor":6,"key":"SMITH"},{"data":"Gash","floor":10,"key":"SMITH"},{"floor":15,"key":"REST"}],"neow_cost":"NONE","seed_source_timestamp":43819101062012,"circlet_count":0,"master_deck":["Strike_B","Strike_B","Strike_B","Defend_B","Defend_B","Defend_B","Defend_B","Zap+1","Dualcast","Gash+1","Gash","Double Energy+1","Glacier","Amplify","Scrape","Doubt","Blizzard","Conserve Battery","Leap"],"relics":["Cracked Core","Orichalcum","Ginger","Bottled Flame","Odd Mushroom","Regal Pillow"],"potions_floor_usage":[7,8,16,16,16],"damage_taken":[{"damage":2,"enemies":"2 Louse","floor":1,"turns":2},{"damage":2,"enemies":"Small Slimes","floor":3,"turns":4},{"damage":9,"enemies":"Jaw Worm","floor":5,"turns":3},{"damage":17,"enemies":"Lagavulin","floor":7,"turns":5},{"damage":2,"enemies":"Large Slime","floor":8,"turns":7},{"damage":14,"enemies":"The Mushroom Lair","floor":12,"turns":5},{"damage":0,"enemies":"Looter","floor":13,"turns":3},{"damage":39,"enemies":"Hexaghost","floor":16,"turns":14}],"seed_played":"-69855034554850961","potions_obtained":[{"floor":5,"key":"Dexterity Potion"},{"floor":7,"key":"Regen Potion"},{"floor":12,"key":"Swift Potion"},{"floor":13,"key":"EssenceOfSteel"}],"is_trial":false,"path_per_floor":["M","$","M","?","M","R","E","M","T","R","?","?","M","$","R","B"],"character_chosen":"DEFECT","items_purchased":["Gash","PowerPotion","Regal Pillow","Leap"],"campfire_rested":1,"item_purchase_floors":[2,2,14,14],"current_hp_per_floor":[66,66,64,39,30,30,13,26,26,26,26,12,12,12,49,10],"gold":12,"neow_bonus":"UPGRADE_CARD","is_prod":false,"is_daily":false,"chose_seed":false,"campfire_upgraded":2,"win_rate":0,"timestamp":1544724991,"path_taken":["M","$","M","?","M","R","E","M","T","R","?","?","M","$","R","BOSS"],"build_version":"2018-12-06","purchased_purges":1,"victory":false,"max_hp_per_floor":[75,75,75,75,75,75,75,75,75,75,75,75,75,75,75,75],"card_choices":[{"not_picked":["Rebound","Go for the Eyes"],"picked":"Gash","floor":1},{"not_picked":["Barrage","Sweeping Beam"],"picked":"Double Energy","floor":3},{"not_picked":["Lockon","Rip and Tear"],"picked":"Glacier","floor":5},{"not_picked":["Coolheaded","Hello World"],"picked":"Amplify","floor":7},{"not_picked":["Conserve Battery","Stack"],"picked":"Scrape","floor":8},{"not_picked":["Skim","Lockon"],"picked":"Blizzard","floor":12},{"not_picked":["Hologram","Undo"],"picked":"Conserve Battery","floor":13}],"player_experience":444725,"relics_obtained":[{"floor":7,"key":"Ginger"},{"floor":9,"key":"Bottled Flame"},{"floor":12,"key":"Odd Mushroom"}],"event_choices":[{"damage_healed":0,"gold_gain":0,"player_choice":"Success","damage_taken":25,"relics_obtained":["Orichalcum"],"max_hp_gain":0,"max_hp_loss":0,"event_name":"Scrap Ooze","floor":4,"gold_loss":0},{"damage_healed":0,"gold_gain":175,"player_choice":"AGREE","damage_taken":0,"max_hp_gain":0,"max_hp_loss":0,"event_name":"Liars Game","floor":11,"gold_loss":0,"cards_obtained":["Doubt"]},{"damage_healed":0,"gold_gain":0,"player_choice":"Fought Mushrooms","damage_taken":0,"max_hp_gain":0,"max_hp_loss":0,"event_name":"Mushrooms","floor":12,"gold_loss":0}],"is_beta":false,"boss_relics":[],"items_purged_floors":[14],"is_endless":false,"potions_floor_spawned":[5,7,12,13],"killed_by":"Hexaghost","ascension_level":7}