{"gold_per_floor":[114,114,124,124,139,139,157,28,53,53,73,83,83,7,7,133,133,158,158,10,29,29,29,29,41,41,41,70,70,85,103,103,103],"floor_reached":33,"playtime":2332,"items_purged":[],"score":282,"play_id":"b1a4a018-2b96-4908-aa9d-f4377f4c9a88","local_time":"20180624024516","is_ascension_mode":false,"campfire_choices":[{"floor":6,"key":"REST"},{"data":"Leg Sweep","floor":10,"key":"SMITH"},{"data":"Bandage Up","floor":15,"key":"SMITH"},{"data":"Venomology","floor":23,"key":"SMITH"},{"floor":27,"key":"REST"},{"floor":32,"key":"REST"}],"neow_cost":"NONE","seed_source_timestamp":849521149343179,"circlet_count":0,"master_deck":["Defend_G","Defend_G","Defend_G","Defend_G","Defend_G","Strike_G","Strike_G","Strike_G","Strike_G","Strike_G","Survivor","Neutralize","Dodge and Roll","Leg Sweep+1","Caltrops","Sucker Punch","Bandage Up+1","Acrobatics","Bane","Flying Knee","Injury","Deflect","Dagger Throw","Venomology+1","Crippling Poison","Infinite Blades","Dodge and Roll","Bane","Poisoned Stab","Quick Slash+1","Deadly Poison","Neutralize","Pain","Masterful Stab","A Thousand Cuts","Sucker Punch"],"relics":["Ring of the Snake","Happy Flower","Oddly Smooth Stone","Bloody Idol","Runic Pyramid","Meat on the Bone","Gremlin Horn","Matryoshka"],"potions_floor_usage":[5,16,16,16,16,16,16,16,16,18,18,21,25,25,28,31,33,33,33],"damage_taken":[{"damage":0,"enemies":"Small Slimes","floor":1,"turns":4},{"damage":5,"enemies":"Cultist","floor":3,"turns":4},{"damage":0,"enemies":"Jaw Worm","floor":5,"turns":4},{"damage":10,"enemies":"2 Fungi Beasts","floor":7,"turns":6},{"damage":0,"enemies":"3 Louse","floor":11,"turns":5},{"damage":6,"enemies":"Blue Slaver","floor":12,"turns":5},{"damage":42,"enemies":"The Guardian","floor":16,"turns":17},{"damage":1,"enemies":"Chosen","floor":18,"turns":7},{"damage":1,"enemies":"Shell Parasite","floor":21,"turns":9},{"damage":29,"enemies":"Snecko","floor":25,"turns":7},{"damage":21,"enemies":"Book of Stabbing","floor":28,"turns":7},{"damage":31,"enemies":"Snake Plant","floor":30,"turns":5},{"damage":28,"enemies":"Sentry and Sphere","floor":31,"turns":8},{"damage":96,"enemies":"Automaton","floor":33,"turns":12}],"seed_played":"-5177992657461562170","potions_obtained":[{"floor":5,"key":"SkillPotion"},{"floor":16,"key":"SkillPotion"},{"floor":21,"key":"Energy Potion"},{"floor":28,"key":"GhostInAJar"},{"floor":31,"key":"LiquidBronze"}],"is_trial":false,"path_per_floor":["M","?","M","?","M","R","M","$","T","R","M","M","?","$","R","B",null,"M","?","$","M","?","R","T","M","T","R","E","?","M","M","R"],"character_chosen":"THE_SILENT","items_purchased":["Bandage Up","Acrobatics","Deflect","Dagger Throw","Infinite Blades","Dodge and Roll","Bane"],"campfire_rested":3,"item_purchase_floors":[8,8,14,14,20,20,20],"current_hp_per_floor":[70,70,65,58,58,70,60,60,60,60,64,62,62,62,62,26,70,70,70,70,69,69,69,69,46,46,67,56,56,48,43,64,0],"gold":103,"neow_bonus":"THREE_SMALL_POTIONS","is_prod":false,"is_daily":false,"chose_seed":false,"campfire_upgraded":3,"win_rate":0.0,"timestamp":1529801116,"path_taken":["M","?","M","?","M","R","M","?","T","R","?","M","?","$","R","BOSS","M","?","$","?","?","R","?","?","T","R","E","?","M","?","R","BOSS"],"build_version":"2018-06-21v2","purchased_purges":0,"victory":false,"max_hp_per_floor":[70,70,70,70,70,70,70,70,70,70,70,70,70,70,70,70,70,70,70,70,70,70,70,70,70,70,70,70,70,70,70,70,70],"card_choices":[{"not_picked":["Poisoned Stab","Caltrops"],"picked":"Dodge and Roll","floor":1},{"not_picked":["Dodge and Roll","Dagger Spray"],"picked":"Leg Sweep","floor":3},{"not_picked":["Dodge and Roll","Acrobatics"],"picked":"Caltrops","floor":5},{"not_picked":["PiercingWail","Dagger Spray"],"picked":"Sucker Punch","floor":7},{"not_picked":["Acrobatics","Deflect"],"picked":"Bane","floor":11},{"not_picked":["Escape Plan","A Thousand Cuts"],"picked":"Flying Knee","floor":12},{"not_picked":["Bullet Time","Phantasmal Killer"],"picked":"Venomology","floor":16},{"not_picked":["Dash","Malaise"],"picked":"Crippling Poison","floor":18},{"not_picked":["Slice","Outmaneuver"],"picked":"Poisoned Stab","floor":21},{"not_picked":["Deflect","Acrobatics+1"],"picked":"Quick Slash+1","floor":25},{"not_picked":["Escape Plan","Calculated Gamble+1"],"picked":"Deadly Poison","floor":28},{"not_picked":["Footwork","Sucker Punch+1"],"picked":"A Thousand Cuts","floor":30},{"not_picked":["Dagger Spray+1","Calculated Gamble"],"picked":"Sucker Punch","floor":31}],"player_experience":13160,"relics_obtained":[{"floor":9,"key":"Oddly Smooth Stone"},{"floor":24,"key":"Meat on the Bone"},{"floor":26,"key":"Gremlin Horn"},{"floor":28,"key":"Matryoshka"}],"event_choices":[{"event_name":"The Woman in Blue","player_choice":"Bought 0 Potions","floor":2,"damage_taken":0},{"event_name":"Scrap Ooze","player_choice":"success","floor":4,"damage_taken":7},{"event_name":"Golden Idol","player_choice":"Take Wound","floor":13,"damage_taken":0},{"event_name":"Ghosts","player_choice":"Ignored","floor":19,"damage_taken":0},{"event_name":"Forgotten Altar","player_choice":"Gave Idol","floor":22,"damage_taken":0},{"event_name":"Match and Keep!","player_choice":"3 cards matched","floor":29,"damage_taken":0}],"boss_relics":[{"not_picked":["Cursed Key","Velvet Choker"],"picked":"Runic Pyramid"}],"items_purged_floors":[],"is_endless":false,"potions_floor_spawned":[1,5,12,16,21,28,31],"killed_by":"Automaton","ascension_level":0}