{"gold_per_floor":[116,134,134,134,37,37,51,81,81,81,46,46,46,66,66,168,168,184,203,216,216,216,216,227,227,227,254,16,16,16,16,16,111,111,121,121,5,18,34,34,88,188,188,188,241,269,286,300,300,300,300,300,15,50,50],"floor_reached":55,"playtime":2993,"items_purged":["Pain"],"score":711,"play_id":"a32a39f6-a5f0-4608-99d6-0e438462e880","local_time":"20190209233001","is_ascension_mode":false,"campfire_choices":[{"data":"Coolheaded","floor":6,"key":"SMITH"},{"data":"Coolheaded","floor":13,"key":"SMITH"},{"floor":15,"key":"REST"},{"data":"Zap","floor":23,"key":"SMITH"},{"data":"Dualcast","floor":25,"key":"SMITH"},{"data":"White Noise","floor":29,"key":"SMITH"},{"data":"All For One","floor":32,"key":"SMITH"},{"data":"Glacier","floor":40,"key":"SMITH"},{"floor":44,"key":"RECALL"},{"data":"Leap","floor":49,"key":"SMITH"},{"data":"Bite","floor":52,"key":"SMITH"}],"neow_cost":"NONE","seed_source_timestamp":27565387929044,"circlet_count":0,"master_deck":["Defend_B+1","Defend_B+1","Zap+1","Dualcast+1","Coolheaded+1","Coolheaded+1","Leap+1","Defragment+1","Glacier+1","Biased Cognition+1","Chill+1","Bite+1","Bite","Bite+1","Bite+1","Bite","All For One+1","White Noise+1","Heatsinks+1","Electrodynamics+1","Defragment+1","White Noise+1","Turbo+1","Coolheaded+1","Hologram","Conserve Battery+1"],"relics":["Cracked Core","Singing Bowl","WarpedTongs","WingedGreaves","Frozen Egg 2","Question Card","Empty Cage","Centennial Puzzle","Happy Flower","Dead Branch","Black Star","DataDisk","Du-Vu Doll","Pantograph","Peace Pipe","War Paint","Bag of Preparation","Whetstone","Vajra","Torii"],"potions_floor_usage":[16,20,24,38,42,45,50,50,55],"damage_taken":[{"damage":3,"enemies":"Small Slimes","floor":1,"turns":4},{"damage":1,"enemies":"2 Louse","floor":2,"turns":3},{"damage":4,"enemies":"Cultist","floor":7,"turns":5},{"damage":40,"enemies":"Lagavulin","floor":8,"turns":10},{"damage":11,"enemies":"Exordium Wildlife","floor":14,"turns":6},{"damage":7,"enemies":"The Guardian","floor":16,"turns":17},{"damage":0,"enemies":"Spheric Guardian","floor":18,"turns":6},{"damage":29,"enemies":"3 Byrds","floor":19,"turns":5},{"damage":0,"enemies":"Snecko","floor":20,"turns":7},{"damage":20,"enemies":"Cultist and Chosen","floor":24,"turns":11},{"damage":28,"enemies":"Book of Stabbing","floor":27,"turns":9},{"damage":2,"enemies":"Champ","floor":33,"turns":15},{"damage":0,"enemies":"3 Shapes","floor":35,"turns":4},{"damage":7,"enemies":"3 Darklings","floor":38,"turns":2},{"damage":0,"enemies":"Sphere and 2 Shapes","floor":39,"turns":4},{"damage":0,"enemies":"Mind Bloom Boss Battle","floor":42,"turns":4},{"damage":31,"enemies":"2 Orb Walkers","floor":45,"turns":4},{"damage":48,"enemies":"Nemesis","floor":46,"turns":13},{"damage":12,"enemies":"Writhing Mass","floor":47,"turns":6},{"damage":0,"enemies":"Spire Growth","floor":48,"turns":4},{"damage":6,"enemies":"Donu and Deca","floor":50,"turns":6},{"damage":34,"enemies":"Shield and Spear","floor":54,"turns":7},{"damage":96,"enemies":"The Heart","floor":55,"turns":10}],"seed_played":"-75715365075757974","potions_obtained":[{"floor":1,"key":"LiquidBronze"},{"floor":14,"key":"Energy Potion"},{"floor":19,"key":"Swift Potion"},{"floor":20,"key":"SpeedPotion"},{"floor":33,"key":"SkillPotion"},{"floor":35,"key":"AttackPotion"},{"floor":39,"key":"Ancient Potion"},{"floor":48,"key":"FocusPotion"}],"is_trial":false,"path_per_floor":["M","M","?","?","$","R","M","E","T","?","$","?","R","M","R","B",null,"M","M","M","?","?","R","M","R","T","E","$","R","?","T","R","B",null,"M","?","$","M","M","R","T","?","T","R","?","E","M","M","R","B",null,"R","$","E","B"],"character_chosen":"DEFECT","items_purchased":["Leap","Defragment+1","Happy Flower","Heatsinks+1","Defragment+1","FocusPotion","Whetstone","Hologram","FocusPotion"],"campfire_rested":1,"item_purchase_floors":[5,11,28,28,37,37,53,53,53],"current_hp_per_floor":[72,71,71,71,71,71,69,31,31,31,31,31,31,20,43,36,79,81,54,54,54,54,54,58,58,58,47,47,47,37,37,37,62,67,69,69,69,64,69,69,69,71,71,71,45,37,50,61,61,77,77,77,77,52,0],"gold":50,"neow_bonus":"RANDOM_COLORLESS","is_prod":false,"is_daily":false,"chose_seed":false,"campfire_upgraded":9,"win_rate":0,"timestamp":1549773001,"path_taken":["M","M","?","?","$","R","?","E","T","?","$","?","R","M","R","BOSS","M","M","M","?","?","R","?","R","T","E","$","R","?","?","R","BOSS","M","?","?","?","M","R","?","?","T","R","?","E","M","M","R","BOSS","R","$","E","BOSS"],"build_version":"2019-01-23","purchased_purges":1,"victory":false,"max_hp_per_floor":[75,75,75,75,75,75,77,79,79,79,79,79,79,79,79,79,79,81,83,83,58,58,58,60,60,60,60,60,60,65,65,65,67,67,69,69,69,71,71,71,71,71,71,71,73,73,75,77,77,77,77,77,77,77,77],"card_choices":[{"not_picked":["Go for the Eyes","Sweeping Beam"],"picked":"Coolheaded","floor":1},{"not_picked":["Compile Driver","Go for the Eyes"],"picked":"Coolheaded","floor":2},{"not_picked":["Leap","Go for the Eyes","Barrage"],"picked":"Singing Bowl","floor":7},{"not_picked":["Compile Driver","Rebound","Meteor Strike"],"picked":"Singing Bowl","floor":8},{"not_picked":["Stack","Steam Power","BootSequence"],"picked":"Glacier","floor":14},{"not_picked":["Echo Form+1","Multi-Cast","Rainbow"],"picked":"Biased Cognition+1","floor":16},{"not_picked":["Blizzard","Rebound","Reprogram","Streamline"],"picked":"Singing Bowl","floor":18},{"not_picked":["Compile Driver","Recycle","Barrage","Skim+1"],"picked":"Singing Bowl","floor":19},{"not_picked":["Tempest+1","Beam Cell","Stack"],"picked":"Chill+1","floor":20},{"not_picked":["Aggregate","Rebound+1","Ball Lightning","FTL"],"picked":"Singing Bowl","floor":24},{"not_picked":["Steam","Force Field","Storm+1"],"picked":"White Noise","floor":27},{"not_picked":["Multi-Cast","Thunder Strike","Amplify","Machine Learning+1"],"picked":"Singing Bowl","floor":33},{"not_picked":["Reinforced Body","Streamline","Conserve Battery","Coolheaded"],"picked":"Singing Bowl","floor":35},{"not_picked":["Redo+1","Streamline+1","Meteor Strike","Blizzard"],"picked":"Singing Bowl","floor":38},{"not_picked":["Stack","Ball Lightning","FTL+1"],"picked":"White Noise+1","floor":39},{"not_picked":["Stack","Reinforced Body","Self Repair+1"],"picked":"Turbo+1","floor":42},{"not_picked":["Consume","Melter","Chaos+1","Glacier"],"picked":"Singing Bowl","floor":45},{"not_picked":["Beam Cell","Leap","Fusion"],"picked":"Coolheaded+1","floor":46},{"not_picked":["Compile Driver+1","Fusion","Hologram","Streamline+1"],"picked":"Singing Bowl","floor":47},{"not_picked":["Sweeping Beam+1","Consume+1","Skim+1","Streamline"],"picked":"Singing Bowl","floor":48},{"not_picked":["Stack+1","Leap+1","Ball Lightning+1"],"picked":"Conserve Battery+1","floor":54}],"player_experience":647435,"relics_obtained":[{"floor":8,"key":"WingedGreaves"},{"floor":9,"key":"Frozen Egg 2"},{"floor":27,"key":"Centennial Puzzle"},{"floor":31,"key":"Dead Branch"},{"floor":41,"key":"DataDisk"},{"floor":42,"key":"Du-Vu Doll"},{"floor":43,"key":"Pantograph"},{"floor":45,"key":"Peace Pipe"},{"floor":46,"key":"War Paint"},{"floor":46,"key":"Bag of Preparation"},{"floor":54,"key":"Vajra"},{"floor":54,"key":"Torii"}],"event_choices":[{"damage_healed":0,"gold_gain":0,"player_choice":"Box","damage_taken":0,"relics_obtained":["Singing Bowl"],"max_hp_gain":0,"max_hp_loss":0,"event_name":"Big Fish","floor":3,"gold_loss":0,"cards_obtained":["Regret"]},{"damage_healed":0,"gold_gain":0,"player_choice":"Rummage","damage_taken":0,"relics_obtained":["WarpedTongs"],"max_hp_gain":0,"max_hp_loss":0,"event_name":"Accursed Blacksmith","floor":4,"gold_loss":0,"cards_obtained":["Pain"]},{"damage_healed":0,"gold_gain":0,"player_choice":"Searched \u00270\u0027 times","damage_taken":0,"max_hp_gain":0,"max_hp_loss":0,"event_name":"Dead Adventurer","floor":10,"gold_loss":0},{"damage_healed":0,"gold_gain":0,"player_choice":"Gave Potion","damage_taken":0,"relics_obtained":["Question Card"],"max_hp_gain":0,"max_hp_loss":0,"event_name":"WeMeetAgain","floor":12,"gold_loss":0},{"damage_healed":0,"gold_gain":0,"player_choice":"Became a vampire","damage_taken":0,"max_hp_gain":0,"max_hp_loss":25,"event_name":"Vampires","floor":21,"gold_loss":0,"cards_obtained":["Bite","Bite","Bite","Bite","Bite"]},{"damage_healed":0,"gold_gain":0,"cards_transformed":["Defend_B"],"player_choice":"Transformed","damage_taken":0,"max_hp_gain":0,"max_hp_loss":0,"event_name":"Transmorgrifier","floor":22,"gold_loss":0,"cards_obtained":["All For One"]},{"damage_healed":0,"gold_gain":0,"player_choice":"Shed Blood","damage_taken":15,"max_hp_gain":5,"max_hp_loss":0,"event_name":"Forgotten Altar","floor":30,"gold_loss":0},{"damage_healed":0,"gold_gain":0,"cards_transformed":["Defend_B"],"player_choice":"Transformed","damage_taken":0,"max_hp_gain":0,"max_hp_loss":0,"event_name":"Transmorgrifier","floor":36,"gold_loss":0,"cards_obtained":["Electrodynamics"]},{"damage_healed":0,"gold_gain":0,"player_choice":"Fight","damage_taken":0,"max_hp_gain":0,"max_hp_loss":0,"event_name":"MindBloom","floor":42,"gold_loss":0},{"damage_healed":0,"gold_gain":0,"player_choice":"Fight","damage_taken":0,"max_hp_gain":0,"max_hp_loss":0,"event_name":"Mysterious Sphere","floor":45,"gold_loss":0}],"is_beta":false,"boss_relics":[{"not_picked":["Orrery","Runic Dome"],"picked":"Empty Cage"},{"not_picked":["Eternal Feather","Runic Pyramid"],"picked":"Black Star"}],"items_purged_floors":[5],"is_endless":false,"potions_floor_spawned":[1,14,19,20,33,35,39,48],"killed_by":"The Heart","ascension_level":0}