{"gold_per_floor":[111,111,131,146,96,96,123,123,123,148,48,48,148,148,148,249,249,268,268,284,95,95,95,120,120,120,135,147,165,165,165,165,261,261,280,280,298,298,313,313,345,345,345,345,361,38,38,57,57,57],"floor_reached":51,"playtime":2022,"items_purged":["Strike_G","Strike_G","Venomology"],"score":1019,"play_id":"f18b2c06-63a9-430d-82b8-90130fcdafb9","local_time":"20181009172247","is_ascension_mode":true,"campfire_choices":[{"data":"Neutralize","floor":6,"key":"SMITH"},{"floor":8,"key":"REST"},{"data":"Cloak And Dagger","floor":12,"key":"SMITH"},{"data":"Infinite Blades","floor":15,"key":"SMITH"},{"data":"After Image","floor":23,"key":"SMITH"},{"data":"Cloak And Dagger","floor":25,"key":"SMITH"},{"data":"Burst","floor":30,"key":"SMITH"},{"data":"Cloak And Dagger","floor":32,"key":"SMITH"},{"data":"Terror","floor":40,"key":"SMITH"},{"data":"Accuracy","floor":42,"key":"SMITH"},{"data":"Infinite Blades","floor":47,"key":"SMITH"},{"data":"Cloak And Dagger","floor":49,"key":"SMITH"}],"neow_cost":"NONE","seed_source_timestamp":14334970185390,"circlet_count":0,"master_deck":["Defend_G","Defend_G","Defend_G","Survivor","Neutralize+1","Flying Knee+1","Infinite Blades+1","Dagger Spray","Cloak And Dagger+1","Cloak And Dagger+1","After Image+1","Blade Dance+1","Backflip+1","Accuracy+1","Cloak And Dagger+1","Endless Agony+1","Finisher+1","Blade Dance+1","Burst+1","Riddle With Holes+1","Escape Plan","Malaise","Backflip+1","Dark Shackles","Terror+1","Finisher+1","Infinite Blades+1","Cloak And Dagger+1","Footwork+1"],"relics":["Ring of the Snake","Mummified Hand","Darkstone Periapt","Sundial","WristBlade","Centennial Puzzle","Molten Egg 2","Lizard Tail","Mercury Hourglass","Dodecahedron","Whetstone"],"potions_floor_usage":[7,7,10,10,18,24,28,33,50,50],"damage_taken":[{"damage":7,"enemies":"Small Slimes","floor":1,"turns":6},{"damage":7,"enemies":"Cultist","floor":3,"turns":5},{"damage":7,"enemies":"2 Louse","floor":4,"turns":3},{"damage":30,"enemies":"3 Sentries","floor":7,"turns":6},{"damage":21,"enemies":"Gremlin Nob","floor":10,"turns":4},{"damage":13,"enemies":"The Guardian","floor":16,"turns":16},{"damage":0,"enemies":"3 Byrds","floor":18,"turns":4},{"damage":0,"enemies":"Spheric Guardian","floor":20,"turns":3},{"damage":14,"enemies":"Gremlin Leader","floor":24,"turns":6},{"damage":0,"enemies":"Centurion and Healer","floor":27,"turns":4},{"damage":0,"enemies":"Shelled Parasite and Fungi","floor":28,"turns":4},{"damage":0,"enemies":"3 Cultists","floor":29,"turns":4},{"damage":14,"enemies":"Champ","floor":33,"turns":8},{"damage":13,"enemies":"3 Darklings","floor":35,"turns":3},{"damage":0,"enemies":"Orb Walker","floor":37,"turns":2},{"damage":0,"enemies":"4 Shapes","floor":39,"turns":5},{"damage":3,"enemies":"Giant Head","floor":41,"turns":3},{"damage":0,"enemies":"Reptomancer","floor":45,"turns":3},{"damage":0,"enemies":"Spire Growth","floor":48,"turns":3},{"damage":4,"enemies":"Awakened One","floor":50,"turns":8}],"seed_played":"-313023612823986358","potions_obtained":[{"floor":16,"key":"GamblersBrew"},{"floor":18,"key":"SmokeBomb"},{"floor":37,"key":"Dexterity Potion"},{"floor":41,"key":"AttackPotion"}],"is_trial":false,"path_per_floor":["M","?","M","M","?","R","E","R","T","E","$","R","?","?","R","B",null,"M","?","M","$","?","R","E","R","T","M","M","M","R","?","R","B",null,"M","?","M","?","M","R","E","R","T","?","M","$","R","M","R","B"],"character_chosen":"THE_SILENT","items_purchased":["Cloak And Dagger","Accuracy","Cloak And Dagger","Whetstone","Cloak And Dagger"],"campfire_rested":1,"item_purchase_floors":[11,21,21,46,46],"current_hp_per_floor":[56,56,49,42,42,42,12,33,33,12,12,12,12,35,35,22,58,58,58,58,58,58,58,44,44,44,44,44,44,44,44,44,30,60,47,47,47,47,47,47,44,44,44,44,44,44,44,44,44,40],"gold":57,"neow_bonus":"ONE_RANDOM_RARE_CARD","is_prod":false,"is_daily":false,"chose_seed":false,"campfire_upgraded":11,"win_rate":0,"timestamp":1539098567,"path_taken":["M","?","?","M","?","R","E","R","T","E","?","R","?","?","R","BOSS","M","?","?","?","?","R","E","R","T","M","M","M","R","?","R","BOSS","M","?","M","?","M","R","E","R","T","?","M","$","R","M","R","BOSS"],"build_version":"2018-10-08","purchased_purges":3,"victory":true,"max_hp_per_floor":[70,70,70,70,70,70,70,70,70,70,70,70,70,70,70,70,70,70,70,70,70,70,70,70,70,70,70,70,70,70,70,70,70,70,70,70,70,70,70,70,70,70,70,70,70,70,70,70,70,70],"card_choices":[{"not_picked":["Poisoned Stab","Deflect"],"picked":"Flying Knee","floor":1},{"not_picked":["Caltrops","Acrobatics"],"picked":"Infinite Blades","floor":3},{"not_picked":["Bane","Dodge and Roll"],"picked":"Dagger Spray","floor":4},{"not_picked":["Eviscerate","Escape Plan"],"picked":"Cloak And Dagger","floor":7},{"not_picked":["Outmaneuver","Deadly Poison","Acrobatics"],"picked":"SKIP","floor":10},{"not_picked":["Bullet Time","Wraith Form v2"],"picked":"After Image","floor":16},{"not_picked":["Slice+1","Escape Plan"],"picked":"Blade Dance+1","floor":18},{"not_picked":["Eviscerate","Dagger Throw+1"],"picked":"Backflip+1","floor":20},{"not_picked":["Choke+1","Deflect+1"],"picked":"Finisher","floor":24},{"not_picked":["Bane+1","Dodge and Roll+1"],"picked":"Blade Dance+1","floor":27},{"not_picked":["Deflect","Acrobatics"],"picked":"Burst","floor":28},{"not_picked":["Poisoned Stab+1","Dagger Spray+1","Dash+1"],"picked":"SKIP","floor":29},{"not_picked":["Phantasmal Killer","Doppelganger"],"picked":"Malaise","floor":33},{"not_picked":["Blur","Dodge and Roll"],"picked":"Backflip+1","floor":35},{"not_picked":["Enlightenment","Swift Strike+1"],"picked":"Dark Shackles","floor":36},{"not_picked":["Noxious Fumes+1","Deadly Poison+1"],"picked":"Terror","floor":37},{"not_picked":["Skewer+1","Dagger Spray+1"],"picked":"Finisher+1","floor":39},{"not_picked":["Poisoned Stab+1","Quick Slash+1","Night Terror"],"picked":"SKIP","floor":41},{"not_picked":["Slice+1","Sucker Punch+1"],"picked":"Infinite Blades","floor":45},{"not_picked":["Flying Knee+1","Quick Slash+1"],"picked":"Footwork+1","floor":48}],"player_experience":197680,"relics_obtained":[{"floor":7,"key":"Mummified Hand"},{"floor":9,"key":"Darkstone Periapt"},{"floor":10,"key":"Sundial"},{"floor":24,"key":"Centennial Puzzle"},{"floor":26,"key":"Molten Egg 2"},{"floor":41,"key":"Mercury Hourglass"},{"floor":43,"key":"Dodecahedron"}],"event_choices":[{"event_name":"Purifier","player_choice":"One Purge","floor":2,"damage_taken":0},{"event_name":"The Cleric","player_choice":"Card Removal","floor":5,"damage_taken":0},{"event_name":"Golden Shrine","player_choice":"Pray","floor":13,"damage_taken":0},{"event_name":"Big Fish","player_choice":"Banana","floor":14,"damage_taken":0},{"event_name":"Vampires","player_choice":"Ignored","floor":19,"damage_taken":0},{"event_name":"The Library","player_choice":"Read","floor":22,"damage_taken":0},{"event_name":"Drug Dealer","player_choice":"Became Test Subject","floor":31,"damage_taken":0},{"event_name":"SensoryStone","player_choice":"Memory 1","floor":36,"damage_taken":0},{"event_name":"Falling","player_choice":"Removed Skill","floor":38,"damage_taken":0},{"event_name":"Accursed Blacksmith","player_choice":"Forge","floor":44,"damage_taken":0}],"is_beta":true,"boss_relics":[{"not_picked":["White Beast Statue","Pandora\u0027s Box"],"picked":"WristBlade"},{"not_picked":["Eternal Feather","Velvet Choker"],"picked":"Lizard Tail"}],"items_purged_floors":[11,21,46],"is_endless":false,"potions_floor_spawned":[16,18,33,37,41,48],"ascension_level":9}