{"gold_per_floor":[113,23,23,44,6,25,43,43,43,57,57,57,101,121,121,121],"floor_reached":16,"playtime":1351,"items_purged":[],"score":102,"play_id":"104f2d77-2969-4bce-9c70-f882f6596acb","local_time":"20180623215710","is_ascension_mode":false,"campfire_choices":[{"data":"Searing Blow","floor":8,"key":"SMITH"},{"floor":15,"key":"REST"}],"neow_cost":"","seed_source_timestamp":833215707097025,"circlet_count":0,"master_deck":["Strike_R","Strike_R","Strike_R","Strike_R","Strike_R","Defend_R","Defend_R","Defend_R","Defend_R","Bash","Searing Blow+3","Good Instincts","Whirlwind","Corruption","Rampage","Bludgeon","Thunderclap","Ghostly Armor","Inflame"],"relics":["Burning Blood","Golden Idol","Bottled Flame","Red Skull"],"potions_floor_usage":[],"damage_taken":[{"damage":5,"enemies":"2 Louse","floor":1,"turns":3},{"damage":16,"enemies":"Jaw Worm","floor":4,"turns":4},{"damage":7,"enemies":"Cultist","floor":6,"turns":5},{"damage":24,"enemies":"Large Slime","floor":7,"turns":9},{"damage":15,"enemies":"Lots of Slimes","floor":10,"turns":5},{"damage":30,"enemies":"3 Sentries","floor":13,"turns":6},{"damage":0,"enemies":"Exordium Thugs","floor":14,"turns":4},{"damage":40,"enemies":"The Guardian","floor":16,"turns":9}],"seed_played":"-2905686088520256450","potions_obtained":[{"floor":10,"key":"SpeedPotion"},{"floor":13,"key":"Dexterity Potion"}],"is_trial":false,"path_per_floor":["M","$","?","M","$","M","M","R","T","M","?","?","E","M","R"],"character_chosen":"IRONCLAD","items_purchased":["Good Instincts","Corruption"],"campfire_rested":1,"item_purchase_floors":[2,5],"current_hp_per_floor":[80,80,74,64,64,63,45,45,45,36,36,36,12,18,40,0],"gold":121,"neow_bonus":"","is_prod":false,"is_daily":false,"chose_seed":false,"campfire_upgraded":1,"win_rate":0.0,"timestamp":1529783830,"path_taken":["M","$","?","M","$","M","M","R","T","M","?","?","E","M","R","BOSS"],"build_version":"2018-06-21v2","purchased_purges":0,"victory":false,"max_hp_per_floor":[80,80,74,74,74,74,74,74,74,74,74,74,74,74,74,74],"card_choices":[{"not_picked":["True Grit","Headbutt"],"picked":"Searing Blow","floor":1},{"not_picked":["Body Slam","Warcry"],"picked":"Whirlwind","floor":4},{"not_picked":["Inflame","Dropkick"],"picked":"Rampage","floor":6},{"not_picked":["Whirlwind","Fire Breathing"],"picked":"Bludgeon","floor":7},{"not_picked":["Flex","Clash"],"picked":"Thunderclap","floor":10},{"not_picked":["Bludgeon","Clash"],"picked":"Ghostly Armor","floor":13},{"not_picked":["Whirlwind","Thunderclap"],"picked":"Inflame","floor":14}],"player_experience":0,"relics_obtained":[{"floor":9,"key":"Bottled Flame"},{"floor":13,"key":"Red Skull"}],"event_choices":[{"event_name":"Golden Idol","player_choice":"Lose Max HP","floor":3,"damage_taken":0},{"event_name":"Living Wall","player_choice":"Grow","floor":11,"damage_taken":0},{"event_name":"Upgrade Shrine","player_choice":"Upgraded","floor":12,"damage_taken":0}],"boss_relics":[],"items_purged_floors":[],"is_endless":false,"potions_floor_spawned":[10,13],"killed_by":"The Guardian","ascension_level":0}