{"path_per_floor":["M","M","?","M","M","E","R","E","T","R","?","E","R","?","R","B",null,"M","M","M","M"],"character_chosen":"DEFECT","items_purchased":[],"gold_per_floor":[109,125,125,142,154,185,185,213,213,213,213,244,244,319,319,420,420,434,453,473,489,489],"floor_reached":22,"campfire_rested":0,"playtime":880,"item_purchase_floors":[],"current_hp_per_floor":[69,68,68,68,61,59,59,58,58,58,43,35,35,24,24,20,75,75,61,55,42,0],"items_purged":[],"gold":489,"score":227,"play_id":"15bbe114-41a7-4ad8-a61d-0314e7c88faa","local_time":"20180530185803","is_prod":false,"is_daily":false,"chose_seed":false,"is_ascension_mode":true,"campfire_upgraded":4,"win_rate":0,"timestamp":1527721083,"campfire_choices":[{"data":"Hello World","floor":7,"key":"SMITH"},{"data":"Zap","floor":10,"key":"SMITH"},{"data":"Fission","floor":13,"key":"SMITH"},{"data":"Steam Power","floor":15,"key":"SMITH"}],"path_taken":["M","M","?","M","M","E","R","E","T","R","?","E","R","?","R","BOSS","M","M","M","M","M"],"build_version":"2018-05-29","seed_source_timestamp":191886010331439,"purchased_purges":0,"victory":false,"master_deck":["Strike_B","Strike_B","Strike_B","Strike_B","Defend_B","Defend_B+1","Defend_B","Defend_B","Zap+1","Dualcast+1","BootSequence","Doom and Gloom","Gash+1","Hello World+1","Fission+1","Steam Power+1","Reboot","Double Energy","Defragment","Reprogram+1","Echo Form"],"max_hp_per_floor":[75,75,75,75,75,75,75,75,75,75,75,75,75,75,75,75,75,75,75,75,75,75],"relics":["Cracked Core","Oddly Smooth Stone","Happy Flower","Blood Vial","Bronze Scales","Blue Candle","Runic Dome"],"card_choices":[{"not_picked":["Glacier","Ball Lightning"],"picked":"BootSequence","floor":1},{"not_picked":["Gash","Self Repair"],"picked":"Doom and Gloom","floor":2},{"not_picked":["Ball Lightning","Barrage","Sweeping Beam"],"picked":"SKIP","floor":4},{"not_picked":["Cold Snap","Turbo"],"picked":"Gash","floor":5},{"not_picked":["Streamline","Fusion"],"picked":"Hello World","floor":6},{"not_picked":["Conserve Battery","Storm"],"picked":"Fission","floor":8},{"not_picked":["Conserve Battery","Streamline"],"picked":"Steam Power","floor":12},{"not_picked":["Thunder Strike","Multi-Cast"],"picked":"Reboot","floor":16},{"not_picked":["Ball Lightning+1","Go for the Eyes"],"picked":"Double Energy","floor":18},{"not_picked":["Capacitor","Fusion"],"picked":"Defragment","floor":19},{"not_picked":["Gash","Leap"],"picked":"Reprogram+1","floor":20},{"not_picked":["Coolheaded","Cold Snap"],"picked":"Echo Form","floor":21}],"player_experience":209692,"potions_floor_usage":[6,16,18],"damage_taken":[{"damage":6,"enemies":"2 Louse","floor":1,"turns":2},{"damage":1,"enemies":"Jaw Worm","floor":2,"turns":2},{"damage":0,"enemies":"Small Slimes","floor":4,"turns":2},{"damage":7,"enemies":"Blue Slaver","floor":5,"turns":3},{"damage":2,"enemies":"3 Sentries","floor":6,"turns":3},{"damage":1,"enemies":"Lagavulin","floor":8,"turns":5},{"damage":10,"enemies":"3 Sentries","floor":12,"turns":4},{"damage":6,"enemies":"Hexaghost","floor":16,"turns":6},{"damage":0,"enemies":"Chosen","floor":18,"turns":3},{"damage":14,"enemies":"Shell Parasite","floor":19,"turns":3},{"damage":8,"enemies":"3 Cultists","floor":20,"turns":4},{"damage":15,"enemies":"Snecko","floor":21,"turns":5},{"damage":44,"enemies":"Cultist and Chosen","floor":22,"turns":5}],"relics_obtained":[{"floor":6,"key":"Happy Flower"},{"floor":8,"key":"Blood Vial"},{"floor":9,"key":"Bronze Scales"},{"floor":12,"key":"Blue Candle"}],"event_choices":[{"event_name":"Living Wall","player_choice":"Grow","floor":3,"damage_taken":0},{"event_name":"Shining Light","player_choice":"Entered Light","floor":11,"damage_taken":0},{"event_name":"World of Goop","player_choice":"Gather Gold","floor":14,"damage_taken":0}],"boss_relics":[{"not_picked":["Runic Pyramid","Snecko Eye"],"picked":"Runic Dome"}],"items_purged_floors":[],"potions_floor_spawned":[1,2,12,19],"seed_played":"3403851248103072617","killed_by":"Cultist and Chosen","ascension_level":2,"potions_obtained":[{"floor":1,"key":"Swift Potion"},{"floor":2,"key":"AttackPotion"},{"floor":12,"key":"Block Potion"},{"floor":19,"key":"Strength Potion"}],"is_trial":false}