{"gold_per_floor":[109,124,53,66,78,78,104,104,104,104,104,104,143,162,162,162],"floor_reached":16,"playtime":632,"items_purged":[],"score":171,"play_id":"31eae5ff-c5b9-49ff-81c0-f5e5bbe061fa","local_time":"20190102222036","is_ascension_mode":true,"campfire_choices":[{"data":"Uppercut","floor":6,"key":"SMITH"},{"data":"Entrench","floor":8,"key":"SMITH"},{"data":"True Grit","floor":10,"key":"SMITH"},{"floor":15,"key":"REST"}],"neow_cost":"NONE","seed_source_timestamp":814033295488399,"circlet_count":0,"master_deck":["AscendersBane","Strike_R","Strike_R","Strike_R","Strike_R","Strike_R","Defend_R","Defend_R","Defend_R","Defend_R","Bash","Iron Wave","Wild Strike","Uppercut+1","True Grit+1","Entrench+1","Clumsy","Shockwave","Burning Pact","Body Slam"],"relics":["Burning Blood","Frozen Egg 2","Bird Faced Urn","Golden Idol","Girya"],"potions_floor_usage":[7,13,16],"damage_taken":[{"damage":9,"enemies":"Jaw Worm","floor":1,"turns":4},{"damage":0,"enemies":"Small Slimes","floor":2,"turns":3},{"damage":1,"enemies":"Cultist","floor":4,"turns":3},{"damage":10,"enemies":"Lots of Slimes","floor":5,"turns":4},{"damage":41,"enemies":"Lagavulin","floor":7,"turns":6},{"damage":29,"enemies":"Gremlin Nob","floor":13,"turns":5},{"damage":7,"enemies":"2 Fungi Beasts","floor":14,"turns":4},{"damage":68,"enemies":"Slime Boss","floor":16,"turns":7}],"seed_played":"505840463332701001","potions_obtained":[{"floor":5,"key":"Strength Potion"},{"floor":7,"key":"Regen Potion"},{"floor":13,"key":"AttackPotion"}],"is_trial":false,"path_per_floor":["M","M","$","M","M","R","E","R","T","R","?","?","E","M","R","B"],"character_chosen":"IRONCLAD","items_purchased":["Uppercut"],"campfire_rested":1,"item_purchase_floors":[3],"current_hp_per_floor":[77,83,83,88,84,84,49,49,49,49,49,49,40,39,63,0],"gold":162,"neow_bonus":"TEN_PERCENT_HP_BONUS","is_prod":false,"is_daily":false,"chose_seed":false,"campfire_upgraded":3,"win_rate":0,"timestamp":1546489236,"path_taken":["M","M","$","M","M","R","E","R","T","R","?","?","E","M","R","BOSS"],"build_version":"2018-12-20","purchased_purges":0,"victory":false,"max_hp_per_floor":[88,88,88,88,88,88,88,88,88,88,81,81,81,81,81,81],"card_choices":[{"not_picked":["Armaments","Havoc"],"picked":"Iron Wave","floor":1},{"not_picked":["Body Slam","Pummel"],"picked":"Wild Strike","floor":2},{"not_picked":["Warcry","Evolve","Perfected Strike"],"picked":"SKIP","floor":4},{"not_picked":["Power Through","Clothesline"],"picked":"True Grit","floor":5},{"not_picked":["Rampage","Perfected Strike"],"picked":"Entrench","floor":7},{"not_picked":["Flex","Perfected Strike"],"picked":"Burning Pact","floor":13},{"not_picked":["Warcry","Thunderclap"],"picked":"Body Slam","floor":14}],"player_experience":377029,"relics_obtained":[{"floor":7,"key":"Frozen Egg 2"},{"floor":9,"key":"Bird Faced Urn"},{"floor":13,"key":"Girya"}],"event_choices":[{"damage_healed":0,"gold_gain":0,"player_choice":"Lose Max HP","damage_taken":0,"relics_obtained":["Golden Idol"],"max_hp_gain":0,"max_hp_loss":7,"event_name":"Golden Idol","floor":11,"gold_loss":0},{"damage_healed":0,"gold_gain":0,"player_choice":"2 cards matched","damage_taken":0,"max_hp_gain":0,"max_hp_loss":0,"event_name":"Match and Keep!","floor":12,"gold_loss":0,"cards_obtained":["Clumsy","Shockwave"]},{"damage_healed":0,"gold_gain":0,"player_choice":"2 cards matched","damage_taken":0,"max_hp_gain":0,"max_hp_loss":0,"event_name":"Match and Keep!","floor":12,"gold_loss":0,"cards_obtained":["Clumsy","Shockwave"]}],"is_beta":false,"boss_relics":[],"items_purged_floors":[],"is_endless":false,"potions_floor_spawned":[5,7,13],"killed_by":"Slime Boss","ascension_level":11}