{"gold_per_floor":[112,112,112,112,131,131,160,160,210,210,210,244,254,270,270,375,375,392,404,314,332,344,344,371,371,397,397,410,410,410,445,445,445],"floor_reached":33,"playtime":8020,"items_purged":[],"score":318,"play_id":"e0afe34f-a471-43e3-a644-7683c5f11f65","local_time":"20190326201012","is_ascension_mode":false,"campfire_choices":[{"data":"Blood for Blood","floor":6,"key":"SMITH"},{"floor":10,"key":"REST"},{"floor":15,"key":"REST"},{"floor":23,"key":"REST"},{"data":"Defend_R","floor":29,"key":"PURGE"},{"data":"Defend_R","floor":32,"key":"PURGE"}],"neow_cost":"NONE","seed_source_timestamp":938522392431267,"circlet_count":0,"master_deck":["Defend_R","Defend_R","Bash+1","Ghostly Armor+1","Blood for Blood+1","Anger","Ghostly Armor","Cleave","Power Through","Whirlwind","Shockwave","Combust","Shockwave+1","Shockwave+1","Flame Barrier","Bite","Bite","Bite","Bite","Bite","Armaments","Reaper"],"relics":["Burning Blood","Dream Catcher","Smiling Mask","Pantograph","Sozu","Peace Pipe","Red Skull","StoneCalendar","Calipers","Orichalcum"],"potions_floor_usage":[16,16,24],"damage_taken":[{"damage":11,"enemies":"Jaw Worm","floor":1,"turns":4},{"damage":3,"enemies":"Small Slimes","floor":5,"turns":4},{"damage":30,"enemies":"Lagavulin","floor":7,"turns":6},{"damage":38,"enemies":"3 Sentries","floor":12,"turns":11},{"damage":0,"enemies":"2 Louse","floor":13,"turns":3},{"damage":10,"enemies":"Gremlin Gang","floor":14,"turns":5},{"damage":52,"enemies":"The Guardian","floor":16,"turns":9},{"damage":12,"enemies":"Chosen","floor":18,"turns":5},{"damage":31,"enemies":"2 Thieves","floor":19,"turns":4},{"damage":18,"enemies":"Snake Plant","floor":21,"turns":5},{"damage":31,"enemies":"Centurion and Healer","floor":22,"turns":6},{"damage":8,"enemies":"Gremlin Leader","floor":24,"turns":9},{"damage":13,"enemies":"Shelled Parasite and Fungi","floor":28,"turns":7},{"damage":16,"enemies":"Book of Stabbing","floor":31,"turns":7},{"damage":84,"enemies":"Champ","floor":33,"turns":16}],"seed_played":"5628134659627381780","potions_obtained":[{"floor":1,"key":"Block Potion"},{"floor":7,"key":"Weak Potion"},{"floor":12,"key":"AttackPotion"}],"is_trial":false,"path_per_floor":["M","?","?","?","M","R","E","?","T","R","?","E","M","M","R","B",null,"M","M","?","M","M","R","E","?","T","T","M","R","?","E","R","B"],"character_chosen":"IRONCLAD","items_purchased":[],"campfire_rested":3,"item_purchase_floors":[],"current_hp_per_floor":[83,83,65,70,73,73,49,49,49,76,76,44,50,46,73,47,93,87,62,62,50,25,52,50,50,50,50,59,59,59,57,57,0],"gold":445,"neow_bonus":"TEN_PERCENT_HP_BONUS","is_prod":false,"is_daily":false,"chose_seed":false,"campfire_upgraded":1,"win_rate":0.0,"timestamp":1553627412,"path_taken":["M","?","?","?","?","R","E","?","T","R","?","E","M","M","R","BOSS","M","?","?","M","?","R","E","?","T","?","M","R","?","E","R","BOSS"],"build_version":"2019-01-23","purchased_purges":0,"victory":false,"max_hp_per_floor":[88,88,88,93,93,93,93,93,93,93,93,93,93,93,93,93,93,93,93,93,93,93,93,93,65,65,65,65,65,65,65,65,65],"card_choices":[{"not_picked":["Twin Strike","Bloodletting"],"picked":"Ghostly Armor","floor":1},{"not_picked":["Pummel","Havoc"],"picked":"Blood for Blood","floor":5},{"not_picked":["Heavy Blade","Dropkick"],"picked":"Anger","floor":7},{"not_picked":["Cleave","Disarm"],"picked":"Ghostly Armor","floor":10},{"not_picked":["Hemokinesis","Pummel"],"picked":"Cleave","floor":12},{"not_picked":["Brutality","Sever Soul"],"picked":"Pommel Strike","floor":13},{"not_picked":["Headbutt","Corruption"],"picked":"Power Through","floor":14},{"not_picked":["Thunderclap","Perfected Strike"],"picked":"Whirlwind","floor":15},{"not_picked":["Carnage","Havoc"],"picked":"Shockwave","floor":18},{"not_picked":["Warcry+1","Iron Wave"],"picked":"Combust","floor":19},{"not_picked":["Shrug It Off","Pummel","Wild Strike"],"picked":"SKIP","floor":21},{"not_picked":["Pommel Strike+1","Reckless Charge"],"picked":"Shockwave+1","floor":22},{"not_picked":["Hemokinesis","Perfected Strike"],"picked":"Shockwave+1","floor":23},{"not_picked":["Shrug It Off","Anger"],"picked":"Flame Barrier","floor":24},{"not_picked":["Pommel Strike","Shrug It Off"],"picked":"Armaments","floor":28},{"not_picked":["Headbutt","Shrug It Off+1"],"picked":"Reaper","floor":31}],"player_experience":107746,"relics_obtained":[{"floor":7,"key":"Dream Catcher"},{"floor":9,"key":"Smiling Mask"},{"floor":12,"key":"Pantograph"},{"floor":24,"key":"Peace Pipe"},{"floor":26,"key":"Red Skull"},{"floor":27,"key":"StoneCalendar"},{"floor":31,"key":"Orichalcum"}],"event_choices":[{"cards_removed":["Strike_R"],"damage_healed":0,"gold_gain":0,"player_choice":"Forget","damage_taken":0,"max_hp_gain":0,"max_hp_loss":0,"event_name":"Living Wall","floor":2,"gold_loss":0},{"damage_healed":0,"gold_gain":0,"player_choice":"Entered Light","damage_taken":18,"max_hp_gain":0,"max_hp_loss":0,"event_name":"Shining Light","floor":3,"gold_loss":0,"cards_upgraded":["Bash","Strike_R"]},{"damage_healed":0,"gold_gain":0,"player_choice":"Donut","damage_taken":0,"max_hp_gain":5,"max_hp_loss":0,"event_name":"Big Fish","floor":4,"gold_loss":0},{"damage_healed":0,"gold_gain":0,"player_choice":"Ignored","damage_taken":0,"max_hp_gain":0,"max_hp_loss":0,"event_name":"Liars Game","floor":8,"gold_loss":0},{"damage_healed":0,"gold_gain":0,"player_choice":"Forge","damage_taken":0,"max_hp_gain":0,"max_hp_loss":0,"event_name":"Accursed Blacksmith","floor":11,"gold_loss":0,"cards_upgraded":["Ghostly Armor"]},{"cards_removed":["Strike_R"],"damage_healed":0,"gold_gain":0,"player_choice":"Upgrade and Remove","damage_taken":0,"max_hp_gain":0,"max_hp_loss":0,"event_name":"Designer","floor":20,"gold_loss":90,"cards_upgraded":["Strike_R"]},{"damage_healed":0,"gold_gain":0,"player_choice":"Became a vampire","damage_taken":0,"max_hp_gain":0,"max_hp_loss":28,"event_name":"Vampires","floor":25,"gold_loss":0,"cards_obtained":["Bite","Bite","Bite","Bite","Bite"]},{"cards_removed":["Pommel Strike"],"damage_healed":0,"gold_gain":0,"player_choice":"Gave Card","damage_taken":0,"relics_obtained":["Calipers"],"max_hp_gain":0,"max_hp_loss":0,"event_name":"WeMeetAgain","floor":30,"gold_loss":0}],"is_beta":false,"boss_relics":[{"not_picked":["Runic Cube","Eternal Feather"],"picked":"Sozu"}],"items_purged_floors":[],"is_endless":false,"potions_floor_spawned":[1,7,12,13,28],"killed_by":"Champ","ascension_level":0}