{"gold_per_floor":[115,115,129,55,75,75,102,102,129,129,129,158,14,31,31,127,127,143,143,155,254,269,269,296,296,368,368,381,381,391,391,391,487,487,497,311,311,311,411,411,427,427,427,443,443,458,468,16,16,16],"floor_reached":50,"playtime":2571,"items_purged":["Defend_B","Strike_B","Strike_B"],"score":742,"play_id":"49d0d97a-41be-43e3-b991-9fe82aa9037f","local_time":"20180917044056","is_ascension_mode":true,"campfire_choices":[{"floor":6,"key":"REST"},{"floor":8,"key":"REST"},{"floor":11,"key":"REST"},{"floor":15,"key":"REST"},{"floor":23,"key":"REST"},{"floor":25,"key":"REST"},{"floor":32,"key":"REST"},{"floor":40,"key":"REST"},{"floor":45,"key":"REST"},{"floor":49,"key":"REST"}],"neow_cost":"NONE","seed_source_timestamp":141790841502699,"circlet_count":0,"master_deck":["Strike_B","Defend_B","Defend_B","Zap","Dualcast+1","AscendersBane","Sweeping Beam","FTL","Storm","Conserve Battery","BootSequence","Conserve Battery","Defragment","Melter","Machine Learning","Steam","White Noise","Storm+1","Undo","Shame","Storm","Storm","Buffer","White Noise+1","Self Repair","Parasite","Hologram+1","Writhe","Go for the Eyes+1","White Noise","Sweeping Beam+1"],"relics":["Cracked Core","Boot","Oddly Smooth Stone","Centennial Puzzle","Ice Cream","Cursed Key","Sundial","Ornamental Fan","Black Star","Regal Pillow","Mercury Hourglass","Bottled Lightning"],"potions_floor_usage":[7,10,19,19,33,35,41,44,47,50],"damage_taken":[{"damage":3,"enemies":"2 Louse","floor":1,"turns":3},{"damage":2,"enemies":"Jaw Worm","floor":3,"turns":3},{"damage":5,"enemies":"Small Slimes","floor":5,"turns":3},{"damage":31,"enemies":"Lagavulin","floor":7,"turns":7},{"damage":18,"enemies":"Gremlin Nob","floor":10,"turns":3},{"damage":24,"enemies":"3 Sentries","floor":12,"turns":6},{"damage":4,"enemies":"Exordium Thugs","floor":14,"turns":4},{"damage":52,"enemies":"Hexaghost","floor":16,"turns":12},{"damage":15,"enemies":"Shell Parasite","floor":18,"turns":5},{"damage":6,"enemies":"Colosseum Slavers","floor":19,"turns":4},{"damage":0,"enemies":"Spheric Guardian","floor":20,"turns":3},{"damage":4,"enemies":"Snecko","floor":22,"turns":5},{"damage":22,"enemies":"Book of Stabbing","floor":24,"turns":5},{"damage":7,"enemies":"Snake Plant","floor":28,"turns":3},{"damage":0,"enemies":"Centurion and Healer","floor":30,"turns":6},{"damage":54,"enemies":"Champ","floor":33,"turns":9},{"damage":68,"enemies":"3 Darklings","floor":35,"turns":5},{"damage":0,"enemies":"3 Shapes","floor":41,"turns":4},{"damage":23,"enemies":"3 Darklings","floor":44,"turns":4},{"damage":1,"enemies":"4 Shapes","floor":46,"turns":4},{"damage":15,"enemies":"Sphere and 2 Shapes","floor":47,"turns":4},{"damage":96,"enemies":"Awakened One","floor":50,"turns":10}],"seed_played":"7629397882984589907","potions_obtained":[{"floor":3,"key":"Dexterity Potion"},{"floor":7,"key":"SmokeBomb"},{"floor":12,"key":"GamblersBrew"},{"floor":14,"key":"SpeedPotion"},{"floor":30,"key":"Dexterity Potion"},{"floor":33,"key":"Regen Potion"},{"floor":35,"key":"SkillPotion"},{"floor":46,"key":"SkillPotion"}],"is_trial":false,"path_per_floor":["M","?","M","$","M","R","E","R","T","E","R","E","$","M","R","B",null,"M","?","M","?","M","R","E","R","T","?","M","?","M","?","R","B",null,"M","$","T","?","?","R","M","?","T","M","R","M","M","$","R"],"character_chosen":"DEFECT","items_purchased":["Storm","Defragment","Self Repair","Weak Potion","Bottled Lightning","EssenceOfSteel"],"campfire_rested":10,"item_purchase_floors":[4,13,36,36,48,48],"current_hp_per_floor":[65,58,56,56,51,73,42,64,64,46,68,44,44,40,62,10,59,44,38,38,38,34,56,34,56,56,42,35,61,61,61,80,26,67,13,13,13,13,13,52,52,52,52,36,75,74,66,66,80,0],"gold":16,"neow_bonus":"UPGRADE_CARD","is_prod":false,"is_daily":false,"chose_seed":false,"campfire_upgraded":0,"win_rate":0,"timestamp":1537152056,"path_taken":["M","?","M","?","M","R","E","R","T","E","R","E","$","M","R","BOSS","M","?","M","?","M","R","E","R","T","?","?","?","M","?","R","BOSS","M","$","?","?","?","R","M","?","T","?","R","M","M","$","R","BOSS"],"build_version":"2018-09-06","purchased_purges":3,"victory":false,"max_hp_per_floor":[75,75,75,75,75,75,75,75,75,75,75,75,75,75,75,75,75,75,75,75,75,75,75,75,75,75,80,80,80,80,80,80,80,80,80,80,80,80,80,80,80,80,80,80,80,80,80,80,80,80],"card_choices":[{"not_picked":["Rebound","Cold Snap"],"picked":"Sweeping Beam","floor":1},{"not_picked":["Cold Snap","Recycle"],"picked":"FTL","floor":3},{"not_picked":["Coolheaded","Compile Driver"],"picked":"Conserve Battery","floor":5},{"not_picked":["Leap","Genetic Algorithm"],"picked":"BootSequence","floor":7},{"not_picked":["Sweeping Beam","Go for the Eyes"],"picked":"Conserve Battery","floor":12},{"not_picked":["Steam","Reprogram"],"picked":"Melter","floor":14},{"not_picked":["Fission","Biased Cognition"],"picked":"Machine Learning","floor":16},{"not_picked":["Ball Lightning","Compile Driver"],"picked":"Steam","floor":18},{"not_picked":["Barrage","Recycle"],"picked":"White Noise","floor":20},{"not_picked":["Barrage","Force Field"],"picked":"Storm+1","floor":22},{"not_picked":["Gash+1","Leap"],"picked":"Undo","floor":24},{"not_picked":["Reprogram","Coolheaded"],"picked":"Storm","floor":28},{"not_picked":["Stack","Steam Power"],"picked":"Storm","floor":30},{"not_picked":["Machine Learning","Creative AI"],"picked":"Buffer","floor":33},{"not_picked":["Conserve Battery","Doom and Gloom"],"picked":"White Noise+1","floor":35},{"not_picked":["Rebound","Steam"],"picked":"Hologram+1","floor":41},{"not_picked":["Tempest","Coolheaded"],"picked":"Go for the Eyes+1","floor":44},{"not_picked":["Redo","Hologram"],"picked":"White Noise","floor":46},{"not_picked":["Leap","Ball Lightning+1"],"picked":"Sweeping Beam+1","floor":47}],"player_experience":273735,"relics_obtained":[{"floor":7,"key":"Oddly Smooth Stone"},{"floor":9,"key":"Centennial Puzzle"},{"floor":12,"key":"Ice Cream"},{"floor":24,"key":"Sundial"},{"floor":26,"key":"Ornamental Fan"},{"floor":37,"key":"Regal Pillow"},{"floor":43,"key":"Mercury Hourglass"}],"event_choices":[{"event_name":"Scrap Ooze","player_choice":"success","floor":2,"damage_taken":7},{"event_name":"Colosseum","player_choice":"Fight","floor":19,"damage_taken":0},{"event_name":"Colosseum","player_choice":"Fled From Nobs","floor":19,"damage_taken":0},{"event_name":"Nest","player_choice":"Stole From Cult","floor":21,"damage_taken":0},{"event_name":"Forgotten Altar","player_choice":"Shed Blood","floor":27,"damage_taken":0},{"event_name":"The Library","player_choice":"Heal","floor":29,"damage_taken":0},{"event_name":"Back to Basics","player_choice":"Elegance","floor":31,"damage_taken":0},{"event_name":"Tomb of Lord Red Mask","player_choice":"Ignored","floor":38,"damage_taken":0},{"event_name":"Golden Shrine","player_choice":"Pray","floor":39,"damage_taken":0},{"event_name":"Falling","player_choice":"Removed Skill","floor":42,"damage_taken":0}],"is_beta":false,"boss_relics":[{"not_picked":["Ectoplasm","Runic Pyramid"],"picked":"Cursed Key"},{"not_picked":["Calling Bell","Orrery"],"picked":"Black Star"}],"items_purged_floors":[13,36,48],"is_endless":false,"potions_floor_spawned":[3,7,12,14,19,30,33,35,46],"killed_by":"Awakened One","ascension_level":10}