{"path_per_floor":["M","M","?","?","?","M","M","R","T","$","?","M","M","M","R","B",null,"M"],"character_chosen":"IRONCLAD","items_purchased":["Spot Weakness","Clothesline"],"gold_per_floor":[111,125,125,125,201,216,232,232,232,130,130,144,157,170,170,274,274,293,293],"floor_reached":19,"campfire_rested":1,"playtime":1129,"current_hp_per_floor":[44,42,42,42,42,39,40,64,64,64,80,74,65,68,68,21,80,15,0],"items_purged":[],"gold":293,"score":161,"play_id":"2afb63e2-c5fd-44ce-80d6-12726571f1ba","local_time":"20180409170706","is_prod":false,"is_daily":false,"is_ascension_mode":false,"campfire_upgraded":1,"timestamp":1523290026,"path_taken":["M","M","?","?","?","M","M","R","T","$","?","M","?","M","R","BOSS","M","M"],"build_version":"2018-04-05v2","purchased_purges":0,"victory":false,"master_deck":["Strike_R","Strike_R","Strike_R","Strike_R","Defend_R","Defend_R","Defend_R","Defend_R","Bash","Iron Wave","Rage","Fire Breathing","Spot Weakness","Anger+1","Clash","Flame Barrier","Juggernaut","Battle Trance+1","Pain","Disarm+1","Disarm"],"max_hp_per_floor":[80,80,80,80,80,80,80,80,80,80,80,80,80,80,80,80,80,80,80],"relics":["Burning Blood","Peace Pipe","Lantern","Unceasing Top","Astrolabe"],"card_choices":[{"not_picked":["Iron Wave","Havoc"],"picked":"Carnage","floor":1},{"not_picked":["Twin Strike","Body Slam"],"picked":"Shrug It Off","floor":2},{"not_picked":["Heavy Blade","Carnage"],"picked":"Rage","floor":6},{"not_picked":["Iron Wave","Warcry"],"picked":"Fire Breathing","floor":7},{"not_picked":["Dual Wield","Pummel"],"picked":"Anger","floor":12},{"not_picked":["Spot Weakness","Wild Strike"],"picked":"Clash","floor":13},{"not_picked":["Twin Strike","Headbutt"],"picked":"Flame Barrier","floor":14},{"not_picked":["Exhume","Impervious"],"picked":"Juggernaut","floor":16},{"not_picked":["Feel No Pain","Hemokinesis"],"picked":"Disarm","floor":18}],"player_experience":35870,"potions_floor_usage":[16,16,19],"damage_taken":[{"damage":2,"enemies":"2 Louse","floor":1,"turns":3},{"damage":8,"enemies":"Small Slimes","floor":2,"turns":3},{"damage":9,"enemies":"Cultist","floor":6,"turns":3},{"damage":5,"enemies":"Looter","floor":7,"turns":3},{"damage":12,"enemies":"2 Fungi Beasts","floor":12,"turns":5},{"damage":15,"enemies":"Exordium Thugs","floor":13,"turns":5},{"damage":3,"enemies":"Large Slime","floor":14,"turns":6},{"damage":53,"enemies":"The Guardian","floor":16,"turns":9},{"damage":71,"enemies":"Chosen","floor":18,"turns":9},{"damage":27,"enemies":"Spheric Guardian","floor":19,"turns":5}],"event_choices":[{"event_name":"Living Wall","player_choice":"Change","floor":3,"damage_taken":0},{"event_name":"Big Fish","player_choice":"Box","floor":4,"damage_taken":0},{"event_name":"Golden Wing","player_choice":"Gained Gold","floor":5,"damage_taken":0},{"event_name":"Bonfire Elementals","player_choice":"UNCOMMON","floor":11,"damage_taken":0}],"boss_relics":[{"not_picked":["Philosopher\u0027s Stone","White Beast Statue"],"picked":"Astrolabe"}],"potions_floor_spawned":[6,12,16,18],"seed_played":"2040278082682962835","killed_by":"Spheric Guardian","ascension_level":0,"is_trial":false}