{"gold_per_floor":[115,0,0,13,13,44,44,44,44,44,57,57,57,79,91,103],"floor_reached":16,"playtime":384,"items_purged":[],"score":123,"play_id":"d2c900f1-8cf3-4aea-baff-856ee6a999cb","local_time":"20181206175109","is_ascension_mode":true,"campfire_choices":[{"data":"Zap","floor":7,"key":"SMITH"},{"floor":8,"key":"REST"},{"data":"Dualcast","floor":10,"key":"SMITH"},{"data":"Consume","floor":12,"key":"SMITH"},{"data":"Genetic Algorithm","floor":15,"key":"SMITH"}],"neow_cost":"NONE","seed_source_timestamp":1734707068899005,"circlet_count":0,"master_deck":["Strike_B","Strike_B","Strike_B","Strike_B","Defend_B","Defend_B","Defend_B","Defend_B","Zap+1","Dualcast+1","Sunder+1","Storm","Streamline","Regret","Leap","Consume+1","Genetic Algorithm+1"],"relics":["Inserter","WingedGreaves","Regal Pillow","MawBank"],"potions_floor_usage":[6],"damage_taken":[{"damage":5,"enemies":"2 Louse","floor":1,"turns":3},{"damage":0,"enemies":"Small Slimes","floor":4,"turns":2},{"damage":39,"enemies":"Lagavulin","floor":6,"turns":5},{"damage":3,"enemies":"Cultist","floor":11,"turns":3},{"damage":15,"enemies":"3 Louse","floor":14,"turns":5},{"damage":53,"enemies":"The Guardian","floor":16,"turns":9}],"seed_played":"658952632859705578","potions_obtained":[{"floor":1,"key":"Ancient Potion"},{"floor":4,"key":"Strength Potion"}],"is_trial":false,"path_per_floor":["M","$","?","M","?","E","R","R","T","R","M","R","?","M","R","B"],"character_chosen":"DEFECT","items_purchased":["Sunder","Storm"],"campfire_rested":1,"item_purchase_floors":[2,2],"current_hp_per_floor":[70,70,70,70,70,31,31,68,68,68,65,65,65,50,50,0],"gold":103,"neow_bonus":"BOSS_RELIC","is_prod":false,"is_daily":false,"chose_seed":false,"campfire_upgraded":4,"win_rate":0,"timestamp":1544115069,"path_taken":["M","$","?","M","?","E","R","R","T","R","M","R","?","?","R","BOSS"],"build_version":"2018-11-15","purchased_purges":0,"victory":false,"max_hp_per_floor":[75,75,75,75,75,75,75,75,75,75,75,75,75,75,75,75],"card_choices":[{"not_picked":["Lockon","Beam Cell"],"picked":"Barrage","floor":1},{"not_picked":["Rebound","Go for the Eyes"],"picked":"Streamline","floor":4},{"not_picked":["Chill","Coolheaded"],"picked":"Leap","floor":6},{"not_picked":["Cold Snap","Steam"],"picked":"Consume","floor":11},{"not_picked":["Chill","Coolheaded"],"picked":"Genetic Algorithm","floor":14}],"player_experience":394965,"relics_obtained":[{"floor":6,"key":"Regal Pillow"}],"event_choices":[{"damage_healed":0,"gold_gain":0,"player_choice":"Grow","damage_taken":0,"max_hp_gain":0,"max_hp_loss":0,"event_name":"Living Wall","floor":3,"gold_loss":0,"cards_upgraded":["Sunder"]},{"damage_healed":0,"gold_gain":0,"player_choice":"Box","damage_taken":0,"relics_obtained":["WingedGreaves"],"max_hp_gain":0,"max_hp_loss":0,"event_name":"Big Fish","floor":5,"gold_loss":0,"cards_obtained":["Regret"]},{"cards_removed":["Barrage"],"damage_healed":0,"gold_gain":0,"player_choice":"Gave Card","damage_taken":0,"relics_obtained":["MawBank"],"max_hp_gain":0,"max_hp_loss":0,"event_name":"WeMeetAgain","floor":13,"gold_loss":0}],"is_beta":false,"boss_relics":[],"items_purged_floors":[],"is_endless":false,"potions_floor_spawned":[1,4],"killed_by":"The Guardian","ascension_level":5}