{"path_per_floor":["?","?","?","?","?","?","?","?","?","?","?","?","?","?","?","B",null,"?","?","?","?","?","?","?","?","?","?","?","?","?"],"character_chosen":"IRONCLAD","items_purchased":["Paper Frog"],"gold_per_floor":[114,114,133,152,171,209,209,247,247,285,304,54,110,35,35,160,160,179,179,198,217,142,180,199,218,218,237,237,256,275],"floor_reached":31,"campfire_rested":1,"playtime":2334,"current_hp_per_floor":[80,60,66,71,71,61,61,59,59,61,53,53,53,53,77,63,63,53,53,59,37,37,22,33,31,31,24,24,26,21],"items_purged":["Strike_R"],"gold":275,"score":281,"play_id":"29e13ecc-547d-4380-be99-57b33a65350b","local_time":"20180307171058","daily_mods":[{"name":"Diverse","description":"Start with 2 cards from another class.","modID":"Diverse","img":{"data":{"file":{"file":{"path":"images\\ui\\run_mods\\diverse.png"},"type":"Internal"},"width":64,"height":64,"format":"RGBA8888","useMipMaps":false,"isPrepared":false},"glTarget":3553,"glHandle":685,"minFilter":"Linear","magFilter":"Linear","uWrap":"ClampToEdge","vWrap":"ClampToEdge"},"positive":true},{"name":"Restless Journey","description":"You no longer heal when entering new acts.","modID":"Restless Journey","img":{"data":{"file":{"file":{"path":"images\\ui\\run_mods\\restless_journey.png"},"type":"Internal"},"width":64,"height":64,"format":"RGBA8888","useMipMaps":false,"isPrepared":false},"glTarget":3553,"glHandle":676,"minFilter":"Linear","magFilter":"Linear","uWrap":"ClampToEdge","vWrap":"ClampToEdge"},"positive":false},{"name":"Uncertain Future","description":"The map shows only ?.","modID":"Uncertain Future","img":{"data":{"file":{"file":{"path":"images\\ui\\run_mods\\uncertain_future.png"},"type":"Internal"},"width":64,"height":64,"format":"RGBA8888","useMipMaps":false,"isPrepared":false},"glTarget":3553,"glHandle":679,"minFilter":"Linear","magFilter":"Linear","uWrap":"ClampToEdge","vWrap":"ClampToEdge"},"positive":false},{"name":"Binary","description":"Card rewards contain only 2 cards.","modID":"Binary","img":{"data":{"file":{"file":{"path":"images\\ui\\run_mods\\binary.png"},"type":"Internal"},"width":64,"height":64,"format":"RGBA8888","useMipMaps":false,"isPrepared":false},"glTarget":3553,"glHandle":680,"minFilter":"Linear","magFilter":"Linear","uWrap":"ClampToEdge","vWrap":"ClampToEdge"},"positive":false}],"is_prod":false,"is_daily":true,"is_ascension_mode":false,"campfire_upgraded":2,"timestamp":1520460658,"path_taken":["?","?","?","?","?","?","?","?","?","?","?","?","?","?","?","BOSS","?","?","?","?","?","?","?","?","?","?","?","?","?","?"],"build_version":"2018-03-01-PROD1","purchased_purges":1,"victory":false,"master_deck":["Strike_R+1","Strike_R","Strike_R","Defend_R","Defend_R","Defend_R","Bash+1","Cloak And Dagger","Well Laid Plans","Armaments+1","Pommel Strike","Cleave+1","Disarm","Impervious","Immolate","Havoc+1","Flame Barrier+1","Reaper","Blood for Blood"],"max_hp_per_floor":[80,80,80,80,80,80,80,80,80,80,80,80,80,80,80,80,80,80,80,80,80,80,80,80,80,80,80,80,80,80],"relics":["Burning Blood","Golden Idol","Whetstone","Vajra","Peace Pipe","Happy Flower","Paper Frog","Runic Cube","Kunai","Calipers"],"card_choices":[{"not_picked":["Sword Boomerang"],"picked":"Armaments"},{"not_picked":["Blood for Blood"],"picked":"Pommel Strike"},{"not_picked":["Rupture"],"picked":"Cleave"},{"not_picked":["Combust"],"picked":"Disarm"},{"not_picked":["Warcry"],"picked":"Impervious"},{"not_picked":["Brutality"],"picked":"Immolate"},{"not_picked":["Hemokinesis"],"picked":"Havoc"},{"not_picked":["Pommel Strike"],"picked":"Flame Barrier"},{"not_picked":["Shrug It Off"],"picked":"Reaper"},{"not_picked":["Disarm"],"picked":"Blood for Blood"}],"player_experience":157299,"potions_floor_usage":[8,8,10,16,18,23,23],"damage_taken":[{"damage":1,"enemies":"2 Louse","floor":1,"turns":4},{"damage":0,"enemies":"Jaw Worm","floor":3,"turns":3},{"damage":1,"enemies":"Cultist","floor":4,"turns":3},{"damage":6,"enemies":"Gremlin Gang","floor":5,"turns":3},{"damage":16,"enemies":"3 Sentries","floor":6,"turns":7},{"damage":8,"enemies":"Gremlin Nob","floor":8,"turns":4},{"damage":19,"enemies":"3 Sentries","floor":10,"turns":6},{"damage":14,"enemies":"Exordium Wildlife","floor":11,"turns":5},{"damage":20,"enemies":"Slime Boss","floor":16,"turns":12},{"damage":16,"enemies":"2 Thieves","floor":18,"turns":4},{"damage":0,"enemies":"Chosen","floor":20,"turns":7},{"damage":28,"enemies":"Snecko","floor":21,"turns":5},{"damage":21,"enemies":"Book of Stabbing","floor":23,"turns":6},{"damage":1,"enemies":"Snake Plant","floor":24,"turns":6},{"damage":16,"enemies":"Slaver and Parasite","floor":25,"turns":8},{"damage":35,"enemies":"3 Cultists","floor":27,"turns":5},{"damage":10,"enemies":"Chosen and Byrds","floor":29,"turns":7},{"damage":23,"enemies":"Centurion and Healer","floor":30,"turns":8},{"damage":27,"enemies":"Slavers","floor":31,"turns":1}],"event_choices":[{"event_name":"Golden Idol","player_choice":"Take Damage","floor":2,"damage_taken":0},{"event_name":"Golden Wing","player_choice":"Gained Gold","floor":13,"damage_taken":0},{"event_name":"Back to Basics","player_choice":"Elegance","floor":19,"damage_taken":0},{"event_name":"Beggar","player_choice":"Gave Gold","floor":22,"damage_taken":0}],"boss_relics":[{"not_picked":["Runic Pyramid","Runic Dome"],"picked":"Runic Cube"}],"potions_floor_spawned":[5,6,8,10,16,20,21,24,30],"seed_played":"6669194513917691148","killed_by":"Slavers","ascension_level":0,"is_trial":false}