{"path_per_floor":["M","M","?","$","M","R","E","R","T","M","M","M","?","M","R","B",null,"M","M","M","M","M","$","R","?","T","R","M","M","E","?","R"],"character_chosen":"THE_SILENT","items_purchased":["Slice","Jack Of All Trades","Bronze Scales"],"gold_per_floor":[114,129,129,104,119,119,149,149,174,189,204,219,219,238,238,363,363,382,401,420,439,458,131,131,131,206,206,225,244,282,282,282],"floor_reached":33,"campfire_rested":0,"playtime":1709,"current_hp_per_floor":[68,67,66,65,64,63,59,59,59,59,58,57,43,43,43,3,52,51,50,48,37,30,30,30,30,30,30,30,30,30,30,30],"items_purged":["Strike_G"],"gold":282,"score":298,"play_id":"311d3e1e-9aab-4d00-9c2e-bebf0f138d12","local_time":"20180311141734","daily_mods":["Shiny","Uncertain Future","Terminal"],"is_prod":false,"is_daily":true,"is_ascension_mode":false,"campfire_upgraded":6,"timestamp":1520792254,"path_taken":["M","M","?","$","M","R","E","R","T","?","M","M","?","M","R","BOSS","M","M","M","M","M","$","R","?","T","R","M","?","E","?","R","BOSS"],"build_version":"2018-03-09","purchased_purges":1,"victory":false,"master_deck":["Defend_G+1","Defend_G+1","Defend_G+1","Defend_G+1","Defend_G+1","Strike_G+1","Strike_G+1","Strike_G+1","Strike_G+1","Survivor","Neutralize+1","Die Die Die","Poisoned Stab","Slice","Heel Hook","Adrenaline+1","Poisoned Stab","Footwork","Cloak And Dagger","Terror+1","Envenom+1","Flying Knee","Crippling Poison","Escape Plan","Flying Knee+1","Jack Of All Trades+1","Bouncing Flask+1","Poisoned Stab+1","Outmaneuver+1"],"max_hp_per_floor":[68,67,66,65,64,63,62,61,60,59,58,57,56,55,54,53,52,51,50,49,48,47,46,45,44,43,42,41,40,39,38,37],"relics":["Ring of the Snake","Anchor","Art of War","Golden Idol","Sozu","Bronze Scales","Mummified Hand","Snake Skull"],"card_choices":[{"not_picked":["Skewer","Backflip"],"picked":"Poisoned Stab"},{"not_picked":["Finisher","Acrobatics"],"picked":"Heel Hook"},{"not_picked":["Backstab","Flying Knee"],"picked":"Adrenaline"},{"not_picked":["Acrobatics","Setup"],"picked":"Poisoned Stab"},{"not_picked":["Underhanded Strike","Setup"],"picked":"Footwork"},{"not_picked":["Setup","Outmaneuver"],"picked":"Cloak And Dagger"},{"not_picked":["Envenom","Deadly Poison"],"picked":"Terror"},{"not_picked":["Night Terror","Tactician"],"picked":"Envenom"},{"not_picked":["Backflip","Accuracy"],"picked":"Flying Knee"},{"not_picked":["Flying Knee","Reflex"],"picked":"Crippling Poison"},{"not_picked":["Bane","Backflip"],"picked":"Escape Plan"},{"not_picked":["Infinite Blades","Acrobatics"],"picked":"Flying Knee"},{"not_picked":["Choke","Caltrops"],"picked":"Bouncing Flask"},{"not_picked":["Dagger Throw","Burst"],"picked":"Poisoned Stab"},{"not_picked":["Quick Slash","Blur"],"picked":"Outmaneuver"}],"player_experience":169214,"potions_floor_usage":[7,16,30,33,33],"damage_taken":[{"damage":0,"enemies":"Cultist","floor":1,"turns":4},{"damage":0,"enemies":"2 Louse","floor":2,"turns":2},{"damage":0,"enemies":"Small Slimes","floor":5,"turns":2},{"damage":4,"enemies":"Gremlin Nob","floor":7,"turns":4},{"damage":0,"enemies":"Gremlin Gang","floor":10,"turns":4},{"damage":0,"enemies":"Exordium Wildlife","floor":11,"turns":3},{"damage":0,"enemies":"Blue Slaver","floor":12,"turns":2},{"damage":0,"enemies":"Looter","floor":14,"turns":3},{"damage":40,"enemies":"Slime Boss","floor":16,"turns":16},{"damage":0,"enemies":"2 Thieves","floor":18,"turns":3},{"damage":0,"enemies":"Spheric Guardian","floor":19,"turns":4},{"damage":2,"enemies":"Centurion and Healer","floor":20,"turns":5},{"damage":11,"enemies":"Snake Plant","floor":21,"turns":4},{"damage":7,"enemies":"3 Cultists","floor":22,"turns":5},{"damage":0,"enemies":"Centurion and Healer","floor":28,"turns":4},{"damage":0,"enemies":"Snake Plant","floor":29,"turns":3},{"damage":0,"enemies":"Book of Stabbing","floor":30,"turns":3},{"damage":33,"enemies":"Automaton","floor":33,"turns":6}],"event_choices":[{"event_name":"The Cleric","player_choice":"Leave","floor":3,"damage_taken":0},{"event_name":"Golden Idol","player_choice":"Take Damage","floor":13,"damage_taken":0},{"event_name":"Back to Basics","player_choice":"Simplicity","floor":25,"damage_taken":0},{"event_name":"Drug Dealer","player_choice":"Ignored","floor":31,"damage_taken":0}],"boss_relics":[{"not_picked":["Eternal Feather","Ectoplasm"],"picked":"Sozu"}],"potions_floor_spawned":[1,5,11,12,16,20,28,29,30],"seed_played":"4792185374842203756","killed_by":"Automaton","ascension_level":0,"is_trial":false}