{"path_per_floor":["M","?","M","M","?","E","R","E","T","?","M","M","R","M","R","B",null,"M","$","M","$","M","E","R","E","T","?","R","M","M","M","R","B",null,"M","M","?","?","M","E","?","E","T","R","M","R","M","T","R","B"],"character_chosen":"THE_SILENT","items_purchased":["Reflex"],"gold_per_floor":[118,118,130,141,91,121,121,146,146,146,166,184,184,201,201,301,301,271,117,117,17,17,17,17,17,17,17,17,17,17,17,17,17,17,17,17,17,17,17,17,17,17,17,17,17,17,17,17,17,17],"floor_reached":51,"campfire_rested":0,"playtime":3035,"current_hp_per_floor":[63,63,63,63,63,57,57,57,57,50,50,50,50,50,50,70,70,70,70,70,70,70,70,70,70,70,70,70,70,70,70,70,70,70,70,70,70,70,65,61,61,61,61,61,63,63,65,65,65,70],"items_purged":["Slice","Deflect"],"gold":17,"score":1550,"play_id":"f7403d61-81e8-4b1b-a220-0305799c3c87","local_time":"20180411193852","is_prod":false,"is_daily":false,"is_ascension_mode":true,"campfire_upgraded":6,"timestamp":1523468332,"path_taken":["M","?","M","M","?","E","R","E","T","?","M","?","R","M","R","BOSS","M","$","M","$","M","E","R","E","T","?","R","M","M","M","R","BOSS","M","M","?","?","M","E","?","E","T","R","M","R","M","?","R","BOSS"],"build_version":"2018-04-05v2","purchased_purges":2,"victory":true,"master_deck":["Survivor","Neutralize","Eviscerate","Backflip","Underhanded Strike","Prepared+1","Acrobatics+1","Acrobatics","Prepared+1","Tactician+1","Underhanded Strike","Tactician+1","Blur","Reflex+1","Underhanded Strike+1","Acrobatics","Acrobatics+1","Burst","Eviscerate","Eviscerate+1","Grand Finale","Acrobatics+1"],"max_hp_per_floor":[70,70,70,70,70,70,70,70,70,70,70,70,70,70,70,70,70,70,70,70,70,70,70,70,70,70,70,70,70,70,70,70,70,70,70,70,70,70,70,70,70,70,70,70,70,70,70,70,70,70],"relics":["Pandora\u0027s Box","Matryoshka","Darkstone Periapt","Dream Catcher","Shovel","Pantograph","Ectoplasm","Vajra","Happy Flower","Smiling Mask","Juzu Bracelet","Old Coin","Blue Candle","Runic Pyramid","Thread and Needle","Blood Vial","Bird Faced Urn","Ice Cream"],"card_choices":[{"not_picked":["Dodge and Roll","Quick Slash"],"picked":"Acrobatics","floor":1},{"not_picked":["Quick Slash","Flying Knee"],"picked":"Prepared","floor":3},{"not_picked":["Escape Plan","Backflip"],"picked":"Leg Sweep","floor":4},{"not_picked":["Footwork","Bane"],"picked":"Tactician","floor":6},{"not_picked":["Escape Plan","Footwork"],"picked":"Underhanded Strike","floor":11},{"not_picked":["Die Die Die","Storm of Steel"],"picked":"Tactician","floor":16},{"not_picked":["Dodge and Roll","PiercingWail"],"picked":"Blur","floor":18},{"not_picked":["Flying Knee","Sucker Punch"],"picked":"Underhanded Strike","floor":20},{"not_picked":["Flying Knee","Masterful Stab"],"picked":"Acrobatics","floor":22},{"not_picked":["Dodge and Roll","Bane"],"picked":"Acrobatics","floor":29},{"not_picked":["Phantasmal Killer","Die Die Die"],"picked":"Burst","floor":33},{"not_picked":["Acrobatics","Outmaneuver"],"picked":"Eviscerate","floor":36},{"not_picked":["Backflip","Malaise"],"picked":"Eviscerate","floor":39},{"not_picked":["Envenom","Outmaneuver"],"picked":"Grand Finale","floor":40},{"not_picked":["PiercingWail","Bane"],"picked":"Acrobatics","floor":42}],"player_experience":290202,"potions_floor_usage":[16,23,39,42],"damage_taken":[{"damage":0,"enemies":"2 Louse","floor":1,"turns":2},{"damage":0,"enemies":"Cultist","floor":3,"turns":2},{"damage":0,"enemies":"Small Slimes","floor":4,"turns":2},{"damage":6,"enemies":"Lagavulin","floor":6,"turns":4},{"damage":0,"enemies":"3 Sentries","floor":8,"turns":3},{"damage":0,"enemies":"3 Louse","floor":11,"turns":2},{"damage":0,"enemies":"Large Slime","floor":12,"turns":2},{"damage":0,"enemies":"Exordium Wildlife","floor":14,"turns":1},{"damage":0,"enemies":"The Guardian","floor":16,"turns":10},{"damage":0,"enemies":"2 Thieves","floor":18,"turns":3},{"damage":0,"enemies":"3 Byrds","floor":20,"turns":3},{"damage":0,"enemies":"Centurion and Healer","floor":22,"turns":4},{"damage":0,"enemies":"Book of Stabbing","floor":23,"turns":3},{"damage":0,"enemies":"Slavers","floor":25,"turns":3},{"damage":0,"enemies":"Snake Plant","floor":29,"turns":1},{"damage":0,"enemies":"Slaver and Parasite","floor":30,"turns":1},{"damage":0,"enemies":"Centurion and Healer","floor":31,"turns":1},{"damage":0,"enemies":"Champ","floor":33,"turns":1},{"damage":0,"enemies":"3 Shapes","floor":35,"turns":1},{"damage":0,"enemies":"3 Darklings","floor":36,"turns":1},{"damage":5,"enemies":"4 Shapes","floor":39,"turns":2},{"damage":4,"enemies":"Giant Head","floor":40,"turns":2},{"damage":0,"enemies":"2 Orb Walkers","floor":42,"turns":1},{"damage":0,"enemies":"Maw","floor":45,"turns":1},{"damage":0,"enemies":"3 Darklings","floor":47,"turns":1},{"damage":0,"enemies":"Donu and Deca","floor":50,"turns":1}],"event_choices":[{"event_name":"Accursed Blacksmith","player_choice":"Forge","floor":2,"damage_taken":0},{"event_name":"The Cleric","player_choice":"Card Removal","floor":5,"damage_taken":0},{"event_name":"Golden Wing","player_choice":"Card Removal","floor":10,"damage_taken":0},{"event_name":"Addict","player_choice":"Ignored","floor":27,"damage_taken":0},{"event_name":"Purifier","player_choice":"One Purge","floor":37,"damage_taken":0},{"event_name":"Wheel of Change","player_choice":"Full Heal","floor":38,"damage_taken":0}],"boss_relics":[{"not_picked":["Orrery","Philosopher\u0027s Stone"],"picked":"Ectoplasm"},{"not_picked":["Tiny House","Cursed Key"],"picked":"Runic Pyramid"}],"potions_floor_spawned":[8,12,14,20,23,29,31,36,42,47],"seed_played":"5317080071288112835","ascension_level":9,"is_trial":false}