{"path_per_floor":["M","M","?","M","M","R","M","R","T","M","M","M","$","?","R","B",null,"M","?","?","M"],"character_chosen":"DEFECT","items_purchased":["Cold Snap","Capacitor"],"gold_per_floor":[214,226,226,236,249,249,265,265,265,284,296,314,171,171,171,266,266,277,277,277,289,289],"floor_reached":22,"campfire_rested":1,"playtime":3451,"item_purchase_floors":[13,13],"current_hp_per_floor":[73,72,72,69,41,41,30,52,52,50,50,50,50,47,47,22,75,53,53,39,30,0],"items_purged":["Defend_B"],"gold":289,"score":180,"play_id":"e9a35ea4-3e46-44c1-b180-38a8ff8a1e9c","local_time":"20180520182103","is_prod":false,"is_daily":false,"chose_seed":false,"is_ascension_mode":false,"campfire_upgraded":2,"timestamp":1526833263,"campfire_choices":[{"data":"Zap","floor":6,"key":"SMITH"},{"floor":8,"key":"REST"},{"data":"Capacitor","floor":15,"key":"SMITH"}],"path_taken":["M","M","?","M","M","R","M","R","T","M","?","?","$","?","R","BOSS","M","?","?","M","M"],"build_version":"2018-05-18","seed_source_timestamp":95533814469940,"purchased_purges":1,"victory":false,"master_deck":["Strike_B","Strike_B","Strike_B","Defend_B","Defend_B","Zap+1","Dualcast","Cold Snap","Heatsinks","Cold Snap","Cold Snap","Capacitor+1","Electrodynamics","Capacitor","White Noise"],"max_hp_per_floor":[75,75,75,75,75,75,75,75,75,75,75,75,75,75,75,75,75,75,75,80,80,80],"relics":["Cracked Core","Darkstone Periapt","Centennial Puzzle","Sozu"],"card_choices":[{"not_picked":["Tempest","Double Energy","Force Field"],"picked":"SKIP","floor":1},{"not_picked":["Skim","Static Discharge","Streamline"],"picked":"SKIP","floor":2},{"not_picked":["Stack","Sweeping Beam","Beam Cell"],"picked":"SKIP","floor":4},{"not_picked":["Rebound","Doom and Gloom","Conserve Battery"],"picked":"SKIP","floor":5},{"not_picked":["Capacitor","Go for the Eyes"],"picked":"Cold Snap","floor":7},{"not_picked":["Chaos","Stack"],"picked":"Heatsinks","floor":10},{"not_picked":["Turbo","Axe Kick"],"picked":"Cold Snap","floor":11},{"not_picked":["Rebound","Turbo","Auto Shields"],"picked":"SKIP","floor":12},{"not_picked":["All For One","Creative AI"],"picked":"Electrodynamics","floor":16},{"not_picked":["Barrage","Axe Kick+1"],"picked":"Capacitor","floor":18},{"not_picked":["Lockon","Rebound"],"picked":"White Noise","floor":21}],"player_experience":118520,"potions_floor_usage":[12,16],"damage_taken":[{"damage":2,"enemies":"Small Slimes","floor":1,"turns":2},{"damage":1,"enemies":"Cultist","floor":2,"turns":3},{"damage":3,"enemies":"2 Louse","floor":4,"turns":4},{"damage":28,"enemies":"Exordium Thugs","floor":5,"turns":4},{"damage":11,"enemies":"Lots of Slimes","floor":7,"turns":4},{"damage":2,"enemies":"Blue Slaver","floor":10,"turns":3},{"damage":0,"enemies":"Large Slime","floor":11,"turns":5},{"damage":0,"enemies":"Looter","floor":12,"turns":2},{"damage":25,"enemies":"Slime Boss","floor":16,"turns":16},{"damage":22,"enemies":"3 Byrds","floor":18,"turns":7},{"damage":9,"enemies":"Spheric Guardian","floor":21,"turns":4},{"damage":33,"enemies":"Chosen and Byrds","floor":22,"turns":6}],"relics_obtained":[{"floor":9,"key":"Darkstone Periapt"}],"event_choices":[{"event_name":"Bonfire Elementals","player_choice":"BASIC","floor":3,"damage_taken":0},{"event_name":"Scrap Ooze","player_choice":"success","floor":14,"damage_taken":3},{"event_name":"Back to Basics","player_choice":"Elegance","floor":19,"damage_taken":0},{"event_name":"Forgotten Altar","player_choice":"Shed Blood","floor":20,"damage_taken":0}],"boss_relics":[{"not_picked":["Inserter","Runic Dome"],"picked":"Sozu"}],"items_purged_floors":[13],"potions_floor_spawned":[1,11,18],"seed_played":"2316139992019240047","killed_by":"Chosen and Byrds","ascension_level":0,"potions_obtained":[{"floor":1,"key":"Ancient Potion"},{"floor":11,"key":"SpeedPotion"}],"is_trial":false}