{"gold_per_floor":[109,123,123,134,202,202,230,248,329,329,343,360,379,395,395,491,491,501,521,531,542,558,591,602,452,452,477,487,518,518,534,534,633,633,643,178,178,178,188,188,203,203,274,294,294,312,312,312,312,312,312,312,26,55,55],"floor_reached":56,"playtime":4650,"items_purged":["Strike_G","Strike_G"],"score":1222,"play_id":"67231d60-9981-4d4a-ae72-0739cd478b63","local_time":"20181225080324","is_ascension_mode":false,"campfire_choices":[{"floor":6.0,"key":"RECALL"},{"data":"Cloak And Dagger","floor":10.0,"key":"SMITH"},{"floor":15.0,"key":"REST"},{"floor":30.0,"key":"REST"},{"floor":32.0,"key":"REST"},{"data":"Cloak And Dagger","floor":40,"key":"SMITH"},{"data":"Footwork","floor":42,"key":"SMITH"},{"data":"Adrenaline","floor":45,"key":"SMITH"},{"data":"Malaise","floor":47,"key":"SMITH"},{"data":"Accuracy","floor":49,"key":"SMITH"},{"data":"Footwork","floor":52,"key":"SMITH"}],"neow_cost":"NONE","seed_source_timestamp":0,"circlet_count":0,"master_deck":["Defend_G+1","Defend_G","Defend_G","Defend_G","Defend_G","Strike_G","Strike_G","Strike_G","Survivor","Neutralize","Footwork+1","Slice","Cloak And Dagger+1","Backflip","Crippling Poison","Footwork+1","Dodge and Roll","Adrenaline+1","Cloak And Dagger+1","Malaise+1","Accuracy+1","Slice","Terror","Die Die Die","Caltrops+1","Blade Dance+1","Finisher+1","A Thousand Cuts+1","Well Laid Plans+1","Neutralize+1","PiercingWail","Leg Sweep"],"special_seed":0,"relics":["Ring of the Snake","Mercury Hourglass","Paper Crane","Matryoshka","WristBlade","Frozen Egg 2","Molten Egg 2","Ancient Tea Set","Unceasing Top","Bronze Scales","Busted Crown","FossilizedHelix","Bottled Flame","War Paint","The Specimen"],"potions_floor_usage":[55,55],"damage_taken":[{"damage":0.0,"enemies":"2 Louse","floor":1.0,"turns":3.0},{"damage":0.0,"enemies":"Jaw Worm","floor":2.0,"turns":6.0},{"damage":2.0,"enemies":"Cultist","floor":4.0,"turns":4.0},{"damage":51.0,"enemies":"Lagavulin","floor":7.0,"turns":12.0},{"damage":4.0,"enemies":"3 Louse","floor":8.0,"turns":3.0},{"damage":5.0,"enemies":"Looter","floor":11.0,"turns":3.0},{"damage":0.0,"enemies":"Gremlin Gang","floor":12.0,"turns":4.0},{"damage":1.0,"enemies":"Blue Slaver","floor":13.0,"turns":4.0},{"damage":0.0,"enemies":"3 Louse","floor":14.0,"turns":2.0},{"damage":25.0,"enemies":"Slime Boss","floor":16.0,"turns":16.0},{"damage":5.0,"enemies":"Chosen","floor":18.0,"turns":5.0},{"damage":4.0,"enemies":"Shell Parasite","floor":19.0,"turns":7.0},{"damage":27.0,"enemies":"Sentry and Sphere","floor":20.0,"turns":9.0},{"damage":16.0,"enemies":"Chosen and Byrds","floor":21.0,"turns":7.0},{"damage":14.0,"enemies":"Snecko","floor":22.0,"turns":8.0},{"damage":0.0,"enemies":"Book of Stabbing","floor":23.0,"turns":7.0},{"damage":1.0,"enemies":"3 Cultists","floor":24.0,"turns":6.0},{"damage":11.0,"enemies":"Slavers","floor":27.0,"turns":5.0},{"damage":4.0,"enemies":"Centurion and Healer","floor":28.0,"turns":8.0},{"damage":6.0,"enemies":"Book of Stabbing","floor":29.0,"turns":7.0},{"damage":0.0,"enemies":"Chosen and Byrds","floor":31.0,"turns":4.0},{"damage":16.0,"enemies":"Automaton","floor":33.0,"turns":14.0},{"damage":15,"enemies":"Orb Walker","floor":35,"turns":3},{"damage":0,"enemies":"3 Shapes","floor":39,"turns":3},{"damage":0,"enemies":"Transient","floor":41,"turns":5},{"damage":0,"enemies":"3 Darklings","floor":44,"turns":3},{"damage":0,"enemies":"Spire Growth","floor":46,"turns":5},{"damage":54,"enemies":"Donu and Deca","floor":50,"turns":10},{"damage":0,"enemies":"Shield and Spear","floor":54,"turns":6},{"damage":28,"enemies":"The Heart","floor":55,"turns":10}],"seed_played":"-4355663386714567606","potions_obtained":[{"floor":1.0,"key":"Swift Potion"},{"floor":4.0,"key":"Regen Potion"},{"floor":8.0,"key":"Weak Potion"},{"floor":16.0,"key":"SpeedPotion"},{"floor":18.0,"key":"Fire Potion"},{"floor":22.0,"key":"Energy Potion"},{"floor":23.0,"key":"Block Potion"},{"floor":24.0,"key":"GamblersBrew"},{"floor":27.0,"key":"Regen Potion"},{"floor":28.0,"key":"Weak Potion"},{"floor":33.0,"key":"Explosive Potion"},{"floor":39,"key":"Regen Potion"},{"floor":41,"key":"Weak Potion"},{"floor":54,"key":"Dexterity Potion"}],"is_trial":false,"path_per_floor":["M","M","?","M","T","R","E","M","T","R","M","M","M","M","R","B",null,"M","M","M","M","M","E","M","$","T","E","M","E","R","M","R","B",null,"M","$","?","?","M","R","M","R","T","M","R","M","R","?","R","B",null,"R","$","E","B",null],"character_chosen":"THE_SILENT","items_purchased":["Caltrops+1","Well Laid Plans+1","FossilizedHelix","Leg Sweep","War Paint","Weak Potion"],"campfire_rested":3,"item_purchase_floors":[25,36,36,53,53,53],"current_hp_per_floor":[77,77,82,80,80,80,44,40,40,40,35,35,34,34,58,33,82,77,73,46,30,16,16,15,15,15,4,15,9,33,33,57,41,82,67,67,67,67,67,67,67,67,67,67,67,67,67,67,67,13,78,78,78,78,65],"gold":55,"neow_bonus":"TEN_PERCENT_HP_BONUS","is_prod":false,"is_daily":false,"chose_seed":false,"campfire_upgraded":7,"win_rate":0,"timestamp":1545746604,"path_taken":["M","M","?","M","?","R","E","M","T","R","M","M","M","M","R","BOSS","M","?","M","M","M","E","M","$","T","E","M","E","R","M","R","BOSS","M","$","?","?","M","R","?","R","T","M","R","M","R","?","R","BOSS","R","$","E","BOSS"],"build_version":"2018-12-20","purchased_purges":2,"victory":true,"max_hp_per_floor":[77,77,82,82,82,82,82,82,82,82,82,82,82,82,82,82,82,82,82,82,82,82,82,82,82,82,82,82,82,82,82,82,82,82,82,82,78,78,78,78,78,78,78,78,78,78,78,78,78,78,78,78,78,78,78],"card_choices":[{"not_picked":["Flechettes","Deadly Poison"],"picked":"Footwork","floor":1.0},{"not_picked":["Reflex","Underhanded Strike","Accuracy"],"picked":"SKIP","floor":2.0},{"not_picked":["Deflect","Deadly Poison","Heel Hook"],"picked":"SKIP","floor":4.0},{"not_picked":["Deflect","Underhanded Strike"],"picked":"Slice","floor":7.0},{"not_picked":["Poisoned Stab","Sucker Punch"],"picked":"Cloak And Dagger","floor":8.0},{"not_picked":["Terror","Dodge and Roll"],"picked":"Backflip","floor":11.0},{"not_picked":["Deflect","Dagger Spray"],"picked":"Crippling Poison","floor":12.0},{"not_picked":["Concentrate","Glass Knife"],"picked":"Footwork","floor":13.0},{"not_picked":["Dagger Spray","Poisoned Stab"],"picked":"Dodge and Roll","floor":14.0},{"not_picked":["Envenom","Tools of the Trade"],"picked":"Adrenaline","floor":16.0},{"not_picked":["Dagger Spray+1","Acrobatics","Concentrate"],"picked":"SKIP","floor":18.0},{"not_picked":["Dagger Spray+1","Concentrate"],"picked":"Acrobatics","floor":18.0},{"not_picked":["Escape Plan","Dodge and Roll+1"],"picked":"Cloak And Dagger","floor":19.0},{"not_picked":["Deadly Poison","Backflip"],"picked":"Malaise","floor":20.0},{"not_picked":["Flying Knee","Concentrate+1"],"picked":"Accuracy","floor":21.0},{"not_picked":["All Out Attack","Poisoned Stab+1"],"picked":"Slice","floor":22.0},{"not_picked":["Eviscerate","Bouncing Flask"],"picked":"Terror","floor":23.0},{"not_picked":["Dagger Spray+1","Outmaneuver"],"picked":"Die Die Die","floor":24.0},{"not_picked":["Quick Slash+1","Flying Knee+1"],"picked":"Blade Dance","floor":27.0},{"not_picked":["Skewer+1","Dagger Throw+1","Tactician"],"picked":"SKIP","floor":28.0},{"not_picked":["Outmaneuver","Blur"],"picked":"Finisher+1","floor":29.0},{"not_picked":["Deadly Poison","Quick Slash+1","Skewer+1"],"picked":"SKIP","floor":31.0},{"not_picked":["Storm of Steel","Wraith Form v2+1"],"picked":"A Thousand Cuts+1","floor":33.0},{"not_picked":["Outmaneuver+1"],"picked":"SKIP","floor":35},{"not_picked":["Dagger Throw+1"],"picked":"SKIP","floor":39},{"not_picked":[],"picked":"PiercingWail","floor":41},{"not_picked":["PiercingWail+1"],"picked":"SKIP","floor":44},{"not_picked":["Acrobatics+1"],"picked":"SKIP","floor":46},{"not_picked":["Reflex+1"],"picked":"SKIP","floor":54}],"player_experience":291337,"relics_obtained":[{"floor":5.0,"key":"Mercury Hourglass"},{"floor":7.0,"key":"Paper Crane"},{"floor":9.0,"key":"Matryoshka"},{"floor":23.0,"key":"Frozen Egg 2"},{"floor":26.0,"key":"Molten Egg 2"},{"floor":26.0,"key":"Ancient Tea Set"},{"floor":27.0,"key":"Unceasing Top"},{"floor":29.0,"key":"Bronze Scales"},{"floor":43,"key":"Bottled Flame"},{"floor":54,"key":"The Specimen"}],"event_choices":[{"damage_healed":0.0,"max_hp_gain":5.0,"max_hp_loss":0.0,"gold_gain":0.0,"event_name":"Big Fish","player_choice":"Donut","floor":3.0,"gold_loss":0.0,"damage_taken":0.0},{"damage_healed":0,"gold_gain":0,"player_choice":"Max HP","damage_taken":0,"max_hp_gain":0,"max_hp_loss":4,"event_name":"Winding Halls","floor":37,"gold_loss":0},{"damage_healed":0,"gold_gain":0,"player_choice":"1 cards matched","damage_taken":0,"max_hp_gain":0,"max_hp_loss":0,"event_name":"Match and Keep!","floor":38,"gold_loss":0,"cards_obtained":["Neutralize"]},{"cards_removed":["Acrobatics"],"damage_healed":0,"gold_gain":0,"player_choice":"Removed Skill","damage_taken":0,"max_hp_gain":0,"max_hp_loss":0,"event_name":"Falling","floor":48,"gold_loss":0}],"is_beta":false,"boss_relics":[{"not_picked":["HoveringKite","Snecko Eye"],"picked":"WristBlade"},{"not_picked":["Pandora\u0027s Box","Philosopher\u0027s Stone"],"picked":"Busted Crown"}],"items_purged_floors":[25,36],"is_endless":false,"potions_floor_spawned":[1,4,8,16,18,22,23,24,27,28,33,39,41,54],"ascension_level":0}