{"gold_per_floor":[116,116,127,127,140,168,168,200,200,200,6,31,42,62,62,62],"floor_reached":16,"playtime":1010,"items_purged":["Defend_B"],"score":156,"play_id":"7b5a9ceb-5b2f-40a9-9722-1068db419dd9","local_time":"20180915222607","is_ascension_mode":true,"campfire_choices":[{"floor":7,"key":"REST"},{"floor":10,"key":"REST"},{"floor":15,"key":"REST"}],"neow_cost":"NONE","seed_source_timestamp":34463401268874,"circlet_count":0,"master_deck":["Strike_B","Strike_B","Strike_B","Defend_B","Defend_B","Defend_B","Zap","Dualcast","All For One","Steam","Regret","Go for the Eyes","Rebound","Defragment","Turbo","Beam Cell","Self Repair"],"relics":["Cracked Core","Ancient Tea Set","Bottled Flame","Pear","Blood Vial","Shuriken"],"potions_floor_usage":[6,6,8,16],"damage_taken":[{"damage":9,"enemies":"Small Slimes","floor":1,"turns":3},{"damage":0,"enemies":"2 Louse","floor":3,"turns":2},{"damage":1,"enemies":"Cultist","floor":5,"turns":4},{"damage":7,"enemies":"3 Sentries","floor":6,"turns":8},{"damage":28,"enemies":"Lagavulin","floor":8,"turns":6},{"damage":29,"enemies":"3 Sentries","floor":12,"turns":8},{"damage":11,"enemies":"Blue Slaver","floor":13,"turns":3},{"damage":7,"enemies":"Looter","floor":14,"turns":3},{"damage":68,"enemies":"The Guardian","floor":16,"turns":6}],"seed_played":"2536572244658746120","potions_obtained":[{"floor":3,"key":"SkillPotion"},{"floor":5,"key":"EssenceOfSteel"},{"floor":6,"key":"SteroidPotion"},{"floor":14,"key":"LiquidBronze"}],"is_trial":false,"path_per_floor":["M","?","M","?","M","E","R","E","T","R","$","E","M","M","R"],"character_chosen":"DEFECT","items_purchased":["Defragment","Turbo"],"campfire_rested":3,"item_purchase_floors":[11,11],"current_hp_per_floor":[59,59,59,52,51,44,66,48,48,73,73,46,37,39,64,0],"gold":62,"neow_bonus":"ONE_RANDOM_RARE_CARD","is_prod":false,"is_daily":false,"chose_seed":false,"campfire_upgraded":0,"win_rate":0,"timestamp":1537043167,"path_taken":["M","?","?","?","?","E","R","E","T","R","$","E","M","M","R","BOSS"],"build_version":"2018-09-06","purchased_purges":1,"victory":false,"max_hp_per_floor":[75,75,75,75,75,75,75,85,85,85,85,85,85,85,85,85],"card_choices":[{"not_picked":["Blizzard","Chill"],"picked":"Steam","floor":1},{"not_picked":["Cold Snap","Doom and Gloom"],"picked":"Go for the Eyes","floor":3},{"not_picked":["Scrape","Cold Snap"],"picked":"Rebound","floor":5},{"not_picked":["Conserve Battery","Auto Shields","Ball Lightning"],"picked":"SKIP","floor":6},{"not_picked":["Streamline","Ball Lightning","Thunder Strike"],"picked":"SKIP","floor":8},{"not_picked":["Compile Driver","Leap"],"picked":"Beam Cell","floor":12},{"not_picked":["Coolheaded","Compile Driver"],"picked":"Self Repair","floor":13},{"not_picked":["Undo","Stack","Conserve Battery"],"picked":"SKIP","floor":14}],"player_experience":203048,"relics_obtained":[{"floor":6,"key":"Bottled Flame"},{"floor":8,"key":"Pear"},{"floor":9,"key":"Blood Vial"},{"floor":12,"key":"Shuriken"}],"event_choices":[{"event_name":"Big Fish","player_choice":"Box","floor":2,"damage_taken":0},{"event_name":"Golden Wing","player_choice":"Card Removal","floor":4,"damage_taken":0}],"is_beta":false,"boss_relics":[],"items_purged_floors":[11],"is_endless":false,"potions_floor_spawned":[3,5,6,14],"killed_by":"The Guardian","ascension_level":6}