{"gold_per_floor":[361,361,33,51,74,89,108,123,148,148,158,174,67,87,87,187,187,200,290,290,304,304,304,304],"floor_reached":24,"playtime":795,"items_purged":[],"score":247,"play_id":"da67a15c-c148-4873-9946-74ccb0dae171","local_time":"20180915042229","is_ascension_mode":true,"campfire_choices":[{"data":"Loop","floor":10,"key":"SMITH"},{"floor":15,"key":"REST"},{"floor":23,"key":"REST"}],"neow_cost":"TEN_PERCENT_HP_LOSS","seed_source_timestamp":49998474163422,"circlet_count":0,"master_deck":["Strike_B","Strike_B","Strike_B","Strike_B","Defend_B","Defend_B","Defend_B","Defend_B","Zap","Dualcast","Sweeping Beam","Panache","Loop+1","Force Field","Go for the Eyes","Sweeping Beam","Rainbow","Loop","White Noise","FTL","Beam Cell","Electrodynamics","Turbo+1","Rebound+1","Writhe"],"relics":["Cracked Core","Art of War","Strawberry","Sozu","Enchiridion","Incense Burner"],"potions_floor_usage":[8,12,16,16,16],"damage_taken":[{"damage":4,"enemies":"2 Louse","floor":1,"turns":3},{"damage":7,"enemies":"Jaw Worm","floor":4,"turns":4},{"damage":4,"enemies":"Cultist","floor":6,"turns":5},{"damage":5,"enemies":"Red Slaver","floor":7,"turns":4},{"damage":3,"enemies":"Exordium Thugs","floor":8,"turns":3},{"damage":5,"enemies":"Blue Slaver","floor":11,"turns":4},{"damage":2,"enemies":"3 Louse","floor":12,"turns":2},{"damage":9,"enemies":"2 Fungi Beasts","floor":14,"turns":3},{"damage":2,"enemies":"Slime Boss","floor":16,"turns":5},{"damage":7,"enemies":"3 Byrds","floor":18,"turns":3},{"damage":0,"enemies":"2 Thieves","floor":21,"turns":1},{"damage":60,"enemies":"Book of Stabbing","floor":24,"turns":5}],"seed_played":"352696737363329937","potions_obtained":[{"floor":1,"key":"Strength Potion"},{"floor":6,"key":"Swift Potion"},{"floor":7,"key":"Dexterity Potion"},{"floor":11,"key":"Block Potion"},{"floor":12,"key":"Ancient Potion"}],"is_trial":false,"path_per_floor":["M","?","$","M","T","M","M","M","T","R","M","M","$","M","R","B",null,"M","?","?","M","?","R"],"character_chosen":"DEFECT","items_purchased":["Panache","Loop","Force Field","White Noise","FTL"],"campfire_rested":2,"item_purchase_floors":[3,3,3,13,13],"current_hp_per_floor":[64,64,64,57,57,53,48,45,52,52,47,45,45,36,58,56,70,63,49,33,33,33,55,0],"gold":304,"neow_bonus":"TWO_FIFTY_GOLD","is_prod":false,"is_daily":false,"chose_seed":false,"campfire_upgraded":1,"win_rate":0,"timestamp":1536978149,"path_taken":["M","?","$","M","?","M","M","M","T","R","M","?","$","M","R","BOSS","M","?","?","M","?","R","E"],"build_version":"2018-09-06","purchased_purges":0,"victory":false,"max_hp_per_floor":[68,68,68,68,68,68,68,68,75,75,75,75,75,75,75,75,75,75,75,75,75,75,75,75],"card_choices":[{"not_picked":["Reinforced Body","Beam Cell"],"picked":"Sweeping Beam","floor":1},{"not_picked":["Darkness","Gash"],"picked":"Go for the Eyes","floor":4},{"not_picked":["Redo","Leap","Recycle"],"picked":"SKIP","floor":6},{"not_picked":["Hologram","Ball Lightning"],"picked":"Sweeping Beam","floor":7},{"not_picked":["Barrage","Skim"],"picked":"Rainbow","floor":8},{"not_picked":["Sweeping Beam","Hologram"],"picked":"Loop","floor":11},{"not_picked":["Blizzard","Genetic Algorithm","Undo"],"picked":"SKIP","floor":12},{"not_picked":["Reprogram","Barrage"],"picked":"Beam Cell","floor":14},{"not_picked":["Meteor Strike","Thunder Strike"],"picked":"Electrodynamics","floor":16},{"not_picked":["Go for the Eyes","Double Energy"],"picked":"Turbo+1","floor":18},{"not_picked":["Beam Cell","Streamline"],"picked":"Rebound+1","floor":21}],"player_experience":174165,"relics_obtained":[{"floor":5,"key":"Art of War"},{"floor":9,"key":"Strawberry"},{"floor":20,"key":"Enchiridion"}],"event_choices":[{"event_name":"The Cleric","player_choice":"Leave","floor":2,"damage_taken":0},{"event_name":"Knowing Skull","player_choice":"GOLD ","floor":19,"damage_taken":0},{"event_name":"Cursed Tome","player_choice":"Obtained Book","floor":20,"damage_taken":0},{"event_name":"The Mausoleum","player_choice":"Yes","floor":22,"damage_taken":0}],"is_beta":false,"boss_relics":[{"not_picked":["Busted Crown","Tiny House"],"picked":"Sozu"}],"items_purged_floors":[],"is_endless":false,"potions_floor_spawned":[1,6,7,11,12],"killed_by":"Book of Stabbing","ascension_level":6}