{"gold_per_floor":[19,19,36,50,66,66,66,97,121,121,131,56,56,56,56,159,159,169,169,189,17,17,42,56,56,56,56,66,20,20,30,30,129,129,146,146,146,146,156,156],"floor_reached":40,"playtime":2103,"items_purged":["Strike_B","Pain"],"score":591,"play_id":"a0fd9af0-8e36-452e-841e-0a8d15dbe04d","local_time":"20181206091223","is_ascension_mode":true,"campfire_choices":[{"floor":6,"key":"REST"},{"data":"Dualcast","floor":10,"key":"SMITH"},{"data":"Go for the Eyes","floor":13,"key":"SMITH"},{"data":"Rebound","floor":15,"key":"SMITH"},{"floor":25,"key":"REST"},{"floor":27,"key":"REST"},{"floor":32,"key":"REST"}],"neow_cost":"NO_GOLD","seed_source_timestamp":740486007597863,"circlet_count":0,"master_deck":["Defend_B","Defend_B","Defend_B","Zap+1","Leap","Rebound+1","Go for the Eyes+1","Seek","Gash","Scrape","Undo+1","Gash","Coolheaded","Buffer","Hologram+1","Auto Shields","Coolheaded"],"relics":["Cracked Core","Juzu Bracelet","Whetstone","Sozu","WarpedTongs","Ice Cream","Omamori","Shuriken","Empty Cage"],"potions_floor_usage":[8,16],"damage_taken":[{"damage":22,"enemies":"Small Slimes","floor":1,"turns":3},{"damage":1,"enemies":"Cultist","floor":3,"turns":3},{"damage":0,"enemies":"2 Louse","floor":4,"turns":2},{"damage":7,"enemies":"Exordium Thugs","floor":5,"turns":4},{"damage":25,"enemies":"Lagavulin","floor":8,"turns":7},{"damage":0,"enemies":"Large Slime","floor":11,"turns":4},{"damage":21,"enemies":"The Guardian","floor":16,"turns":11},{"damage":0,"enemies":"Chosen","floor":18,"turns":4},{"damage":9,"enemies":"3 Byrds","floor":20,"turns":5},{"damage":56,"enemies":"Gremlin Leader","floor":23,"turns":9},{"damage":6,"enemies":"Shelled Parasite and Fungi","floor":24,"turns":5},{"damage":14,"enemies":"Centurion and Healer","floor":28,"turns":5},{"damage":4,"enemies":"Colosseum Slavers","floor":30,"turns":5},{"damage":5,"enemies":"Snecko","floor":31,"turns":5},{"damage":45,"enemies":"Champ","floor":33,"turns":10},{"damage":10,"enemies":"3 Shapes","floor":35,"turns":6},{"damage":10,"enemies":"3 Darklings","floor":39,"turns":6},{"damage":86,"enemies":"Nemesis","floor":40,"turns":14}],"seed_played":"-7751226375218555052","potions_obtained":[{"floor":1,"key":"Strength Potion"},{"floor":3,"key":"Strength Potion"},{"floor":8,"key":"FairyPotion"}],"is_trial":false,"path_per_floor":["M","?","M","M","M","R","?","E","T","R","M","$","R","?","R","B",null,"M","?","M","$","T","E","M","R","T","R","M","$","?","M","R","B",null,"M","?","?","?","M","E"],"character_chosen":"DEFECT","items_purchased":["Scrape","Coolheaded"],"campfire_rested":4,"item_purchase_floors":[21,29],"current_hp_per_floor":[46,46,45,45,38,60,85,60,60,60,60,60,60,65,65,44,79,79,79,70,70,70,14,8,35,35,62,48,48,44,39,66,21,73,63,63,63,63,53,0],"gold":156,"neow_bonus":"REMOVE_TWO","is_prod":false,"is_daily":false,"chose_seed":false,"campfire_upgraded":3,"win_rate":0,"timestamp":1544116343,"path_taken":["M","?","M","M","?","R","?","E","T","R","M","?","R","?","R","BOSS","M","?","M","$","?","E","M","R","T","R","M","$","?","M","R","BOSS","M","?","?","?","M","E"],"build_version":"2018-11-15","purchased_purges":2,"victory":false,"max_hp_per_floor":[75,75,75,75,75,75,85,85,85,85,85,85,85,90,90,90,90,90,90,90,90,90,90,90,90,90,90,90,90,90,90,90,90,90,90,90,90,90,90,90],"card_choices":[{"not_picked":["Lockon","Stack","Glacier"],"picked":"SKIP","floor":1},{"not_picked":["Stack","Barrage"],"picked":"Leap","floor":3},{"not_picked":["Skim","Barrage","Storm"],"picked":"SKIP","floor":4},{"not_picked":["Cold Snap","Capacitor"],"picked":"Fission","floor":5},{"not_picked":["Tempest","Reinforced Body"],"picked":"Rebound","floor":8},{"not_picked":["Self Repair","Rip and Tear"],"picked":"Go for the Eyes","floor":11},{"not_picked":["Buffer","Meteor Strike"],"picked":"Seek","floor":16},{"not_picked":["Rebound","Auto Shields"],"picked":"Gash","floor":18},{"not_picked":["Reinforced Body","Barrage","Ball Lightning"],"picked":"SKIP","floor":20},{"not_picked":["Barrage+1","Redo"],"picked":"Undo+1","floor":23},{"not_picked":["Consume","Reboot","Undo"],"picked":"SKIP","floor":24},{"not_picked":["Cold Snap+1","Blizzard"],"picked":"Gash","floor":28},{"not_picked":["Force Field","Leap","Blizzard"],"picked":"SKIP","floor":31},{"not_picked":["Thunder Strike","Reboot"],"picked":"Buffer","floor":33},{"not_picked":["Rebound","Beam Cell+1"],"picked":"Hologram+1","floor":35},{"not_picked":["Genetic Algorithm+1","Heatsinks+1"],"picked":"Coolheaded","floor":39}],"player_experience":568013,"relics_obtained":[{"floor":8,"key":"Juzu Bracelet"},{"floor":9,"key":"Whetstone"},{"floor":22,"key":"Ice Cream"},{"floor":23,"key":"Omamori"},{"floor":26,"key":"Shuriken"}],"event_choices":[{"damage_healed":0,"gold_gain":0,"player_choice":"Upgraded","damage_taken":0,"max_hp_gain":0,"max_hp_loss":0,"event_name":"Upgrade Shrine","floor":2,"gold_loss":0,"cards_upgraded":["Zap"]},{"cards_removed":["Fission"],"damage_healed":15,"gold_gain":0,"player_choice":"Offered Rare","damage_taken":0,"max_hp_gain":10,"max_hp_loss":0,"event_name":"Bonfire Elementals","floor":7,"gold_loss":0},{"damage_healed":0,"gold_gain":0,"player_choice":"Donut","damage_taken":0,"max_hp_gain":5,"max_hp_loss":0,"event_name":"Big Fish","floor":14,"gold_loss":0},{"damage_healed":0,"gold_gain":0,"player_choice":"Rummage","damage_taken":0,"relics_obtained":["WarpedTongs"],"max_hp_gain":0,"max_hp_loss":0,"event_name":"Accursed Blacksmith","floor":19,"gold_loss":0,"cards_obtained":["Pain"]},{"damage_healed":0,"gold_gain":0,"player_choice":"Fight","damage_taken":0,"max_hp_gain":0,"max_hp_loss":0,"event_name":"Colosseum","floor":30,"gold_loss":0},{"damage_healed":0,"gold_gain":0,"player_choice":"Fled From Nobs","damage_taken":0,"max_hp_gain":0,"max_hp_loss":0,"event_name":"Colosseum","floor":30,"gold_loss":0},{"cards_removed":["Strike_B"],"damage_healed":0,"gold_gain":0,"player_choice":"Removed Attack","damage_taken":0,"max_hp_gain":0,"max_hp_loss":0,"event_name":"Falling","floor":36,"gold_loss":0},{"damage_healed":0,"gold_gain":0,"player_choice":"1 cards matched","damage_taken":0,"max_hp_gain":0,"max_hp_loss":0,"event_name":"Match and Keep!","floor":37,"gold_loss":0,"cards_obtained":["Auto Shields"]},{"damage_healed":0,"gold_gain":0,"player_choice":"Ignored","damage_taken":0,"max_hp_gain":0,"max_hp_loss":0,"event_name":"Mysterious Sphere","floor":38,"gold_loss":0}],"is_beta":false,"boss_relics":[{"not_picked":["Snecko Eye","White Beast Statue"],"picked":"Sozu"},{"not_picked":["Philosopher\u0027s Stone","Coffee Dripper"],"picked":"Empty Cage"}],"items_purged_floors":[12,21],"is_endless":false,"potions_floor_spawned":[1,3,8,18,20,30,35,39],"killed_by":"Nemesis","ascension_level":8}