{"path_per_floor":["M","M","$","M","?","R","M","R","T","R","?","$","?","M","R","B",null,"M","?","M","M","$","R","?","?","T","M","$","R","M","M","R","B",null,"M","$","?","M","M","R","M","R","T","?","R","M","?","M","R","B"],"character_chosen":"IRONCLAD","items_purchased":["Anchor","Bag of Preparation","Warcry","Impervious","Dual Wield"],"gold_per_floor":[361,375,145,160,235,235,252,252,252,252,310,109,132,145,145,245,245,261,261,271,284,132,132,132,47,347,357,176,176,186,200,200,297,297,317,192,0,20,39,39,59,59,110,110,110,123,123,137,137,137],"floor_reached":51,"campfire_rested":0,"playtime":3277,"current_hp_per_floor":[39,39,39,45,34,34,40,40,40,40,46,46,52,58,58,38,80,69,56,50,54,54,54,54,54,54,59,59,59,62,60,60,62,62,62,62,62,62,56,56,62,62,62,62,62,62,62,65,65,55],"items_purged":["Bash","Bite_R","Bite_R"],"gold":137,"play_id":"66d23a09-25ba-4991-a2b9-34b0f5b170b4","is_prod":false,"is_daily":false,"campfire_rituals":0,"campfire_upgraded":11,"is_hardmode":false,"path_taken":["M","M","$","M","?","R","M","R","T","R","?","?","?","M","R","BOSS","M","?","M","M","$","R","?","?","T","M","$","R","M","M","R","BOSS","M","$","?","M","?","R","M","R","T","?","R","M","?","M","R","BOSS"],"build_version":"2018-01-18-PROD2","purchased_purges":5,"victory":true,"master_deck":["Defend_R","Defend_R","Defend_R","Defend_R","Body Slam","Pommel Strike","Flame Barrier","Body Slam","Flame Barrier","Warcry","Feed","Battle Trance","Bite_R","Bite_R","Bite_R","Impervious","Seeing Red","Body Slam","Dual Wield","Shrug It Off","Barricade","Metallicize","Metallicize","Battle Trance","Warcry"],"max_hp_per_floor":[80,80,80,80,80,80,80,80,80,80,80,80,80,80,80,80,80,80,56,56,56,56,56,56,56,56,59,59,59,62,62,62,62,62,62,62,62,62,62,62,62,62,62,62,62,62,62,65,65,65],"relics":["Burning Blood","Anchor","Torii","Regal Pillow","Bag of Preparation","Odd Mushroom","Question Card","Blood Vial","Old Coin","Velvet Choker","Red Mask","Ancient Tea Set"],"campfire_meditates":0,"card_choices":[{"not_picked":["Flex","Metallicize"],"picked":"Body Slam"},{"not_picked":["Heavy Blade","Sever Soul"],"picked":"Pommel Strike"},{"not_picked":["Reckless Charge","Flex"],"picked":"Flame Barrier"},{"not_picked":["Anger","Fire Breathing"],"picked":"Body Slam"},{"not_picked":["Dropkick","Sword Boomerang"],"picked":"Flame Barrier"},{"not_picked":["Reaper","Double Tap"],"picked":"Feed"},{"not_picked":["Flex","Feel No Pain","True Grit"],"picked":"Battle Trance"},{"not_picked":["Clothesline","Double Tap","Thunderclap"],"picked":"Body Slam"},{"not_picked":["Iron Wave","Sword Boomerang","Metallicize"],"picked":"Shrug It Off"},{"not_picked":["Reaper","Fiend Fire","Impervious"],"picked":"Barricade"},{"not_picked":["Perfected Strike","Reaper","Burning Pact"],"picked":"Metallicize"},{"not_picked":["Clash","Pummel","Headbutt"],"picked":"Metallicize"},{"not_picked":["Clothesline","Twin Strike","Clash"],"picked":"Warcry"}],"player_experience":13578,"potions_floor_usage":[7,18,20,27,33,50,50,50],"damage_taken":[{"damage":7,"enemies":"Small Slimes","floor":1,"turns":6},{"damage":6,"enemies":"Jaw Worm","floor":2,"turns":4},{"damage":0,"enemies":"2 Louse","floor":4,"turns":2},{"damage":0,"enemies":"Exordium Wildlife","floor":7,"turns":5},{"damage":0,"enemies":"Gremlin Nob","floor":11,"turns":3},{"damage":0,"enemies":"The Mushroom Lair","floor":13,"turns":2},{"damage":0,"enemies":"2 Fungi Beasts","floor":14,"turns":2},{"damage":26,"enemies":"The Guardian","floor":16,"turns":11},{"damage":17,"enemies":"Spheric Guardian","floor":18,"turns":5},{"damage":12,"enemies":"Shell Parasite","floor":20,"turns":4},{"damage":16,"enemies":"Snake Plant","floor":21,"turns":5},{"damage":13,"enemies":"3 Cultists","floor":27,"turns":6},{"damage":0,"enemies":"Chosen and Byrds","floor":30,"turns":3},{"damage":8,"enemies":"Snake Plant","floor":31,"turns":3},{"damage":0,"enemies":"Automaton","floor":33,"turns":4},{"damage":0,"enemies":"3 Shapes","floor":35,"turns":4},{"damage":0,"enemies":"Orb Walker","floor":38,"turns":1},{"damage":12,"enemies":"4 Shapes","floor":39,"turns":4},{"damage":0,"enemies":"Maw","floor":41,"turns":5},{"damage":6,"enemies":"3 Darklings","floor":46,"turns":5},{"damage":0,"enemies":"Sphere and 2 Shapes","floor":48,"turns":6},{"damage":26,"enemies":"Donu and Deca","floor":50,"turns":12}],"event_choices":[{"event_name":"World of Goop","player_choice":"Gather Gold","floor":5,"damage_taken":0},{"event_name":"Dead Adventurer","player_choice":"Searched \u00272\u0027 times","floor":11,"damage_taken":0},{"event_name":"Mushrooms","player_choice":"Fought Mushrooms","floor":13,"damage_taken":0},{"event_name":"Vampires","player_choice":"Became a vampire","floor":19,"damage_taken":0},{"event_name":"The Library","player_choice":"Read","floor":24,"damage_taken":0},{"event_name":"Addict","player_choice":"Obtained Relic","floor":25,"damage_taken":0},{"event_name":"Tomb of Lord Red Mask","player_choice":"Paid","floor":37,"damage_taken":0},{"event_name":"Duplicator","player_choice":"One dupe","floor":44,"damage_taken":0},{"event_name":"The Lab","player_choice":"Got Potions","floor":47,"damage_taken":0}],"boss_relics":[{"not_picked":["Cursed Key","Orrery"],"picked":"Question Card"},{"not_picked":["Runic Dome","Mark of Pain"],"picked":"Velvet Choker"}],"potions_floor_spawned":[4,11,13,16,20,30,31,35,41,48],"seed_played":"5862826532328049800","is_trial":false}