{"gold_per_floor":[111,36,36,92,108,108,126,151,174,174,189,189,232,232,232,232],"floor_reached":16,"playtime":1150,"items_purged":[],"score":185,"play_id":"a2b21a32-1dd5-4296-9054-a0cf06afe21f","local_time":"20180924014159","is_ascension_mode":true,"campfire_choices":[{"floor":6,"key":"REST"},{"data":"Zap","floor":10,"key":"SMITH"},{"floor":12,"key":"REST"},{"data":"Dualcast","floor":15,"key":"SMITH"}],"neow_cost":"","seed_source_timestamp":737283158621520,"circlet_count":0,"master_deck":["Strike_B","Strike_B","Strike_B","Defend_B","Defend_B","Defend_B","Zap+1","Dualcast+1","AscendersBane","Reinforced Body","Glacier","Gash"],"relics":["Cracked Core","Golden Idol","Tiny Chest","Regal Pillow","Juzu Bracelet"],"potions_floor_usage":[11,13],"damage_taken":[{"damage":0,"enemies":"2 Louse","floor":1,"turns":2},{"damage":2,"enemies":"Jaw Worm","floor":5,"turns":4},{"damage":3,"enemies":"Small Slimes","floor":7,"turns":5},{"damage":4,"enemies":"Blue Slaver","floor":8,"turns":5},{"damage":4,"enemies":"Lots of Slimes","floor":11,"turns":6},{"damage":18,"enemies":"3 Sentries","floor":13,"turns":10},{"damage":68,"enemies":"Slime Boss","floor":16,"turns":10}],"seed_played":"562899157899551893","potions_obtained":[{"floor":5,"key":"Swift Potion"},{"floor":7,"key":"SpeedPotion"}],"is_trial":false,"path_per_floor":["M","?","?","T","M","R","M","M","T","R","M","R","E","?","R"],"character_chosen":"DEFECT","items_purchased":[],"campfire_rested":2,"item_purchase_floors":[],"current_hp_per_floor":[64,64,40,40,38,59,56,52,52,52,48,71,53,53,53,0],"gold":232,"neow_bonus":"","is_prod":false,"is_daily":false,"chose_seed":false,"campfire_upgraded":2,"win_rate":0,"timestamp":1537746119,"path_taken":["M","?","?","?","M","R","M","?","T","R","M","R","E","?","R","BOSS"],"build_version":"2018-09-20","purchased_purges":0,"victory":false,"max_hp_per_floor":[71,71,71,71,71,71,71,71,71,71,71,71,71,71,71,71],"card_choices":[{"not_picked":["Conserve Battery","Scrape"],"picked":"Reinforced Body","floor":1},{"not_picked":["Blizzard","Chill"],"picked":"Glacier","floor":5},{"not_picked":["Leap","Skim","Steam"],"picked":"SKIP","floor":7},{"not_picked":["Redo","Steam Power"],"picked":"Gash","floor":8},{"not_picked":["Coolheaded","Rip and Tear","Hologram"],"picked":"SKIP","floor":11},{"not_picked":["Darkness","Steam","Stack"],"picked":"SKIP","floor":13}],"player_experience":607906,"relics_obtained":[{"floor":4,"key":"Tiny Chest"},{"floor":9,"key":"Regal Pillow"},{"floor":13,"key":"Juzu Bracelet"}],"event_choices":[{"event_name":"The Cleric","player_choice":"Card Removal","floor":2,"damage_taken":0},{"event_name":"Golden Idol","player_choice":"Take Damage","floor":3,"damage_taken":0},{"event_name":"Wheel of Change","player_choice":"Card Removal","floor":14,"damage_taken":0}],"is_beta":false,"boss_relics":[],"items_purged_floors":[],"is_endless":false,"potions_floor_spawned":[5,7,8],"killed_by":"Slime Boss","ascension_level":17}