{"gold_per_floor":[110,87,104,115,7,38,54,86,110,60,90,90,116,128,128,225,225,241,257,267,142,142,142,161,161],"floor_reached":25,"playtime":2616,"items_purged":["Strike_B","Strike_B"],"score":326,"play_id":"e911f881-3487-4a39-af94-8a8f3e654f6d","local_time":"20181106203630","is_ascension_mode":true,"campfire_choices":[{"floor":12,"key":"REST"},{"floor":15,"key":"REST"},{"floor":23,"key":"REST"}],"neow_cost":"TEN_PERCENT_HP_LOSS","seed_source_timestamp":198063380116177,"circlet_count":0,"master_deck":["Strike_B","Defend_B","Defend_B","Defend_B","Defend_B","Zap","Dualcast","Bandage Up","Impatience","Coolheaded","Steam","Streamline","Sunder","Seek","Cold Snap","Go for the Eyes","Capacitor","Genetic Algorithm","Coolheaded","Machine Learning","Conserve Battery","Ball Lightning+1","Beam Cell","Cold Snap"],"relics":["Cracked Core","Pen Nib","Omamori","Lantern","PreservedInsect","Oddly Smooth Stone","Sozu"],"potions_floor_usage":[6,11,20],"damage_taken":[{"damage":10,"enemies":"Small Slimes","floor":1,"turns":3},{"damage":5,"enemies":"2 Louse","floor":3,"turns":2},{"damage":3,"enemies":"Cultist","floor":4,"turns":4},{"damage":20,"enemies":"Gremlin Nob","floor":6,"turns":4},{"damage":14,"enemies":"2 Fungi Beasts","floor":7,"turns":3},{"damage":20,"enemies":"Lagavulin","floor":8,"turns":6},{"damage":5,"enemies":"3 Sentries","floor":11,"turns":7},{"damage":24,"enemies":"Lagavulin","floor":13,"turns":6},{"damage":3,"enemies":"Large Slime","floor":14,"turns":6},{"damage":24,"enemies":"Slime Boss","floor":16,"turns":13},{"damage":5,"enemies":"2 Thieves","floor":18,"turns":4},{"damage":10,"enemies":"Shell Parasite","floor":19,"turns":4},{"damage":23,"enemies":"Centurion and Healer","floor":20,"turns":8},{"damage":23,"enemies":"Snake Plant","floor":24,"turns":5},{"damage":50,"enemies":"Gremlin Leader","floor":25,"turns":3}],"seed_played":"4747565872408277883","potions_obtained":[{"floor":3,"key":"Regen Potion"},{"floor":8,"key":"SkillPotion"},{"floor":13,"key":"Fire Potion"}],"is_trial":false,"path_per_floor":["M","$","M","M","$","E","M","E","T","?","E","R","E","M","R","B",null,"M","M","M","$","?","R","M","E"],"character_chosen":"DEFECT","items_purchased":["Steam","Sunder","Beam Cell"],"campfire_rested":3,"item_purchase_floors":[2,5,21],"current_hp_per_floor":[62,62,61,62,62,51,41,25,25,25,24,44,24,25,45,25,57,56,50,31,31,19,40,21,0],"gold":161,"neow_bonus":"RANDOM_COLORLESS_2","is_prod":false,"is_daily":false,"chose_seed":false,"campfire_upgraded":0,"win_rate":0,"timestamp":1541554590,"path_taken":["M","$","M","M","$","E","M","E","T","?","E","R","E","M","R","BOSS","M","M","M","$","?","R","M","E"],"build_version":"2018-11-01","purchased_purges":2,"victory":false,"max_hp_per_floor":[68,68,68,68,68,68,68,68,68,68,68,68,68,68,68,68,68,68,68,68,68,73,73,73,73],"card_choices":[{"not_picked":["Turbo","Conserve Battery"],"picked":"Coolheaded","floor":1},{"not_picked":["Force Field","Stack"],"picked":"Streamline","floor":3},{"not_picked":["Streamline","Hologram","Turbo"],"picked":"SKIP","floor":4},{"not_picked":["Cold Snap","Gash"],"picked":"Seek","floor":6},{"not_picked":["Ball Lightning","Scrape"],"picked":"Cold Snap","floor":7},{"not_picked":["Leap","Steam"],"picked":"Go for the Eyes","floor":8},{"not_picked":["Compile Driver","Scrape"],"picked":"Capacitor","floor":11},{"not_picked":["Cold Snap","Melter"],"picked":"Genetic Algorithm","floor":13},{"not_picked":["Skim","Aggregate"],"picked":"Coolheaded","floor":14},{"not_picked":["Hyperbeam","Thunder Strike"],"picked":"Machine Learning","floor":16},{"not_picked":["Reprogram","Hello World","Coolheaded"],"picked":"SKIP","floor":18},{"not_picked":["Sweeping Beam","Streamline"],"picked":"Conserve Battery","floor":19},{"not_picked":["Barrage+1","Compile Driver"],"picked":"Ball Lightning+1","floor":20},{"not_picked":["Conserve Battery","Barrage"],"picked":"Cold Snap","floor":24}],"player_experience":177691,"relics_obtained":[{"floor":6,"key":"Pen Nib"},{"floor":8,"key":"Omamori"},{"floor":9,"key":"Lantern"},{"floor":11,"key":"PreservedInsect"},{"floor":13,"key":"Oddly Smooth Stone"}],"event_choices":[{"cards_removed":["Strike_B"],"damage_healed":0,"gold_gain":0,"player_choice":"Card Removal","damage_taken":0,"max_hp_gain":0,"max_hp_loss":0,"event_name":"The Cleric","floor":10,"gold_loss":50},{"damage_healed":0,"gold_gain":0,"player_choice":"Shed Blood","damage_taken":17,"max_hp_gain":5,"max_hp_loss":0,"event_name":"Forgotten Altar","floor":22,"gold_loss":0}],"is_beta":false,"boss_relics":[{"not_picked":["Nuclear Battery","Black Star"],"picked":"Sozu"}],"items_purged_floors":[5,21],"is_endless":false,"potions_floor_spawned":[3,8,13,19],"killed_by":"Gremlin Leader","ascension_level":8}