{"gold_per_floor":[114,126,146,71,36,36,53,53,53,64,64,79,79,93,93,93],"floor_reached":16,"playtime":921,"items_purged":["Strike_B"],"score":169,"play_id":"c4172958-eb15-441b-90c0-01c87cd90320","local_time":"20180923202332","is_ascension_mode":true,"campfire_choices":[{"data":"Dualcast","floor":6,"key":"SMITH"},{"floor":13,"key":"REST"},{"floor":15,"key":"REST"}],"neow_cost":"NONE","seed_source_timestamp":718405174667436,"circlet_count":0,"master_deck":["Strike_B","Strike_B","Strike_B","Defend_B+1","Defend_B","Defend_B","Defend_B+1","Zap+1","Dualcast+1","AscendersBane","Reinforced Body","Melter","Buffer"],"relics":["Cracked Core","War Paint","Dodecahedron"],"potions_floor_usage":[7,10],"damage_taken":[{"damage":1,"enemies":"Cultist","floor":1,"turns":3},{"damage":3,"enemies":"2 Louse","floor":2,"turns":3},{"damage":0,"enemies":"Small Slimes","floor":3,"turns":3},{"damage":25,"enemies":"Exordium Thugs","floor":7,"turns":6},{"damage":13,"enemies":"Blue Slaver","floor":10,"turns":4},{"damage":5,"enemies":"2 Fungi Beasts","floor":12,"turns":4},{"damage":22,"enemies":"Large Slime","floor":14,"turns":6},{"damage":70,"enemies":"The Guardian","floor":16,"turns":13}],"seed_played":"3847556610981454408","potions_obtained":[{"floor":1,"key":"FocusPotion"},{"floor":2,"key":"Block Potion"},{"floor":7,"key":"SpeedPotion"},{"floor":10,"key":"Strength Potion"}],"is_trial":false,"path_per_floor":["M","M","M","$","?","R","M","$","T","M","T","M","R","M","R"],"character_chosen":"DEFECT","items_purchased":[],"campfire_rested":2,"item_purchase_floors":[],"current_hp_per_floor":[63,60,60,60,71,71,46,46,46,33,33,28,49,27,48,0],"gold":93,"neow_bonus":"UPGRADE_CARD","is_prod":false,"is_daily":false,"chose_seed":false,"campfire_upgraded":1,"win_rate":0,"timestamp":1537727012,"path_taken":["M","M","?","?","?","R","M","$","T","M","?","M","R","M","R","BOSS"],"build_version":"2018-09-20","purchased_purges":1,"victory":false,"max_hp_per_floor":[71,71,71,71,71,71,71,71,71,71,71,71,71,71,71,71],"card_choices":[{"not_picked":["Genetic Algorithm","Streamline","Reprogram"],"picked":"SKIP","floor":1},{"not_picked":["Stack","Force Field"],"picked":"Reinforced Body","floor":2},{"not_picked":["Chaos","Rebound","Steam Power"],"picked":"SKIP","floor":3},{"not_picked":["Undo","Go for the Eyes"],"picked":"Melter","floor":7},{"not_picked":["Tempest","Barrage","Streamline"],"picked":"SKIP","floor":10},{"not_picked":["Compile Driver","Reinforced Body"],"picked":"Buffer","floor":12},{"not_picked":["Rebound","Reprogram","Turbo"],"picked":"SKIP","floor":14}],"player_experience":590058,"relics_obtained":[{"floor":9,"key":"War Paint"},{"floor":11,"key":"Dodecahedron"}],"event_choices":[{"event_name":"The Cleric","player_choice":"Healed","floor":5,"damage_taken":0}],"is_beta":false,"boss_relics":[],"items_purged_floors":[4],"is_endless":false,"potions_floor_spawned":[1,2,7,10,12],"killed_by":"The Guardian","ascension_level":16}