{"gold_per_floor":[110,185,42,42,54,83,98,98,98,133,133,145,73,73,73,73],"floor_reached":16,"playtime":1566,"items_purged":["Defend_B"],"score":184,"play_id":"03ac1630-aaeb-4f79-9894-dbfee9518d18","local_time":"20180922184251","is_ascension_mode":true,"campfire_choices":[{"floor":8,"key":"REST"},{"floor":11,"key":"REST"},{"floor":15,"key":"REST"}],"neow_cost":"NONE","seed_source_timestamp":625137081115318,"circlet_count":0,"master_deck":["Strike_B","Strike_B","Strike_B","Strike_B","Defend_B","Defend_B","Defend_B","Zap","Dualcast","AscendersBane","Biased Cognition","Ball Lightning","Defragment","Buffer","Cold Snap","Loop","Glacier"],"special_seed":0,"relics":["Cracked Core","Mango","Letter Opener","Bottled Tornado","Bag of Preparation"],"potions_floor_usage":[6,10,10],"damage_taken":[{"damage":11,"enemies":"Cultist","floor":1,"turns":4},{"damage":7,"enemies":"2 Louse","floor":5,"turns":2},{"damage":20,"enemies":"3 Sentries","floor":6,"turns":4},{"damage":0,"enemies":"Small Slimes","floor":7,"turns":2},{"damage":21,"enemies":"Lagavulin","floor":10,"turns":5},{"damage":18,"enemies":"3 Louse","floor":12,"turns":3},{"damage":68,"enemies":"Hexaghost","floor":16,"turns":12}],"seed_played":"-2325557629895494796","potions_obtained":[{"floor":5,"key":"Fire Potion"},{"floor":6,"key":"GamblersBrew"},{"floor":7,"key":"Dexterity Potion"}],"is_trial":false,"path_per_floor":["M","?","$","T","M","E","M","R","T","E","R","M","$","?","R"],"character_chosen":"DEFECT","items_purchased":["Defragment","Glacier"],"campfire_rested":3,"item_purchase_floors":[3,13],"current_hp_per_floor":[53,42,42,56,49,29,29,54,54,33,58,40,40,40,65,0],"gold":73,"neow_bonus":"ONE_RANDOM_RARE_CARD","is_prod":false,"is_daily":false,"chose_seed":false,"campfire_upgraded":0,"win_rate":0,"timestamp":1537634571,"path_taken":["M","?","$","?","M","E","M","R","T","E","R","?","$","?","R","BOSS"],"build_version":"2018-09-20","purchased_purges":1,"victory":false,"max_hp_per_floor":[71,71,71,85,85,85,85,85,85,85,85,85,85,85,85,85],"card_choices":[{"not_picked":["Conserve Battery","Aggregate"],"picked":"Ball Lightning","floor":1},{"not_picked":["Barrage","Redo","Lockon"],"picked":"SKIP","floor":5},{"not_picked":["Sweeping Beam","FTL"],"picked":"Buffer","floor":6},{"not_picked":["Storm","Self Repair"],"picked":"Cold Snap","floor":7},{"not_picked":["Go for the Eyes","Rebound"],"picked":"Loop","floor":10},{"not_picked":["Sweeping Beam","Heatsinks","Redo"],"picked":"SKIP","floor":12}],"player_experience":538477,"relics_obtained":[{"floor":4,"key":"Mango"},{"floor":6,"key":"Letter Opener"},{"floor":9,"key":"Bottled Tornado"},{"floor":10,"key":"Bag of Preparation"}],"event_choices":[{"event_name":"World of Goop","player_choice":"Gather Gold","floor":2,"damage_taken":0},{"event_name":"Dead Adventurer","player_choice":"Searched \u00270\u0027 times","floor":14,"damage_taken":0}],"is_beta":false,"boss_relics":[],"items_purged_floors":[3],"is_endless":false,"potions_floor_spawned":[5,6,7],"killed_by":"Hexaghost","ascension_level":14}