{"gold_per_floor":[111,36,47,62,81,81,39,50,50,50,50,50,61,61,61,61],"floor_reached":16,"playtime":839,"items_purged":["Strike_B"],"score":179,"play_id":"00086092-2aaf-46bd-bdbb-f70a5e250265","local_time":"20180926103037","is_ascension_mode":true,"campfire_choices":[{"floor":6,"key":"REST"},{"floor":11,"key":"REST"},{"data":"Defragment","floor":15,"key":"SMITH"}],"neow_cost":"NONE","seed_source_timestamp":942116646008247,"circlet_count":0,"master_deck":["Strike_B","Strike_B","Strike_B","Defend_B","Defend_B","Defend_B","Defend_B+1","Zap+1","Dualcast","AscendersBane","Gash+1","Go for the Eyes","Beam Cell","Compile Driver","Glacier","Defragment+1"],"relics":["Cracked Core","Molten Egg 2"],"potions_floor_usage":[13,13],"damage_taken":[{"damage":14,"enemies":"Small Slimes","floor":1,"turns":4},{"damage":7,"enemies":"2 Louse","floor":3,"turns":2},{"damage":1,"enemies":"Cultist","floor":4,"turns":3},{"damage":7,"enemies":"3 Louse","floor":5,"turns":4},{"damage":8,"enemies":"Exordium Wildlife","floor":8,"turns":3},{"damage":2,"enemies":"Large Slime","floor":13,"turns":6},{"damage":65,"enemies":"Hexaghost","floor":16,"turns":11}],"seed_played":"8951454932567214532","potions_obtained":[{"floor":4,"key":"Block Potion"},{"floor":5,"key":"Regen Potion"}],"is_trial":false,"path_per_floor":["M","$","M","M","M","R","?","M","T","?","R","?","M","$","R"],"character_chosen":"DEFECT","items_purchased":[],"campfire_rested":2,"item_purchase_floors":[],"current_hp_per_floor":[50,50,43,42,35,56,56,48,48,27,48,48,61,61,61,0],"gold":61,"neow_bonus":"UPGRADE_CARD","is_prod":false,"is_daily":false,"chose_seed":false,"campfire_upgraded":1,"win_rate":0,"timestamp":1537950637,"path_taken":["M","$","M","M","M","R","?","?","T","?","R","?","M","$","R","BOSS"],"build_version":"2018-09-20","purchased_purges":1,"victory":false,"max_hp_per_floor":[71,71,71,71,71,71,71,71,71,71,71,71,71,71,71,71],"card_choices":[{"not_picked":["Turbo","Tempest"],"picked":"Gash","floor":1},{"not_picked":["Darkness","Cold Snap"],"picked":"Go for the Eyes","floor":3},{"not_picked":["Storm","Turbo"],"picked":"Beam Cell","floor":4},{"not_picked":["Streamline","Recycle"],"picked":"Compile Driver","floor":5},{"not_picked":["Genetic Algorithm","Reprogram"],"picked":"Glacier","floor":8},{"not_picked":["Ball Lightning+1","Hologram"],"picked":"Defragment","floor":13}],"player_experience":690837,"relics_obtained":[{"floor":9,"key":"Molten Egg 2"}],"event_choices":[{"event_name":"World of Goop","player_choice":"Left","floor":7,"damage_taken":0},{"event_name":"Shining Light","player_choice":"Entered Light","floor":10,"damage_taken":0},{"event_name":"Dead Adventurer","player_choice":"Searched \u00270\u0027 times","floor":12,"damage_taken":0}],"is_beta":false,"boss_relics":[],"items_purged_floors":[2],"is_endless":false,"potions_floor_spawned":[4,5,8],"killed_by":"Hexaghost","ascension_level":19}