{"path_per_floor":["M","?","M","M","?","E","?","E","T","R","?","$","E"],"character_chosen":"DEFECT","items_purchased":["Unceasing Top"],"gold_per_floor":[114,64,84,96,271,302,377,402,402,402,402,21,48,48],"floor_reached":14,"campfire_rested":0,"playtime":487,"item_purchase_floors":[12],"current_hp_per_floor":[73,73,73,68,68,54,43,17,17,17,22,22,7,0],"items_purged":["Doubt"],"gold":48,"score":117,"play_id":"feaff6c0-c7b8-4c41-a6a1-7a06b0851d5c","local_time":"20180530191410","is_prod":false,"is_daily":false,"chose_seed":false,"is_ascension_mode":true,"campfire_upgraded":0,"win_rate":0,"timestamp":1527722050,"campfire_choices":[{"floor":10,"key":"DIG"}],"path_taken":["M","?","M","M","?","E","?","E","T","R","?","$","E","?"],"build_version":"2018-05-30","seed_source_timestamp":193246749360608,"purchased_purges":1,"victory":false,"master_deck":["Strike_B","Strike_B","Strike_B","Strike_B","Defend_B","Defend_B","Defend_B","Zap","Dualcast","Chill","Heatsinks","Force Field","Storm","Static Discharge","Self Repair"],"max_hp_per_floor":[75,75,75,75,75,75,75,75,75,75,80,80,80,80],"relics":["Cracked Core","Regal Pillow","Shovel","Darkstone Periapt","Pantograph","Unceasing Top","Du-Vu Doll"],"card_choices":[{"not_picked":["Gash","Cold Snap"],"picked":"Chill","floor":1},{"not_picked":["Steam","Self Repair"],"picked":"Heatsinks","floor":3},{"not_picked":["Hologram","Ball Lightning"],"picked":"Force Field","floor":4},{"not_picked":["Rebound","Barrage"],"picked":"Storm","floor":6},{"not_picked":["Aggregate","Fusion"],"picked":"Static Discharge","floor":8},{"not_picked":["Conserve Battery","Barrage"],"picked":"Self Repair","floor":13}],"player_experience":210989,"potions_floor_usage":[6],"damage_taken":[{"damage":2,"enemies":"Jaw Worm","floor":1,"turns":3},{"damage":0,"enemies":"2 Louse","floor":3,"turns":2},{"damage":5,"enemies":"Small Slimes","floor":4,"turns":3},{"damage":14,"enemies":"3 Sentries","floor":6,"turns":9},{"damage":26,"enemies":"Lagavulin","floor":8,"turns":8},{"damage":15,"enemies":"3 Sentries","floor":13,"turns":7},{"damage":8,"enemies":"Blue Slaver","floor":14,"turns":1}],"relics_obtained":[{"floor":6,"key":"Regal Pillow"},{"floor":8,"key":"Shovel"},{"floor":9,"key":"Darkstone Periapt"},{"floor":10,"key":"Pantograph"},{"floor":13,"key":"Du-Vu Doll"}],"event_choices":[{"event_name":"The Cleric","player_choice":"Card Removal","floor":2,"damage_taken":0},{"event_name":"Liars Game","player_choice":"agreed","floor":5,"damage_taken":0},{"event_name":"World of Goop","player_choice":"Gather Gold","floor":7,"damage_taken":0},{"event_name":"Big Fish","player_choice":"Donut","floor":11,"damage_taken":0}],"boss_relics":[],"items_purged_floors":[12],"potions_floor_spawned":[1],"seed_played":"5442361285914828288","killed_by":"Blue Slaver","ascension_level":2,"potions_obtained":[{"floor":1,"key":"Strength Potion"}],"is_trial":false}