{"gold_per_floor":[118,129,159,159,171,171,196,196,219,233,243,255,282,282,282,377,377,388,405,405,456,468,468,485,485,536,547,398,416,428,444,444,444],"floor_reached":33,"playtime":1308,"items_purged":["All For One"],"score":253,"play_id":"71f4c8e6-c7d4-469e-824c-8cac944467b0","local_time":"20180906161632","is_ascension_mode":false,"campfire_choices":[{"data":"Static Discharge","floor":6,"key":"SMITH"},{"floor":8,"key":"REST"},{"floor":15,"key":"REST"},{"floor":23,"key":"REST"},{"floor":25,"key":"REST"},{"floor":32,"key":"REST"}],"neow_cost":"NONE","seed_source_timestamp":24468443123972,"circlet_count":0,"master_deck":["Strike_B","Strike_B","Strike_B","Strike_B","Defend_B","Defend_B","Defend_B","Defend_B","Zap","Dualcast","Static Discharge+1","Defragment","Defragment","Lockon","Gash","Ball Lightning","Ball Lightning","Go for the Eyes","Storm","Loop","Ball Lightning+1","Loop","Storm","Redo","Redo"],"relics":["Cracked Core","Tiny Chest","Orichalcum","Art of War","Bag of Preparation","Darkstone Periapt","Velvet Choker","MutagenicStrength","Dream Catcher","Pen Nib"],"potions_floor_usage":[7,16,19,22,31],"damage_taken":[{"damage":6,"enemies":"Cultist","floor":1,"turns":3},{"damage":6,"enemies":"2 Louse","floor":2,"turns":2},{"damage":8,"enemies":"Jaw Worm","floor":5,"turns":3},{"damage":16,"enemies":"Gremlin Nob","floor":7,"turns":4},{"damage":9,"enemies":"Looter","floor":10,"turns":2},{"damage":13,"enemies":"Blue Slaver","floor":11,"turns":2},{"damage":11,"enemies":"Gremlin Gang","floor":12,"turns":2},{"damage":11,"enemies":"Hexaghost","floor":16,"turns":5},{"damage":11,"enemies":"Shell Parasite","floor":18,"turns":3},{"damage":4,"enemies":"Chosen","floor":19,"turns":2},{"damage":18,"enemies":"Shelled Parasite and Fungi","floor":22,"turns":4},{"damage":19,"enemies":"Sentry and Sphere","floor":24,"turns":4},{"damage":14,"enemies":"Snecko","floor":27,"turns":3},{"damage":13,"enemies":"Cultist and Chosen","floor":29,"turns":4},{"damage":15,"enemies":"Snake Plant","floor":30,"turns":2},{"damage":21,"enemies":"Centurion and Healer","floor":31,"turns":4},{"damage":63,"enemies":"Automaton","floor":33,"turns":6}],"seed_played":"7882022351175568410","potions_obtained":[{"floor":2,"key":"Block Potion"},{"floor":5,"key":"Block Potion"},{"floor":10,"key":"Fire Potion"},{"floor":11,"key":"SkillPotion"},{"floor":18,"key":"Fire Potion"},{"floor":22,"key":"Ancient Potion"},{"floor":29,"key":"Ancient Potion"}],"is_trial":false,"path_per_floor":["M","M","?","?","M","R","E","R","T","M","M","M","T","T","R","B",null,"M","M","?","T","M","R","M","R","T","M","$","M","M","M","R"],"character_chosen":"DEFECT","items_purchased":["Storm"],"campfire_rested":5,"item_purchase_floors":[28],"current_hp_per_floor":[69,63,63,63,55,55,39,61,61,52,39,28,28,28,50,39,75,64,60,60,60,42,64,45,67,67,53,53,40,25,4,26,0],"gold":444,"neow_bonus":"THREE_CARDS","is_prod":false,"is_daily":false,"chose_seed":false,"campfire_upgraded":1,"win_rate":0.0,"timestamp":1536246992,"path_taken":["M","?","?","?","?","R","E","R","T","M","M","M","?","?","R","BOSS","M","?","?","?","?","R","M","R","T","M","$","M","M","M","R","BOSS"],"build_version":"2018-08-30","purchased_purges":1,"victory":false,"max_hp_per_floor":[75,75,75,75,75,75,75,75,75,75,75,75,75,75,75,75,75,75,75,75,75,75,75,75,75,75,75,75,75,75,75,75,75],"card_choices":[{"not_picked":["Barrage","Stack"],"picked":"Static Discharge","floor":0},{"not_picked":["Cold Snap","Fusion"],"picked":"Defragment","floor":1},{"not_picked":["Glacier","Tempest"],"picked":"Defragment","floor":2},{"not_picked":["Loop","Leap"],"picked":"Lockon","floor":5},{"not_picked":["Barrage","Chaos"],"picked":"Gash","floor":7},{"not_picked":["Consume","Beam Cell"],"picked":"Ball Lightning","floor":10},{"not_picked":["Storm","Compile Driver"],"picked":"Ball Lightning","floor":11},{"not_picked":["Rebound","Scrape"],"picked":"Go for the Eyes","floor":12},{"not_picked":["Reboot","Buffer"],"picked":"All For One","floor":16},{"not_picked":["Heatsinks+1","Chaos","Sweeping Beam"],"picked":"SKIP","floor":18},{"not_picked":["Sweeping Beam+1","Barrage","Skim+1"],"picked":"SKIP","floor":19},{"not_picked":["Force Field","White Noise","Scrape+1"],"picked":"SKIP","floor":22},{"not_picked":["Compile Driver+1","Rebound"],"picked":"Storm","floor":23},{"not_picked":["Consume","Compile Driver"],"picked":"Loop","floor":24},{"not_picked":["Turbo","Rebound+1"],"picked":"Ball Lightning+1","floor":25},{"not_picked":["Consume","Streamline"],"picked":"Loop","floor":27},{"not_picked":["Reprogram","Seek"],"picked":"Redo","floor":29},{"not_picked":["Turbo","Rebound","Streamline"],"picked":"SKIP","floor":30},{"not_picked":["Cold Snap","Beam Cell","Undo"],"picked":"SKIP","floor":31},{"not_picked":["Sunder","Compile Driver+1"],"picked":"Redo","floor":32}],"player_experience":127772,"relics_obtained":[{"floor":7,"key":"Orichalcum"},{"floor":9,"key":"Art of War"},{"floor":13,"key":"Bag of Preparation"},{"floor":14,"key":"Darkstone Periapt"},{"floor":21,"key":"Dream Catcher"},{"floor":26,"key":"Pen Nib"}],"event_choices":[{"event_name":"Big Fish","player_choice":"Box","floor":3,"damage_taken":0},{"event_name":"Living Wall","player_choice":"Forget","floor":4,"damage_taken":0},{"event_name":"Drug Dealer","player_choice":"Inject Mutagens","floor":20,"damage_taken":0}],"is_beta":false,"boss_relics":[{"not_picked":["Inserter","Empty Cage"],"picked":"Velvet Choker"}],"items_purged_floors":[28],"is_endless":false,"potions_floor_spawned":[2,5,10,11,18,22,29],"killed_by":"Automaton","ascension_level":0}