{"path_per_floor":["M","M","M","T","M","E","R","M","T","R","M","?","?","M","R","B",null,"M","?","$","M","M","R","M","M","T","?","M","R","?","M","R"],"character_chosen":"THE_SILENT","items_purchased":["Prepared"],"gold_per_floor":[11,29,46,46,59,87,87,107,107,107,121,121,121,132,132,229,229,248,248,150,160,178,178,188,204,204,204,204,204,204,220,220],"floor_reached":33,"campfire_rested":3,"playtime":4395,"current_hp_per_floor":[69,69,69,69,69,22,22,22,22,22,22,22,22,18,39,24,70,70,70,70,70,52,52,9,3,3,3,3,24,24,22,43],"items_purged":["Eviscerate"],"gold":220,"play_id":"eeda8a29-6888-47b5-885c-2068f6efa05d","is_prod":false,"is_daily":false,"campfire_rituals":0,"campfire_upgraded":0,"is_hardmode":false,"path_taken":["M","M","M","?","M","E","R","?","T","R","?","?","?","M","R","BOSS","M","?","$","M","?","R","M","M","T","?","M","R","?","M","R","BOSS"],"build_version":"2018-01-11-PROD2","purchased_purges":1,"victory":false,"master_deck":["Defend_G","Defend_G","Defend_G","Defend_G","Survivor","Neutralize","Footwork","Envenom","Backflip","Bouncing Flask","Flying Knee","Deadly Poison","Poisoned Stab","Outmaneuver","Deadly Poison","Venomology","Catalyst","Sucker Punch","Backflip","Blur","Prepared","Well Laid Plans","Deflect","Deadly Poison"],"max_hp_per_floor":[70,70,70,70,70,70,70,70,70,70,70,70,70,70,70,70,70,70,70,70,70,70,70,70,70,70,70,70,70,70,70,70],"relics":["Ring of the Snake","Shovel","Calipers","Ornamental Fan","Anchor","Tough Bandages","Astrolabe","Peace Pipe","Torii"],"campfire_meditates":0,"card_choices":[{"not_picked":["Prepared","Acrobatics"],"picked":"Footwork"},{"not_picked":["Catalyst","Sucker Punch"],"picked":"Envenom"},{"not_picked":["Dagger Throw","Masterful Stab"],"picked":"Backflip"},{"not_picked":["Prepared","Dash"],"picked":"Bouncing Flask"},{"not_picked":["Dodge and Roll","Finisher"],"picked":"Flying Knee"},{"not_picked":["PiercingWail","Backstab"],"picked":"Deadly Poison"},{"not_picked":["Escape Plan","Dodge and Roll"],"picked":"Poisoned Stab"},{"not_picked":["Calculated Gamble","Quick Slash"],"picked":"Deadly Poison"},{"not_picked":["A Thousand Cuts","Envenom"],"picked":"Venomology"},{"not_picked":["Dagger Spray","Finisher"],"picked":"Backflip"},{"not_picked":["Deflect","Bane"],"picked":"Well Laid Plans"},{"not_picked":["A Thousand Cuts","Slice"],"picked":"Deflect"},{"not_picked":["Riddle With Holes","Dagger Spray"],"picked":"Deadly Poison"}],"player_experience":58148,"potions_floor_usage":[6,14,16,22,22,24,25,28,28,31],"damage_taken":[{"damage":1,"enemies":"Blue Slaver","floor":1,"turns":6},{"damage":0,"enemies":"2 Louse","floor":2,"turns":4},{"damage":0,"enemies":"Small Slimes","floor":3,"turns":3},{"damage":0,"enemies":"Red Slaver","floor":5,"turns":6},{"damage":47,"enemies":"3 Sentries","floor":6,"turns":11},{"damage":0,"enemies":"Exordium Wildlife","floor":8,"turns":3},{"damage":0,"enemies":"3 Louse","floor":11,"turns":5},{"damage":4,"enemies":"Gremlin Gang","floor":14,"turns":4},{"damage":15,"enemies":"Slime Boss","floor":16,"turns":10},{"damage":0,"enemies":"Chosen","floor":18,"turns":3},{"damage":0,"enemies":"Spheric Guardian","floor":21,"turns":4},{"damage":18,"enemies":"3 Cultists","floor":22,"turns":7},{"damage":58,"enemies":"Chosen and Byrds","floor":24,"turns":9},{"damage":6,"enemies":"Centurion and Healer","floor":25,"turns":9},{"damage":0,"enemies":"Snake Plant","floor":28,"turns":3},{"damage":2,"enemies":"Slaver and Parasite","floor":31,"turns":8},{"damage":43,"enemies":"Champ","floor":33,"turns":8}],"event_choices":[{"event_name":"Upgrade Shrine","player_choice":"Upgraded","floor":12,"damage_taken":0},{"event_name":"Transmorgrifier","player_choice":"Transform","floor":13,"damage_taken":0},{"event_name":"The Library","player_choice":"Read","floor":19,"damage_taken":0},{"event_name":"Forgotten Altar","player_choice":"Smashed Altar","floor":27,"damage_taken":0},{"event_name":"Purifier","player_choice":"One Purge","floor":30,"damage_taken":0}],"boss_relics":[{"not_picked":["Cursed Key","Lizard Tail"],"picked":"Astrolabe"}],"potions_floor_spawned":[3,8,11,14,16,18,22,31],"seed_played":"-4211466484773669059","killed_by":"Champ","is_trial":false}