{"path_per_floor":["M","M","?","M","$","R","M","?","T","M","$","M","R","E","R","B",null,"M","?","M","T","M","R","M","E","T","?","?","R","M","M","R"],"character_chosen":"IRONCLAD","items_purchased":["Headbutt","Bag of Preparation"],"gold_per_floor":[109,121,121,138,88,88,106,106,188,198,54,64,64,91,91,190,190,190,190,115,115,115,115,115,115,115,115,115,115,115,115,115,115],"floor_reached":33,"campfire_rested":3,"playtime":2219,"current_hp_per_floor":[80,80,80,80,80,80,54,54,54,50,50,43,67,23,47,17,80,80,80,80,80,55,79,80,74,74,74,80,80,69,75,75,0],"items_purged":[],"gold":115,"score":269,"play_id":"ca9ed427-b0b4-435b-a413-069ff68a51b2","local_time":"20180410210825","is_prod":false,"is_daily":false,"is_ascension_mode":false,"campfire_upgraded":3,"timestamp":1523390905,"path_taken":["M","?","?","M","?","R","?","?","T","M","$","?","R","E","R","BOSS","M","?","M","?","?","R","M","E","T","?","?","R","?","M","R","BOSS"],"build_version":"2018-04-05v2","purchased_purges":0,"victory":false,"master_deck":["Strike_R","Strike_R","Strike_R","Strike_R","Strike_R","Defend_R","Defend_R","Defend_R","Defend_R","Bash+1","Armaments+1","Pommel Strike+1","Rampage","Headbutt","Flame Barrier+1","Searing Blow","Rage","Warcry","Dropkick","Shrug It Off+1","Dropkick","Iron Wave+1","Sword Boomerang+1","Clash","Warcry","Burning Pact+1"],"max_hp_per_floor":[80,80,80,80,80,80,80,80,80,80,80,80,80,80,80,80,80,80,80,80,80,80,80,80,80,80,80,80,80,80,80,80,80],"relics":["Burning Blood","Letter Opener","Bag of Preparation","Bag of Marbles","Ectoplasm","Vajra","Pantograph","Paper Frog","Lantern"],"card_choices":[{"not_picked":["Pommel Strike","Entrench"],"picked":"Armaments","floor":1},{"not_picked":["Dual Wield","Hemokinesis"],"picked":"Pommel Strike","floor":2},{"not_picked":["Cleave","Disarm"],"picked":"Rampage","floor":4},{"not_picked":["Pummel","Searing Blow"],"picked":"Flame Barrier","floor":7},{"not_picked":["Infernal Blade","Sword Boomerang"],"picked":"Rage","floor":10},{"not_picked":["Body Slam","Wild Strike"],"picked":"Warcry","floor":12},{"not_picked":["Infernal Blade","Entrench"],"picked":"Dropkick","floor":14},{"not_picked":["Pommel Strike","Havoc"],"picked":"Shrug It Off","floor":18},{"not_picked":["Whirlwind","Anger"],"picked":"Dropkick","floor":20},{"not_picked":["Pummel","Twin Strike"],"picked":"Iron Wave","floor":22},{"not_picked":["Shockwave","Evolve"],"picked":"Sword Boomerang","floor":24},{"not_picked":["Anger","Intimidate"],"picked":"Clash","floor":25},{"not_picked":["Havoc","Heavy Blade"],"picked":"Warcry","floor":30},{"not_picked":["Whirlwind","Iron Wave"],"picked":"Burning Pact","floor":31}],"player_experience":40627,"potions_floor_usage":[16,18,25,25,30,30],"damage_taken":[{"damage":6,"enemies":"Cultist","floor":1,"turns":3},{"damage":0,"enemies":"2 Louse","floor":2,"turns":3},{"damage":1,"enemies":"Jaw Worm","floor":4,"turns":3},{"damage":32,"enemies":"Exordium Thugs","floor":7,"turns":6},{"damage":10,"enemies":"Gremlin Gang","floor":10,"turns":4},{"damage":13,"enemies":"3 Louse","floor":12,"turns":4},{"damage":50,"enemies":"Lagavulin","floor":14,"turns":7},{"damage":36,"enemies":"Slime Boss","floor":16,"turns":11},{"damage":0,"enemies":"Chosen","floor":18,"turns":4},{"damage":4,"enemies":"2 Thieves","floor":20,"turns":4},{"damage":31,"enemies":"Cultist and Chosen","floor":22,"turns":6},{"damage":1,"enemies":"Centurion and Healer","floor":24,"turns":6},{"damage":18,"enemies":"Book of Stabbing","floor":25,"turns":4},{"damage":17,"enemies":"Chosen and Byrds","floor":30,"turns":7},{"damage":0,"enemies":"Slaver and Parasite","floor":31,"turns":4},{"damage":80,"enemies":"Automaton","floor":33,"turns":10}],"event_choices":[{"event_name":"Purifier","player_choice":"Skipped","floor":3,"damage_taken":0},{"event_name":"Match and Keep!","player_choice":"2 cards matched","floor":8,"damage_taken":0},{"event_name":"The Mausoleum","player_choice":"Yes","floor":19,"damage_taken":0},{"event_name":"Transmorgrifier","player_choice":"Transform","floor":27,"damage_taken":0},{"event_name":"Bonfire Elementals","player_choice":"UNCOMMON","floor":28,"damage_taken":0}],"boss_relics":[{"not_picked":["Runic Cube","Lizard Tail"],"picked":"Ectoplasm"}],"potions_floor_spawned":[2,12,14,16,24,25],"seed_played":"7380738647577841557","killed_by":"Automaton","ascension_level":0,"is_trial":false}