{"gold_per_floor":[117,136,148,23,33,63,78,78,78,78,92,112,69,80,80,177,177,196,295,245,262,182,182,208,224,251,251,251,89,89,89,89,89],"floor_reached":33,"playtime":3132,"items_purged":["Defend_G","Strike_G"],"score":292,"play_id":"f35544f6-7037-458c-8f1a-0d52a8a40acb","local_time":"20190121001402","is_ascension_mode":false,"campfire_choices":[{"floor":8,"key":"REST"},{"floor":15,"key":"REST"},{"data":"Neutralize","floor":23,"key":"SMITH"},{"floor":27,"key":"REST"},{"floor":30,"key":"REST"},{"floor":32,"key":"REST"}],"neow_cost":"NONE","seed_source_timestamp":3816434832456,"circlet_count":0,"master_deck":["Defend_G","Defend_G","Defend_G","Defend_G","Strike_G","Strike_G","Strike_G","Survivor","Neutralize+1","Cloak And Dagger","Blade Dance","Infinite Blades","Cloak And Dagger","Cloak And Dagger","Bash","Infinite Blades","Cloak And Dagger","Deadly Poison+1","Deadly Poison+1","Decay"],"relics":["Ring of the Snake","NeowsBlessing","The Courier","Letter Opener","Sozu","Dodecahedron","PreservedInsect","Darkstone Periapt","Strange Spoon"],"potions_floor_usage":[6,11,16,24,24],"damage_taken":[{"damage":0,"enemies":"2 Louse","floor":1,"turns":1},{"damage":0,"enemies":"Cultist","floor":2,"turns":1},{"damage":0,"enemies":"Jaw Worm","floor":3,"turns":1},{"damage":5,"enemies":"Looter","floor":5,"turns":3},{"damage":30,"enemies":"Gremlin Nob","floor":6,"turns":5},{"damage":14,"enemies":"Gremlin Gang","floor":7,"turns":7},{"damage":11,"enemies":"Exordium Thugs","floor":11,"turns":5},{"damage":0,"enemies":"Large Slime","floor":12,"turns":6},{"damage":6,"enemies":"Exordium Wildlife","floor":14,"turns":4},{"damage":35,"enemies":"Hexaghost","floor":16,"turns":12},{"damage":7,"enemies":"Chosen","floor":18,"turns":7},{"damage":2,"enemies":"3 Byrds","floor":21,"turns":5},{"damage":26,"enemies":"Slavers","floor":24,"turns":6},{"damage":32,"enemies":"Shelled Parasite and Fungi","floor":25,"turns":5},{"damage":101,"enemies":"Automaton","floor":33,"turns":10}],"seed_played":"-7179392226533013855","potions_obtained":[{"floor":5,"key":"AttackPotion"},{"floor":6,"key":"FearPotion"},{"floor":11,"key":"Ancient Potion"},{"floor":12,"key":"FairyPotion"},{"floor":14,"key":"GhostInAJar"},{"floor":16,"key":"Block Potion"}],"is_trial":false,"path_per_floor":["M","M","M","$","M","E","M","R","T","?","M","M","$","M","R","B",null,"M","?","?","M","$","R","E","M","T","R","T","$","R","?","R","B"],"character_chosen":"THE_SILENT","items_purchased":["Cloak And Dagger","Cloak And Dagger","Strange Spoon"],"campfire_rested":5,"item_purchase_floors":[4,13,29],"current_hp_per_floor":[70,70,70,70,65,35,21,42,42,42,31,31,31,25,46,11,70,63,63,63,61,61,61,35,3,3,24,24,24,45,51,73,0],"gold":89,"neow_bonus":"THREE_ENEMY_KILL","is_prod":false,"is_daily":false,"chose_seed":false,"campfire_upgraded":1,"win_rate":0,"timestamp":1548047642,"path_taken":["M","M","M","$","M","E","M","R","T","?","M","M","?","M","R","BOSS","M","?","?","M","$","R","E","?","T","R","?","$","R","?","R","BOSS"],"build_version":"2019-01-17v2","purchased_purges":2,"victory":false,"max_hp_per_floor":[70,70,70,70,70,70,70,70,70,70,70,70,70,70,70,70,70,70,70,70,70,70,70,70,70,70,70,70,70,70,76,76,76],"card_choices":[{"not_picked":["Sucker Punch","Poisoned Stab"],"picked":"Cloak And Dagger","floor":1},{"not_picked":["PiercingWail","Deflect"],"picked":"Blade Dance","floor":2},{"not_picked":["Backflip","Riddle With Holes"],"picked":"Infinite Blades","floor":3},{"not_picked":["Quick Slash","Deadly Poison","Choke"],"picked":"SKIP","floor":5},{"not_picked":["Eviscerate","Flechettes","PiercingWail"],"picked":"SKIP","floor":6},{"not_picked":["PiercingWail","Prepared"],"picked":"Cloak And Dagger","floor":7},{"not_picked":["Prepared","Calculated Gamble"],"picked":"Infinite Blades","floor":11},{"not_picked":["Die Die Die","Quick Slash","Acrobatics"],"picked":"SKIP","floor":12},{"not_picked":["Riddle With Holes","Bane","Terror"],"picked":"SKIP","floor":14},{"not_picked":["Acrobatics","Deflect"],"picked":"Deadly Poison+1","floor":18},{"not_picked":["Poisoned Stab","Sucker Punch"],"picked":"Deadly Poison+1","floor":21},{"not_picked":["After Image","Footwork","Terror+1"],"picked":"SKIP","floor":24},{"not_picked":["Dagger Throw","Underhanded Strike","Outmaneuver"],"picked":"SKIP","floor":25}],"player_experience":550744,"relics_obtained":[{"floor":6,"key":"The Courier"},{"floor":9,"key":"Letter Opener"},{"floor":24,"key":"Dodecahedron"},{"floor":26,"key":"PreservedInsect"},{"floor":28,"key":"Darkstone Periapt"}],"event_choices":[{"cards_removed":["Strike_G"],"damage_healed":0,"gold_gain":0,"player_choice":"Took Card","damage_taken":0,"max_hp_gain":0,"max_hp_loss":0,"event_name":"NoteForYourself","floor":10,"gold_loss":0,"cards_obtained":["Bash"]},{"damage_healed":0,"gold_gain":99,"player_choice":"Stole From Cult","damage_taken":0,"max_hp_gain":0,"max_hp_loss":0,"event_name":"Nest","floor":19,"gold_loss":0},{"damage_healed":0,"gold_gain":0,"player_choice":"Bet on Owner","damage_taken":0,"max_hp_gain":0,"max_hp_loss":0,"event_name":"The Joust","floor":20,"gold_loss":50},{"damage_healed":0,"gold_gain":0,"player_choice":"Smashed Altar","damage_taken":0,"max_hp_gain":0,"max_hp_loss":0,"event_name":"Forgotten Altar","floor":31,"gold_loss":0,"cards_obtained":["Decay"]}],"is_beta":false,"boss_relics":[{"not_picked":["Fusion Hammer","Astrolabe"],"picked":"Sozu"}],"items_purged_floors":[4,22],"is_endless":false,"potions_floor_spawned":[5,6,11,12,14,16,25],"killed_by":"Automaton","ascension_level":0}