{"gold_per_floor":[115,65,14,289,139,139,152,152,152,166,180,180,180,209,209,209],"floor_reached":16,"playtime":577,"items_purged":["Regret"],"score":98,"play_id":"24a705d4-a8b9-47cf-b8e6-3c3ca974092d","local_time":"20190201231548","is_ascension_mode":false,"campfire_choices":[{"data":"Strike_B","floor":6,"key":"PURGE"},{"data":"Loop","floor":8,"key":"SMITH"},{"data":"Strike_B","floor":15,"key":"PURGE"}],"neow_cost":"TEN_PERCENT_HP_LOSS","seed_source_timestamp":39274890913354,"circlet_count":0,"master_deck":["Strike_B","Defend_B","Defend_B","Defend_B","Defend_B","Zap","Dualcast","Loop+1","Leap","Self Repair","Glacier","Chill"],"relics":["Cracked Core","Peace Pipe","Dream Catcher","Dodecahedron"],"potions_floor_usage":[11],"damage_taken":[{"damage":1,"enemies":"Jaw Worm","floor":1,"turns":3},{"damage":8,"enemies":"Small Slimes","floor":7,"turns":4},{"damage":4,"enemies":"Cultist","floor":10,"turns":5},{"damage":16,"enemies":"Large Slime","floor":11,"turns":5},{"damage":1,"enemies":"Lagavulin","floor":14,"turns":14},{"damage":67,"enemies":"The Guardian","floor":16,"turns":24}],"seed_played":"-3437201192589270809","potions_obtained":[{"floor":1,"key":"SteroidPotion"},{"floor":7,"key":"AttackPotion"},{"floor":10,"key":"SteroidPotion"}],"is_trial":false,"path_per_floor":["M","?","$","?","$","R","M","R","T","M","M","?","?","E","R","B"],"character_chosen":"DEFECT","items_purchased":["Leap","Self Repair"],"campfire_rested":0,"item_purchase_floors":[3,5],"current_hp_per_floor":[67,67,67,67,67,67,66,66,66,68,59,59,59,65,65,0],"gold":209,"neow_bonus":"ONE_RARE_RELIC","is_prod":false,"is_daily":false,"chose_seed":false,"campfire_upgraded":1,"win_rate":0,"timestamp":1549080948,"path_taken":["M","?","$","?","$","R","M","R","T","?","M","?","?","E","R","BOSS"],"build_version":"2019-01-23","purchased_purges":1,"victory":false,"max_hp_per_floor":[68,68,68,68,68,68,68,68,68,68,68,68,68,68,68,68],"card_choices":[{"not_picked":["Rip and Tear","Lockon"],"picked":"Loop","floor":1},{"not_picked":["Redo","Compile Driver","Recycle"],"picked":"SKIP","floor":7},{"not_picked":["Conserve Battery","Stack","Hologram"],"picked":"SKIP","floor":10},{"not_picked":["Redo","Leap"],"picked":"Glacier","floor":11},{"not_picked":["Coolheaded","Recycle"],"picked":"Chill","floor":14}],"player_experience":608720,"relics_obtained":[{"floor":14,"key":"Dodecahedron"}],"event_choices":[{"cards_removed":["Strike_B"],"damage_healed":0,"gold_gain":0,"player_choice":"Card Removal","damage_taken":0,"max_hp_gain":0,"max_hp_loss":0,"event_name":"The Cleric","floor":2,"gold_loss":50},{"damage_healed":0,"gold_gain":275,"player_choice":"Desecrate","damage_taken":0,"max_hp_gain":0,"max_hp_loss":0,"event_name":"Golden Shrine","floor":4,"gold_loss":0,"cards_obtained":["Regret"]},{"damage_healed":0,"gold_gain":0,"player_choice":"Box","damage_taken":0,"relics_obtained":["Dream Catcher"],"max_hp_gain":0,"max_hp_loss":0,"event_name":"Big Fish","floor":12,"gold_loss":0,"cards_obtained":["Regret"]},{"cards_removed":["Regret"],"damage_healed":0,"gold_gain":0,"player_choice":"Forget","damage_taken":0,"max_hp_gain":0,"max_hp_loss":0,"event_name":"Living Wall","floor":13,"gold_loss":0}],"is_beta":false,"boss_relics":[],"items_purged_floors":[5],"is_endless":false,"potions_floor_spawned":[1,7,10],"killed_by":"The Guardian","ascension_level":0}