{"gold_per_floor":[110,110,110,110,124,124,145,170,194,213,213,246,246,260,260,353,353,369,394,91,110,110,110,10,34,34,55,6,6,50,2,2,2],"floor_reached":33,"playtime":1983,"items_purged":["Strike_B","Strike_B"],"score":467,"play_id":"dee2f149-e158-410e-9171-d04c86d3106e","local_time":"20180922213006","is_ascension_mode":true,"campfire_choices":[{"data":"Zap","floor":6,"key":"SMITH"},{"data":"Dualcast","floor":11,"key":"SMITH"},{"data":"Self Repair","floor":13,"key":"SMITH"},{"data":"Rainbow","floor":15,"key":"SMITH"},{"floor":23,"key":"REST"},{"floor":29,"key":"REST"},{"data":"Defragment","floor":32,"key":"SMITH"}],"neow_cost":"NONE","seed_source_timestamp":634935563400945,"circlet_count":0,"master_deck":["Strike_B","Strike_B","Defend_B","Defend_B","Defend_B","Zap+1","Dualcast+1","AscendersBane","Ball Lightning","Ball Lightning","Self Repair+1","Compile Driver","Rainbow+1","Multi-Cast","Defragment+1","Self Repair+1","Loop","Glacier+1","Loop+1"],"relics":["Cracked Core","NeowsBlessing","Golden Idol","Orichalcum","Anchor","Nuclear Battery","Regal Pillow","Bag of Marbles","Ancient Tea Set"],"potions_floor_usage":[12,12,19,21,30,33,33],"damage_taken":[{"damage":0,"enemies":"2 Louse","floor":1,"turns":1},{"damage":0,"enemies":"Small Slimes","floor":5,"turns":1},{"damage":0,"enemies":"Cultist","floor":7,"turns":1},{"damage":11,"enemies":"2 Fungi Beasts","floor":8,"turns":3},{"damage":14,"enemies":"3 Louse","floor":10,"turns":3},{"damage":5,"enemies":"3 Sentries","floor":12,"turns":4},{"damage":9,"enemies":"Exordium Wildlife","floor":14,"turns":3},{"damage":29,"enemies":"Hexaghost","floor":16,"turns":9},{"damage":11,"enemies":"Shell Parasite","floor":18,"turns":4},{"damage":4,"enemies":"3 Byrds","floor":19,"turns":4},{"damage":59,"enemies":"3 Cultists","floor":21,"turns":6},{"damage":34,"enemies":"Sentry and Sphere","floor":25,"turns":4},{"damage":32,"enemies":"Centurion and Healer","floor":27,"turns":7},{"damage":26,"enemies":"Slavers","floor":30,"turns":8},{"damage":56,"enemies":"Champ","floor":33,"turns":7}],"seed_played":"5209481647080856377","potions_obtained":[{"floor":5,"key":"FocusPotion"},{"floor":7,"key":"Fire Potion"},{"floor":16,"key":"Fire Potion"},{"floor":19,"key":"SpeedPotion"},{"floor":30,"key":"Strength Potion"}],"is_trial":false,"path_per_floor":["M","?","?","?","M","R","M","M","T","M","R","E","R","M","R","B",null,"M","M","$","M","?","R","$","M","T","M","$","R","E","$","R"],"character_chosen":"DEFECT","items_purchased":["Defragment","Regal Pillow","SpeedPotion","Swift Potion"],"campfire_rested":2,"item_purchase_floors":[20,20,28,31],"current_hp_per_floor":[64,57,57,62,62,62,62,58,58,51,51,53,53,54,54,35,61,60,66,66,17,17,52,52,38,38,26,26,61,55,55,55,0],"gold":2,"neow_bonus":"THREE_ENEMY_KILL","is_prod":false,"is_daily":false,"chose_seed":false,"campfire_upgraded":5,"win_rate":0,"timestamp":1537644606,"path_taken":["M","?","?","?","M","R","M","M","T","?","R","E","R","?","R","BOSS","M","M","$","M","?","R","?","M","T","?","$","R","E","?","R","BOSS"],"build_version":"2018-09-20","purchased_purges":2,"victory":false,"max_hp_per_floor":[71,71,64,69,69,69,69,69,69,69,69,69,69,69,69,69,69,69,69,69,69,69,69,69,69,69,69,69,69,69,69,69,69],"card_choices":[{"not_picked":["Gash","Skim"],"picked":"Ball Lightning","floor":1},{"not_picked":["Conserve Battery","Blizzard"],"picked":"Ball Lightning","floor":5},{"not_picked":["Rebound","Leap"],"picked":"Self Repair","floor":7},{"not_picked":["Sweeping Beam","Beam Cell"],"picked":"Compile Driver","floor":8},{"not_picked":["Darkness","Stack","Steam"],"picked":"SKIP","floor":10},{"not_picked":["Leap","Barrage"],"picked":"Rainbow","floor":12},{"not_picked":["Stack","Redo","Ball Lightning"],"picked":"SKIP","floor":14},{"not_picked":["Fission","Rainbow"],"picked":"Multi-Cast","floor":16},{"not_picked":["Stack","Hologram","Gash"],"picked":"SKIP","floor":18},{"not_picked":["Ball Lightning","Leap+1","Machine Learning"],"picked":"SKIP","floor":19},{"not_picked":["Chaos","Go for the Eyes","Rebound"],"picked":"SKIP","floor":21},{"not_picked":["Doom and Gloom+1","Stack"],"picked":"Loop","floor":25},{"not_picked":["Ball Lightning","Gash+1"],"picked":"Glacier+1","floor":27},{"not_picked":["Genetic Algorithm","Cold Snap"],"picked":"Loop+1","floor":30}],"player_experience":547992,"relics_obtained":[{"floor":9,"key":"Orichalcum"},{"floor":12,"key":"Anchor"},{"floor":26,"key":"Bag of Marbles"},{"floor":30,"key":"Ancient Tea Set"}],"event_choices":[{"event_name":"Golden Wing","player_choice":"Card Removal","floor":2,"damage_taken":0},{"event_name":"Golden Idol","player_choice":"Lose Max HP","floor":3,"damage_taken":0},{"event_name":"Big Fish","player_choice":"Donut","floor":4,"damage_taken":0},{"event_name":"Duplicator","player_choice":"One dupe","floor":22,"damage_taken":0}],"is_beta":false,"boss_relics":[{"not_picked":["Tiny House","Lizard Tail"],"picked":"Nuclear Battery"}],"items_purged_floors":[20,24],"is_endless":false,"potions_floor_spawned":[5,7,16,19,30],"killed_by":"Champ","ascension_level":15}