{"path_per_floor":["M","M","M","M","M","?","?","$","T","E","M","E","R","M","R","B",null,"M","M","M","$","M"],"character_chosen":"DEFECT","items_purchased":["Capacitor","Cold Snap","Steam","Hologram","Singing Bowl"],"gold_per_floor":[219,237,257,272,285,285,285,85,112,145,157,184,184,194,194,296,296,311,331,350,4,24,24],"floor_reached":23,"campfire_rested":0,"playtime":890,"item_purchase_floors":[],"current_hp_per_floor":[68,61,59,56,51,51,51,51,51,51,51,43,43,43,43,35,65,49,48,19,19,11,0],"items_purged":["Strike_B","Strike_B"],"gold":24,"score":269,"play_id":"5a2176ff-96c7-4b5b-b6eb-e5a5fd6c7767","local_time":"20180609200552","is_prod":false,"is_daily":false,"chose_seed":false,"is_ascension_mode":true,"campfire_upgraded":2,"win_rate":0,"timestamp":1528567552,"campfire_choices":[{"data":"Zap","floor":13.0,"key":"SMITH"},{"data":"Steam Power","floor":15.0,"key":"SMITH"}],"path_taken":["M","M","M","M","M","?","?","$","T","E","M","E","R","M","R","BOSS","M","M","M","$","M","M"],"build_version":"2018-06-07v3","seed_source_timestamp":0,"purchased_purges":2,"victory":false,"master_deck":["Strike_B","Strike_B","Defend_B","Defend_B","Defend_B","Defend_B","Zap+1","Dualcast","Gash","Streamline+1","Sweeping Beam","Leap","Leap","Capacitor","Cold Snap","FTL","Steam Power+1","Core Surge","Scrape+1","Gash","BootSequence","Steam","Hologram","Reinforced Body"],"max_hp_per_floor":[75,75,75,75,75,75,75,75,75,75,75,75,75,75,75,75,75,75,75,75,75,75,75],"relics":["Cracked Core","Potion Belt","Ancient Tea Set","Bronze Scales","Cursed Key","Singing Bowl"],"card_choices":[{"not_picked":["Barrage","Turbo"],"picked":"Gash","floor":1.0},{"not_picked":["Darkness","Blizzard"],"picked":"Streamline","floor":2.0},{"not_picked":["Turbo","Melter"],"picked":"Sweeping Beam","floor":3.0},{"not_picked":["Redo","Cold Snap"],"picked":"Leap","floor":4.0},{"not_picked":["Static Discharge","Sweeping Beam"],"picked":"Leap","floor":5.0},{"not_picked":["Hologram","Hyperbeam"],"picked":"FTL","floor":10.0},{"not_picked":["Cold Snap","Reprogram","Stack"],"picked":"SKIP","floor":11.0},{"not_picked":["Streamline","Barrage"],"picked":"Steam Power","floor":12.0},{"not_picked":["Redo","Turbo","Compile Driver"],"picked":"SKIP","floor":14.0},{"not_picked":["Reboot","Hyperbeam"],"picked":"Core Surge","floor":16.0},{"not_picked":["Capacitor+1","Barrage"],"picked":"Scrape+1","floor":18},{"not_picked":["Go for the Eyes+1","Redo"],"picked":"Gash","floor":19},{"not_picked":["Coolheaded+1","Redo"],"picked":"BootSequence","floor":20},{"not_picked":["Go for the Eyes","Coolheaded+1"],"picked":"Reinforced Body","floor":22}],"player_experience":359026,"potions_floor_usage":[],"damage_taken":[{"damage":0.0,"enemies":"Cultist","floor":1.0,"turns":3.0},{"damage":7.0,"enemies":"Jaw Worm","floor":2.0,"turns":3.0},{"damage":2.0,"enemies":"Small Slimes","floor":3.0,"turns":3.0},{"damage":3.0,"enemies":"Blue Slaver","floor":4.0,"turns":3.0},{"damage":5.0,"enemies":"3 Louse","floor":5.0,"turns":3.0},{"damage":15.0,"enemies":"3 Sentries","floor":10.0,"turns":7.0},{"damage":0.0,"enemies":"2 Fungi Beasts","floor":11.0,"turns":3.0},{"damage":8.0,"enemies":"Lagavulin","floor":12.0,"turns":5.0},{"damage":0.0,"enemies":"Looter","floor":14.0,"turns":2.0},{"damage":8.0,"enemies":"Hexaghost","floor":16.0,"turns":9.0},{"damage":16,"enemies":"Shell Parasite","floor":18,"turns":4},{"damage":1,"enemies":"3 Byrds","floor":19,"turns":3},{"damage":29,"enemies":"Snake Plant","floor":20,"turns":4},{"damage":8,"enemies":"Snecko","floor":22,"turns":5},{"damage":11,"enemies":"3 Cultists","floor":23,"turns":3}],"relics_obtained":[{"floor":9.0,"key":"Potion Belt"},{"floor":10.0,"key":"Ancient Tea Set"},{"floor":12.0,"key":"Bronze Scales"}],"event_choices":[{"event_name":"The Lab","player_choice":"Got Potions","floor":6.0,"damage_taken":0.0},{"event_name":"Living Wall","player_choice":"Grow","floor":7.0,"damage_taken":0.0}],"boss_relics":[{"not_picked":["Tiny House","Busted Crown"],"picked":"Cursed Key"}],"items_purged_floors":[],"potions_floor_spawned":[4,10,12,20],"seed_played":"8331901820480520872","killed_by":"3 Cultists","ascension_level":6,"potions_obtained":[{"floor":4.0,"key":"Regen Potion"},{"floor":6.0,"key":"EssenceOfSteel"},{"floor":6.0,"key":"Weak Potion"},{"floor":10.0,"key":"Energy Potion"},{"floor":12.0,"key":"SkillPotion"},{"floor":20,"key":"AttackPotion"}],"is_trial":false}