{"gold_per_floor":[16,67,30,30,30,30,30,43,43,43,59,10,20,35,35,107,107,120,45,63,76,95,95,106,106,106,106,118,118,137,152,152,228,228,243,243,260,260,37,37,56,70,70,70],"floor_reached":44,"playtime":4132,"items_purged":["Strike_B"],"score":707,"play_id":"ebc0ed2f-378d-48b1-808d-e4f748dbb940","local_time":"20180923163254","is_ascension_mode":true,"campfire_choices":[{"data":"Zap","floor":6,"key":"SMITH"},{"data":"Dualcast","floor":10,"key":"SMITH"},{"data":"Defragment","floor":15,"key":"SMITH"},{"data":"Self Repair","floor":23,"key":"SMITH"},{"floor":25,"key":"REST"},{"data":"Conserve Battery","floor":27,"key":"SMITH"},{"data":"White Noise","floor":29,"key":"SMITH"},{"data":"Reinforced Body","floor":32,"key":"SMITH"},{"data":"Panacea","floor":40,"key":"SMITH"}],"neow_cost":"NO_GOLD","seed_source_timestamp":701352392631030,"circlet_count":0,"master_deck":["Strike_B","Strike_B","Defend_B","Defend_B","Defend_B","Zap+1","Dualcast+1","AscendersBane","Defragment+1","Self Repair+1","Conserve Battery+1","Cold Snap","Electrodynamics","Cold Snap","White Noise+1","Loop+1","Reinforced Body+1","Biased Cognition+1","Capacitor+1","Panacea+1"],"relics":["Cracked Core","Potion Belt","Mummified Hand","Lizard Tail","Frozen Egg 2","Inserter","Strawberry","Molten Egg 2"],"potions_floor_usage":[16,21,22,31,33,35,37,44],"damage_taken":[{"damage":1,"enemies":"Cultist","floor":1,"turns":4},{"damage":10,"enemies":"Small Slimes","floor":8,"turns":3},{"damage":5,"enemies":"2 Louse","floor":11,"turns":2},{"damage":9,"enemies":"Blue Slaver","floor":13,"turns":4},{"damage":6,"enemies":"2 Fungi Beasts","floor":14,"turns":3},{"damage":52,"enemies":"Hexaghost","floor":16,"turns":12},{"damage":0,"enemies":"3 Byrds","floor":18,"turns":4},{"damage":0,"enemies":"Chosen","floor":20,"turns":4},{"damage":15,"enemies":"Shelled Parasite and Fungi","floor":21,"turns":8},{"damage":13,"enemies":"3 Cultists","floor":22,"turns":4},{"damage":33,"enemies":"Snake Plant","floor":24,"turns":4},{"damage":7,"enemies":"Centurion and Healer","floor":28,"turns":6},{"damage":13,"enemies":"Cultist and Chosen","floor":30,"turns":5},{"damage":19,"enemies":"Snake Plant","floor":31,"turns":3},{"damage":114,"enemies":"Champ","floor":33,"turns":19},{"damage":9,"enemies":"Orb Walker","floor":35,"turns":4},{"damage":21,"enemies":"3 Shapes","floor":37,"turns":3},{"damage":42,"enemies":"Reptomancer","floor":41,"turns":6},{"damage":28,"enemies":"Maw","floor":42,"turns":8},{"damage":26,"enemies":"3 Darklings","floor":44,"turns":2}],"seed_played":"4340280619224817800","potions_obtained":[{"floor":1,"key":"Ancient Potion"},{"floor":14,"key":"PowerPotion"},{"floor":20,"key":"Energy Potion"},{"floor":21,"key":"Regen Potion"},{"floor":24,"key":"Strength Potion"},{"floor":30,"key":"Swift Potion"},{"floor":35,"key":"Fire Potion"},{"floor":41,"key":"Ancient Potion"}],"is_trial":false,"path_per_floor":["M","T","$","?","?","R","$","M","T","R","M","$","M","M","R","B",null,"M","?","M","M","M","R","M","R","T","R","M","R","M","M","R","B",null,"M","?","M","?","$","R","M","M","T"],"character_chosen":"DEFECT","items_purchased":["Self Repair","Conserve Battery","Strawberry"],"campfire_rested":1,"item_purchase_floors":[3,12,39],"current_hp_per_floor":[77,77,77,77,77,77,77,74,74,74,69,69,67,68,68,23,70,77,77,84,76,85,85,62,85,85,85,85,85,82,73,73,32,72,80,80,69,69,76,76,44,26,26,0],"gold":70,"neow_bonus":"TWENTY_PERCENT_HP_BONUS","is_prod":false,"is_daily":false,"chose_seed":false,"campfire_upgraded":8,"win_rate":0,"timestamp":1537713174,"path_taken":["M","?","$","?","?","R","?","M","T","R","M","$","M","M","R","BOSS","M","?","M","M","M","R","M","R","T","R","?","R","M","M","R","BOSS","M","?","M","?","$","R","M","M","T","?"],"build_version":"2018-09-20","purchased_purges":1,"victory":false,"max_hp_per_floor":[85,85,85,85,85,85,85,85,85,85,85,85,85,85,85,85,85,85,85,85,85,85,85,85,85,85,85,85,85,85,85,85,85,85,85,81,81,81,88,88,88,88,88,88],"card_choices":[{"not_picked":["Consume","Cold Snap"],"picked":"Defragment","floor":1},{"not_picked":["Compile Driver","Turbo","Rebound"],"picked":"SKIP","floor":8},{"not_picked":["Skim","Go for the Eyes","Compile Driver"],"picked":"SKIP","floor":11},{"not_picked":["Leap","Compile Driver"],"picked":"Cold Snap","floor":13},{"not_picked":["Barrage","Go for the Eyes","Reprogram"],"picked":"SKIP","floor":14},{"not_picked":["Rainbow","Creative AI"],"picked":"Electrodynamics","floor":16},{"not_picked":["Sweeping Beam","Streamline","Gash"],"picked":"SKIP","floor":18},{"not_picked":["Hello World","Reprogram+1"],"picked":"Cold Snap","floor":20},{"not_picked":["Hologram","Redo"],"picked":"White Noise","floor":21},{"not_picked":["Aggregate","Beam Cell","Compile Driver"],"picked":"SKIP","floor":22},{"not_picked":["Hologram","Sweeping Beam","Streamline"],"picked":"SKIP","floor":24},{"not_picked":["Stack+1","Cold Snap","Go for the Eyes"],"picked":"SKIP","floor":28},{"not_picked":["Electrodynamics+1","Beam Cell"],"picked":"Loop+1","floor":30},{"not_picked":["Glacier","Conserve Battery+1"],"picked":"Reinforced Body","floor":31},{"not_picked":["Creative AI+1","Rainbow"],"picked":"Biased Cognition+1","floor":33},{"not_picked":["Double Energy+1","Undo+1"],"picked":"Capacitor+1","floor":35},{"not_picked":["Go for the Eyes","Tempest","Darkness"],"picked":"SKIP","floor":37},{"not_picked":["Madness","Secret Technique"],"picked":"Panacea","floor":38},{"not_picked":["Turbo","Cold Snap","Barrage"],"picked":"SKIP","floor":41},{"not_picked":["Melter","Compile Driver","Gash"],"picked":"SKIP","floor":42}],"player_experience":574371,"relics_obtained":[{"floor":2,"key":"Potion Belt"},{"floor":9,"key":"Mummified Hand"},{"floor":26,"key":"Frozen Egg 2"},{"floor":43,"key":"Molten Egg 2"}],"event_choices":[{"event_name":"Wheel of Change","player_choice":"Card Removal","floor":4,"damage_taken":0},{"event_name":"Liars Game","player_choice":"disagreed","floor":5,"damage_taken":0},{"event_name":"Beggar","player_choice":"Gave Gold","floor":19,"damage_taken":0},{"event_name":"Winding Halls","player_choice":"Max HP","floor":36,"damage_taken":0},{"event_name":"SensoryStone","player_choice":"Memory 1","floor":38,"damage_taken":0}],"is_beta":false,"boss_relics":[{"not_picked":["Ectoplasm","Astrolabe"],"picked":"Lizard Tail"},{"not_picked":["Nuclear Battery","FrozenCore"],"picked":"Inserter"}],"items_purged_floors":[39],"is_endless":false,"potions_floor_spawned":[1,14,20,21,24,30,35,41],"killed_by":"3 Darklings","ascension_level":15}