{"gold_per_floor":[13,25,43,43,43,43,59,71,125,152,163,163],"floor_reached":12,"playtime":393,"items_purged":[],"score":115,"play_id":"6b872d80-c044-4fd6-9eaf-a05b2063b3db","local_time":"20181120181637","is_ascension_mode":true,"campfire_choices":[{"data":"Neutralize","floor":6,"key":"SMITH"}],"neow_cost":"NO_GOLD","seed_source_timestamp":322233341674482,"circlet_count":0,"master_deck":["Defend_G","Defend_G","Defend_G","Defend_G","Defend_G","Strike_G","Strike_G","Strike_G","Strike_G","Survivor","Neutralize+1","Footwork","Masterful Stab","Backflip","Backstab","Cloak And Dagger","Dagger Throw"],"relics":["Ring of the Snake","Darkstone Periapt","Smiling Mask","Happy Flower"],"potions_floor_usage":[10,12],"damage_taken":[{"damage":6,"enemies":"Cultist","floor":1,"turns":5},{"damage":0,"enemies":"Small Slimes","floor":2,"turns":4},{"damage":4,"enemies":"2 Louse","floor":3,"turns":4},{"damage":16,"enemies":"Lots of Slimes","floor":7,"turns":9},{"damage":0,"enemies":"Looter","floor":8,"turns":4},{"damage":16,"enemies":"3 Sentries","floor":10,"turns":3},{"damage":0,"enemies":"Red Slaver","floor":11,"turns":3},{"damage":13,"enemies":"Gremlin Nob","floor":12,"turns":3}],"seed_played":"4664004064750792437","potions_obtained":[{"floor":3,"key":"SkillPotion"},{"floor":8,"key":"Weak Potion"},{"floor":10,"key":"Block Potion"}],"is_trial":false,"path_per_floor":["M","M","M","?","?","R","M","M","T","E","M","E"],"character_chosen":"THE_SILENT","items_purchased":[],"campfire_rested":0,"item_purchase_floors":[],"current_hp_per_floor":[71,71,67,42,35,35,19,19,19,3,3,0],"gold":163,"neow_bonus":"TWENTY_PERCENT_HP_BONUS","is_prod":false,"is_daily":false,"chose_seed":false,"campfire_upgraded":1,"win_rate":0,"timestamp":1542755797,"path_taken":["M","M","M","?","?","R","M","M","T","E","M","E"],"build_version":"2018-11-15","purchased_purges":0,"victory":false,"max_hp_per_floor":[84,84,84,84,84,84,84,84,84,84,84,84],"card_choices":[{"not_picked":["Slice","Acrobatics","Sucker Punch"],"picked":"SKIP","floor":1},{"not_picked":["Masterful Stab","Bane"],"picked":"Footwork","floor":2},{"not_picked":["Concentrate","Flying Knee"],"picked":"Masterful Stab","floor":3},{"not_picked":["Envenom","Outmaneuver"],"picked":"Backflip","floor":7},{"not_picked":["Choke","Caltrops"],"picked":"Backstab","floor":8},{"not_picked":["Slice","PiercingWail"],"picked":"Cloak And Dagger","floor":10},{"not_picked":["Finisher","Slice"],"picked":"Dagger Throw","floor":11}],"player_experience":444936,"relics_obtained":[{"floor":9,"key":"Smiling Mask"},{"floor":10,"key":"Happy Flower"}],"event_choices":[{"damage_healed":0,"gold_gain":0,"player_choice":"Success","damage_taken":25,"relics_obtained":["Darkstone Periapt"],"max_hp_gain":0,"max_hp_loss":0,"event_name":"Scrap Ooze","floor":4,"gold_loss":0},{"cards_removed":["Strike_G"],"damage_healed":0,"gold_gain":0,"player_choice":"Card Removal","damage_taken":7,"max_hp_gain":0,"max_hp_loss":0,"event_name":"Golden Wing","floor":5,"gold_loss":0}],"is_beta":true,"boss_relics":[],"items_purged_floors":[],"is_endless":false,"potions_floor_spawned":[3,8,10],"killed_by":"Gremlin Nob","ascension_level":8}