{"gold_per_floor":[111,61,74,92,14,14,33,33,33,43,54,66,66,66,66,66],"floor_reached":16,"playtime":663,"items_purged":[],"score":94,"play_id":"64285138-f619-4726-826f-b7aa8d100223","local_time":"20190110114048","is_ascension_mode":false,"campfire_choices":[{"data":"Pommel Strike","floor":6,"key":"SMITH"},{"data":"Metallicize","floor":8,"key":"SMITH"},{"data":"Metallicize","floor":15,"key":"SMITH"}],"neow_cost":"NONE","seed_source_timestamp":984704174355426,"circlet_count":0,"master_deck":["Strike_R","Strike_R","Strike_R","Strike_R","Defend_R","Defend_R","Defend_R","Defend_R","Bash+1","Pommel Strike+1","Burning Pact","Metallicize+1","Metallicize+1","Feel No Pain","Battle Trance"],"relics":["Burning Blood"],"potions_floor_usage":[10],"damage_taken":[{"damage":8,"enemies":"Jaw Worm","floor":1,"turns":4},{"damage":5,"enemies":"Small Slimes","floor":3,"turns":3},{"damage":0,"enemies":"2 Louse","floor":4,"turns":3},{"damage":28,"enemies":"Exordium Thugs","floor":7,"turns":8},{"damage":9,"enemies":"Large Slime","floor":10,"turns":5},{"damage":10,"enemies":"Gremlin Gang","floor":11,"turns":9},{"damage":29,"enemies":"Exordium Wildlife","floor":12,"turns":6},{"damage":43,"enemies":"Slime Boss","floor":16,"turns":9}],"seed_played":"199113162842198814","potions_obtained":[{"floor":3,"key":"Fire Potion"},{"floor":10,"key":"Ancient Potion"},{"floor":12,"key":"EssenceOfSteel"}],"is_trial":false,"path_per_floor":["M","?","M","M","$","R","M","R","T","M","M","M","?","?","R","B"],"character_chosen":"IRONCLAD","items_purchased":["Metallicize"],"campfire_rested":0,"item_purchase_floors":[5],"current_hp_per_floor":[78,78,79,80,80,80,58,58,58,55,51,28,28,28,28,0],"gold":66,"neow_bonus":"UPGRADE_CARD","is_prod":false,"is_daily":false,"chose_seed":false,"campfire_upgraded":3,"win_rate":0,"timestamp":1547138448,"path_taken":["M","?","M","M","$","R","M","R","T","M","M","M","?","?","R","BOSS"],"build_version":"2019-01-03v4","purchased_purges":0,"victory":false,"max_hp_per_floor":[80,80,80,80,80,80,80,80,80,80,80,80,80,80,80,80],"card_choices":[{"not_picked":["Body Slam","Cleave"],"picked":"Pommel Strike","floor":1},{"not_picked":["Heavy Blade","Pommel Strike","Warcry"],"picked":"SKIP","floor":3},{"not_picked":["Cleave","Perfected Strike"],"picked":"Burning Pact","floor":4},{"not_picked":["Warcry","Pummel"],"picked":"Metallicize","floor":7},{"not_picked":["Corruption","Infernal Blade"],"picked":"Feel No Pain","floor":10},{"not_picked":["Burning Pact","Wild Strike"],"picked":"Battle Trance","floor":11},{"not_picked":["Flex","Sword Boomerang","Clash"],"picked":"SKIP","floor":12}],"player_experience":444733,"relics_obtained":[],"event_choices":[{"cards_removed":["Strike_R"],"damage_healed":0,"gold_gain":0,"player_choice":"Card Removal","damage_taken":0,"max_hp_gain":0,"max_hp_loss":0,"event_name":"The Cleric","floor":2,"gold_loss":50},{"damage_healed":0,"gold_gain":0,"player_choice":"Ignored","damage_taken":0,"max_hp_gain":0,"max_hp_loss":0,"event_name":"Liars Game","floor":13,"gold_loss":0},{"damage_healed":0,"gold_gain":0,"player_choice":"Ignored","damage_taken":0,"max_hp_gain":0,"max_hp_loss":0,"event_name":"WeMeetAgain","floor":14,"gold_loss":0}],"is_beta":false,"boss_relics":[],"items_purged_floors":[],"is_endless":false,"potions_floor_spawned":[3,10,12],"killed_by":"Slime Boss","ascension_level":0}