{"gold_per_floor":[116,66,141,141,154,154,168,195,220,239,239,13,13,13,13,13],"floor_reached":16,"playtime":315,"items_purged":[],"score":123,"play_id":"d6d2a02e-581b-49d6-9ffe-cd85ad19d8f6","local_time":"20190121203157","is_ascension_mode":false,"campfire_choices":[{"data":"Zap","floor":6,"key":"SMITH"},{"floor":11,"key":"REST"},{"data":"Leap","floor":13,"key":"SMITH"},{"data":"Hologram","floor":15,"key":"SMITH"}],"neow_cost":"NONE","seed_source_timestamp":65801043898509,"circlet_count":0,"master_deck":["Strike_B","Strike_B","Strike_B","Defend_B","Defend_B","Defend_B","Defend_B","Zap+1","Dualcast+1","Regret","Leap+1","Leap","Leap","Hologram+1","Leap"],"relics":["Cracked Core","DataDisk","Dodecahedron","Bronze Scales","Tiny Chest"],"potions_floor_usage":[10],"damage_taken":[{"damage":0,"enemies":"Small Slimes","floor":1,"turns":3},{"damage":2,"enemies":"2 Louse","floor":5,"turns":2},{"damage":2,"enemies":"Jaw Worm","floor":7,"turns":3},{"damage":42,"enemies":"Gremlin Nob","floor":8,"turns":5},{"damage":1,"enemies":"2 Fungi Beasts","floor":10,"turns":2},{"damage":49,"enemies":"Slime Boss","floor":16,"turns":9}],"seed_played":"5065298421534429720","potions_obtained":[{"floor":8,"key":"Fire Potion"}],"is_trial":false,"path_per_floor":["M","?","?","?","M","R","M","E","T","M","R","$","R","$","R","B"],"character_chosen":"DEFECT","items_purchased":["Tiny Chest","Hologram","Leap"],"campfire_rested":1,"item_purchase_floors":[12,12,12],"current_hp_per_floor":[75,75,64,64,62,62,60,18,18,17,39,39,39,39,39,0],"gold":13,"neow_bonus":"UPGRADE_CARD","is_prod":false,"is_daily":false,"chose_seed":false,"campfire_upgraded":3,"win_rate":0,"timestamp":1548120717,"path_taken":["M","?","?","?","M","R","M","E","T","M","R","$","R","$","R","BOSS"],"build_version":"2019-01-17v2","purchased_purges":0,"victory":false,"max_hp_per_floor":[75,75,75,75,75,75,75,75,75,75,75,75,75,75,75,75],"card_choices":[{"not_picked":["Steam","Ball Lightning","Genetic Algorithm"],"picked":"SKIP","floor":1},{"not_picked":["Skim","Aggregate","Static Discharge"],"picked":"SKIP","floor":5},{"not_picked":["Beam Cell","Streamline"],"picked":"Leap","floor":7},{"not_picked":["Streamline","Coolheaded"],"picked":"Leap","floor":8},{"not_picked":["FTL","Loop"],"picked":"Leap","floor":10}],"player_experience":556710,"relics_obtained":[{"floor":8,"key":"Dodecahedron"},{"floor":9,"key":"Bronze Scales"}],"event_choices":[{"cards_removed":["Strike_B"],"damage_healed":0,"gold_gain":0,"player_choice":"Card Removal","damage_taken":0,"max_hp_gain":0,"max_hp_loss":0,"event_name":"The Cleric","floor":2,"gold_loss":50},{"damage_healed":0,"gold_gain":75,"player_choice":"Gather Gold","damage_taken":11,"max_hp_gain":0,"max_hp_loss":0,"event_name":"World of Goop","floor":3,"gold_loss":0},{"damage_healed":0,"gold_gain":0,"player_choice":"Box","damage_taken":0,"relics_obtained":["DataDisk"],"max_hp_gain":0,"max_hp_loss":0,"event_name":"Big Fish","floor":4,"gold_loss":0,"cards_obtained":["Regret"]}],"is_beta":false,"boss_relics":[],"items_purged_floors":[],"is_endless":false,"potions_floor_spawned":[8],"killed_by":"Slime Boss","ascension_level":0}