{"gold_per_floor":[14,14,32,32,32,65,65,99,99,113,113,149,22,36,36,36],"floor_reached":16,"playtime":594,"items_purged":["Strike_R"],"score":212,"play_id":"e223cdf6-903b-47bb-b1a4-9d2606cc34c5","local_time":"20181105114510","is_ascension_mode":true,"campfire_choices":[{"data":"Carnage","floor":7.0,"key":"SMITH"},{"data":"Bash","floor":11,"key":"SMITH"},{"data":"True Grit","floor":15,"key":"SMITH"}],"neow_cost":"NO_GOLD","seed_source_timestamp":0,"circlet_count":0,"master_deck":["AscendersBane","Strike_R","Strike_R","Strike_R","Strike_R","Defend_R","Defend_R","Defend_R","Defend_R","Bash+1","Shrug It Off","Carnage+1","Anger","Shockwave","Immolate","True Grit+1","Sentinel","Headbutt"],"special_seed":0,"relics":["Burning Blood","Golden Idol","Peace Pipe","Strawberry","Prayer Wheel","Pen Nib"],"potions_floor_usage":[12,16],"damage_taken":[{"damage":6.0,"enemies":"Cultist","floor":1.0,"turns":4.0},{"damage":7.0,"enemies":"Jaw Worm","floor":3.0,"turns":4.0},{"damage":34.0,"enemies":"3 Sentries","floor":6.0,"turns":10.0},{"damage":32.0,"enemies":"Gremlin Nob","floor":8.0,"turns":4.0},{"damage":0,"enemies":"Small Slimes","floor":10,"turns":2},{"damage":25,"enemies":"Lagavulin","floor":12,"turns":8},{"damage":0,"enemies":"3 Louse","floor":14,"turns":1},{"damage":28,"enemies":"Hexaghost","floor":16,"turns":9}],"seed_played":"-4298192968776646556","potions_obtained":[{"floor":3.0,"key":"GamblersBrew"},{"floor":6.0,"key":"GamblersBrew"},{"floor":12,"key":"GamblersBrew"}],"is_trial":false,"path_per_floor":["M","$","M","?","?","E","R","E","T","M","R","E","$","M","R","B"],"character_chosen":"IRONCLAD","items_purchased":["True Grit"],"campfire_rested":0,"item_purchase_floors":[13],"current_hp_per_floor":[82,82,81,81,81,53,53,34,34,40,40,21,21,27,27,0],"gold":36,"neow_bonus":"TWENTY_PERCENT_HP_BONUS","is_prod":false,"is_daily":false,"chose_seed":false,"campfire_upgraded":3,"win_rate":0,"timestamp":1541414710,"path_taken":["M","?","M","?","?","E","R","E","T","M","R","E","?","M","R","BOSS"],"build_version":"2018-11-02","purchased_purges":1,"victory":false,"max_hp_per_floor":[89,89,89,81,81,81,81,88,88,88,88,88,88,88,88,88],"card_choices":[{"not_picked":["Bloodletting","Body Slam"],"picked":"Shrug It Off","floor":1.0},{"not_picked":["Flex","Disarm"],"picked":"Carnage","floor":3.0},{"not_picked":["Havoc","Clash"],"picked":"Anger","floor":6.0},{"not_picked":["Anger","Infernal Blade"],"picked":"Shockwave","floor":8.0},{"not_picked":["Exhume","Havoc","Twin Strike"],"picked":"SKIP","floor":10},{"not_picked":["Heavy Blade","Thunderclap","Havoc"],"picked":"SKIP","floor":10},{"not_picked":["Sever Soul","Whirlwind"],"picked":"Immolate","floor":12},{"not_picked":["Thunderclap","Dual Wield"],"picked":"Sentinel","floor":14},{"not_picked":["Rage","Wild Strike"],"picked":"Headbutt","floor":14}],"player_experience":310867,"relics_obtained":[{"floor":6.0,"key":"Peace Pipe"},{"floor":8.0,"key":"Strawberry"},{"floor":9,"key":"Prayer Wheel"},{"floor":12,"key":"Pen Nib"}],"event_choices":[{"damage_healed":0.0,"max_hp_gain":0.0,"max_hp_loss":8.0,"gold_gain":0.0,"event_name":"Golden Idol","player_choice":"Lose Max HP","floor":4.0,"gold_loss":0.0,"damage_taken":0.0,"relics_obtained":["Golden Idol"]},{"damage_healed":0.0,"max_hp_gain":0.0,"max_hp_loss":0.0,"gold_gain":0.0,"event_name":"Liars Game","player_choice":"Ignored","floor":5.0,"gold_loss":0.0,"damage_taken":0.0}],"is_beta":true,"boss_relics":[],"items_purged_floors":[13],"is_endless":false,"potions_floor_spawned":[3,6,12],"killed_by":"Hexaghost","ascension_level":16}