{"gold_per_floor":[117,42,42,58,58,58,78,92,92,112,129,149,149,149,149,224,224,237,248,258,258,275,275,286,286,332,350,400,120,134,146,146,219,219,231,231,231,251,251],"floor_reached":39,"playtime":3955,"items_purged":["Strike_B"],"score":663,"play_id":"62b94f99-1357-48f4-b512-2ec79ba18e02","local_time":"20180922223613","is_ascension_mode":true,"campfire_choices":[{"data":"Zap","floor":6,"key":"SMITH"},{"data":"Dualcast","floor":15,"key":"SMITH"},{"floor":23,"key":"REST"},{"floor":25,"key":"REST"},{"floor":32,"key":"REST"}],"neow_cost":"NONE","seed_source_timestamp":636929686124387,"circlet_count":0,"master_deck":["Strike_B","Defend_B+1","Defend_B","Defend_B+1","Zap+1","Dualcast+1","AscendersBane","Melter","Capacitor","Auto Shields","Cold Snap","Ball Lightning","Consume+1","Electrodynamics","Coolheaded","Coolheaded","Capacitor","Capacitor","Glacier","Machine Learning","Ball Lightning+1"],"relics":["Cracked Core","Omamori","Mango","Dodecahedron","Empty Cage","War Paint","DollysMirror","Cursed Key","Girya","Kunai"],"potions_floor_usage":[8,16,20,22,24,31,38,39,39],"damage_taken":[{"damage":8,"enemies":"Jaw Worm","floor":1,"turns":4},{"damage":0,"enemies":"Cultist","floor":4,"turns":3},{"damage":9,"enemies":"Small Slimes","floor":7,"turns":3},{"damage":13,"enemies":"Exordium Wildlife","floor":8,"turns":3},{"damage":2,"enemies":"3 Louse","floor":10,"turns":3},{"damage":0,"enemies":"Looter","floor":11,"turns":2},{"damage":32,"enemies":"Gremlin Gang","floor":12,"turns":5},{"damage":2,"enemies":"Hexaghost","floor":16,"turns":9},{"damage":0,"enemies":"Spheric Guardian","floor":18,"turns":1},{"damage":26,"enemies":"3 Byrds","floor":19,"turns":4},{"damage":19,"enemies":"Snake Plant","floor":20,"turns":6},{"damage":0,"enemies":"3 Cultists","floor":22,"turns":3},{"damage":0,"enemies":"Sentry and Sphere","floor":24,"turns":3},{"damage":11,"enemies":"Cultist and Chosen","floor":27,"turns":6},{"damage":28,"enemies":"Shelled Parasite and Fungi","floor":30,"turns":8},{"damage":7,"enemies":"3 Cultists","floor":31,"turns":5},{"damage":52,"enemies":"Automaton","floor":33,"turns":17},{"damage":20,"enemies":"3 Darklings","floor":35,"turns":4},{"damage":21,"enemies":"Mind Bloom Boss Battle","floor":36,"turns":8},{"damage":16,"enemies":"Orb Walker","floor":38,"turns":4},{"damage":17,"enemies":"4 Shapes","floor":39,"turns":2}],"seed_played":"3134523564708345756","potions_obtained":[{"floor":1,"key":"Ancient Potion"},{"floor":4,"key":"SneckoOil"},{"floor":8,"key":"Weak Potion"},{"floor":18,"key":"Ancient Potion"},{"floor":19,"key":"Explosive Potion"},{"floor":22,"key":"SneckoOil"},{"floor":24,"key":"FearPotion"},{"floor":30,"key":"Dexterity Potion"},{"floor":36,"key":"Swift Potion"},{"floor":38,"key":"LiquidBronze"}],"is_trial":false,"path_per_floor":["M","?","$","M","T","R","M","M","T","M","M","M","?","?","R","B",null,"M","M","M","?","M","R","M","R","T","M","?","$","M","M","R","B",null,"M","?","T","M"],"character_chosen":"DEFECT","items_purchased":["DollysMirror"],"campfire_rested":3,"item_purchase_floors":[29],"current_hp_per_floor":[56,56,56,56,70,70,61,48,48,46,46,14,14,42,42,40,74,74,48,29,29,29,54,54,79,79,68,68,68,40,33,58,6,65,45,24,24,8,0],"gold":251,"neow_bonus":"RANDOM_COMMON_RELIC","is_prod":false,"is_daily":false,"chose_seed":false,"campfire_upgraded":2,"win_rate":0,"timestamp":1537648573,"path_taken":["M","?","$","M","?","R","M","?","T","M","M","?","?","?","R","BOSS","M","M","M","?","M","R","M","R","T","M","?","$","M","?","R","BOSS","M","?","?","M","M"],"build_version":"2018-09-20","purchased_purges":1,"victory":false,"max_hp_per_floor":[71,71,71,71,85,85,85,85,85,85,85,85,85,85,85,85,85,85,85,85,85,85,85,85,85,85,85,85,85,85,85,85,85,85,85,85,85,85,85],"card_choices":[{"not_picked":["Chaos","Redo"],"picked":"Melter","floor":1},{"not_picked":["Genetic Algorithm","Leap","Recycle"],"picked":"SKIP","floor":4},{"not_picked":["Barrage","Turbo"],"picked":"Capacitor","floor":7},{"not_picked":["Melter","Redo"],"picked":"Auto Shields","floor":8},{"not_picked":["Conserve Battery","Sweeping Beam"],"picked":"Cold Snap","floor":10},{"not_picked":["Aggregate","Tempest"],"picked":"Ball Lightning","floor":11},{"not_picked":["White Noise","Ball Lightning"],"picked":"Consume","floor":12},{"not_picked":["Hyperbeam","Amplify"],"picked":"Electrodynamics","floor":16},{"not_picked":["Conserve Battery","Rebound","Leap"],"picked":"SKIP","floor":18},{"not_picked":["Aggregate","Go for the Eyes"],"picked":"Coolheaded","floor":19},{"not_picked":["Steam","Turbo","Sweeping Beam"],"picked":"SKIP","floor":20},{"not_picked":["Ball Lightning","Heatsinks","Aggregate"],"picked":"SKIP","floor":22},{"not_picked":["Redo","Gash","Darkness"],"picked":"SKIP","floor":24},{"not_picked":["Steam","Leap"],"picked":"Coolheaded","floor":27},{"not_picked":["Consume","Turbo"],"picked":"Capacitor","floor":30},{"not_picked":["Undo","Leap"],"picked":"Glacier","floor":31},{"not_picked":["Amplify","Thunder Strike"],"picked":"Machine Learning","floor":33},{"not_picked":["Hologram","Aggregate+1","Gash"],"picked":"SKIP","floor":35},{"not_picked":["Steam+1","Coolheaded"],"picked":"Ball Lightning+1","floor":36},{"not_picked":["Skim","Streamline","Lockon"],"picked":"SKIP","floor":38}],"player_experience":549975,"relics_obtained":[{"floor":5,"key":"Mango"},{"floor":9,"key":"Dodecahedron"},{"floor":26,"key":"War Paint"},{"floor":36,"key":"Girya"},{"floor":37,"key":"Kunai"}],"event_choices":[{"event_name":"The Cleric","player_choice":"Card Removal","floor":2,"damage_taken":0},{"event_name":"Living Wall","player_choice":"Grow","floor":13,"damage_taken":0},{"event_name":"Big Fish","player_choice":"Banana","floor":14,"damage_taken":0},{"event_name":"The Mausoleum","player_choice":"No","floor":21,"damage_taken":0},{"event_name":"Nest","player_choice":"Stole From Cult","floor":28,"damage_taken":0},{"event_name":"MindBloom","player_choice":"Fight","floor":36,"damage_taken":0}],"is_beta":false,"boss_relics":[{"not_picked":["Coffee Dripper","Runic Dome"],"picked":"Empty Cage"},{"not_picked":["Busted Crown","Velvet Choker"],"picked":"Cursed Key"}],"items_purged_floors":[29],"is_endless":false,"potions_floor_spawned":[1,4,8,18,19,22,24,30,36,38],"killed_by":"4 Shapes","ascension_level":15}