{"gold_per_floor":[109,109,121,134,148,148,163,181,181,27,27,202,227,251,251,381,381,405,426,426,31,54,54,54,72,72,72,72,72,72,87,87,184,184,203,203,249,62,62,62,74,74,98,118,118,137,150,3,3,3],"floor_reached":51,"playtime":2356,"items_purged":[],"score":691,"play_id":"905245cd-ae52-4f05-92b2-4bec98ca0cb4","local_time":"20180729233209","is_ascension_mode":false,"campfire_choices":[{"data":"Chill","floor":6,"key":"SMITH"},{"floor":15,"key":"REST"},{"data":"Seek","floor":23,"key":"SMITH"},{"floor":27,"key":"REST"},{"floor":29,"key":"REST"},{"floor":32,"key":"REST"},{"data":"Genetic Algorithm","floor":40,"key":"SMITH"},{"data":"Biased Cognition","floor":42,"key":"SMITH"},{"data":"Biased Cognition","floor":45,"key":"SMITH"},{"data":"Machine Learning","floor":49,"key":"SMITH"}],"neow_cost":"NONE","seed_source_timestamp":94972598666831,"circlet_count":0,"master_deck":["Strike_B","Strike_B+1","Strike_B","Strike_B+1","Defend_B","Defend_B","Defend_B","Defend_B","Zap","Dualcast","Static Discharge+1","Heatsinks","Steam","Chill+1","Genetic Algorithm+1","Seek+1","Core Surge","Gash","Capacitor","Biased Cognition+1","Ball Lightning+1","Turbo","Defragment","Ball Lightning+1","Reprogram","Defragment","Echo Form+1","Skim+1","Self Repair","Consume+1","Turbo+1","White Noise+1","Biased Cognition+1","Turbo","Turbo+1","Turbo+1","Blizzard+1","Machine Learning+1"],"relics":["Cracked Core","NeowsBlessing","Letter Opener","Bloody Idol","Empty Cage","Tiny Chest","Medical Kit","Dead Branch","Cables","Orrery","Regal Pillow","Omamori","Whetstone"],"potions_floor_usage":[16,16,16,31,33,50],"damage_taken":[{"damage":0,"enemies":"2 Louse","floor":1,"turns":1},{"damage":0,"enemies":"Small Slimes","floor":3,"turns":1},{"damage":0,"enemies":"Jaw Worm","floor":4,"turns":1},{"damage":7,"enemies":"2 Fungi Beasts","floor":5,"turns":3},{"damage":5,"enemies":"Blue Slaver","floor":7,"turns":3},{"damage":10,"enemies":"Exordium Wildlife","floor":8,"turns":4},{"damage":2,"enemies":"2 Fungi Beasts","floor":13,"turns":3},{"damage":8,"enemies":"Looter","floor":14,"turns":3},{"damage":39,"enemies":"The Guardian","floor":16,"turns":9},{"damage":12,"enemies":"Spheric Guardian","floor":18,"turns":5},{"damage":2,"enemies":"3 Byrds","floor":19,"turns":5},{"damage":13,"enemies":"Centurion and Healer","floor":22,"turns":5},{"damage":18,"enemies":"3 Cultists","floor":25,"turns":5},{"damage":26,"enemies":"Snecko","floor":31,"turns":5},{"damage":50,"enemies":"Automaton","floor":33,"turns":7},{"damage":5,"enemies":"Flame Bruiser 1 Orb","floor":35,"turns":6},{"damage":1,"enemies":"3 Darklings","floor":41,"turns":4},{"damage":7,"enemies":"4 Shapes","floor":44,"turns":6},{"damage":0,"enemies":"Sphere and 2 Shapes","floor":46,"turns":6},{"damage":0,"enemies":"3 Darklings","floor":47,"turns":4},{"damage":7,"enemies":"Donu and Deca","floor":50,"turns":8}],"seed_played":"2028170943470643812","potions_obtained":[{"floor":1,"key":"Swift Potion"},{"floor":4,"key":"Dexterity Potion"},{"floor":13,"key":"Fire Potion"},{"floor":16,"key":"FocusPotion"},{"floor":25,"key":"Swift Potion"},{"floor":33,"key":"Energy Potion"},{"floor":35,"key":"SpeedPotion"},{"floor":46,"key":"Poison Potion"},{"floor":47,"key":"EssenceOfSteel"}],"is_trial":false,"path_per_floor":["M","?","M","M","M","R","M","M","T","$","?","?","M","M","R","B",null,"M","M","?","$","M","R","?","M","T","R","?","R","T","M","R","B",null,"M","?","T","$","?","R","M","R","T","M","R","M","M","$","R","B"],"character_chosen":"DEFECT","items_purchased":["Core Surge","Tiny Chest","Medical Kit","Defragment","Biased Cognition","Turbo","Whetstone"],"campfire_rested":4,"item_purchase_floors":[10,21,21,21,38,38,48],"current_hp_per_floor":[75,75,75,75,68,68,63,53,53,53,53,53,51,43,65,26,75,63,61,61,61,48,48,48,35,35,57,57,75,75,54,75,30,75,75,75,75,75,75,75,75,75,75,75,75,75,75,75,75,75],"gold":3,"neow_bonus":"THREE_ENEMY_KILL","is_prod":false,"is_daily":false,"chose_seed":false,"campfire_upgraded":6,"win_rate":0,"timestamp":1532899929,"path_taken":["M","?","M","M","M","R","M","M","T","$","?","?","M","M","R","BOSS","M","M","?","?","M","R","?","M","T","R","?","R","?","M","R","BOSS","M","?","?","$","?","R","M","R","T","M","R","M","?","?","R","BOSS"],"build_version":"2018-07-26","purchased_purges":0,"victory":true,"max_hp_per_floor":[75,75,75,75,75,75,75,75,75,75,75,75,75,75,75,75,75,75,75,75,75,75,75,75,75,75,75,75,75,75,75,75,75,75,75,75,75,75,75,75,75,75,75,75,75,75,75,75,75,75],"card_choices":[{"not_picked":["Turbo","Melter"],"picked":"Static Discharge","floor":1},{"not_picked":["Cold Snap","Barrage"],"picked":"Heatsinks","floor":3},{"not_picked":["Sweeping Beam","Cold Snap"],"picked":"Steam","floor":4},{"not_picked":["Redo","Cold Snap"],"picked":"Chill","floor":5},{"not_picked":["Hello World","Leap"],"picked":"Genetic Algorithm","floor":7},{"not_picked":["Coolheaded","Barrage"],"picked":"Seek","floor":8},{"not_picked":["Barrage","Reinforced Body"],"picked":"Gash","floor":13},{"not_picked":["Sweeping Beam","Coolheaded"],"picked":"Capacitor","floor":14},{"not_picked":["Thunder Strike","Fission"],"picked":"Biased Cognition","floor":16},{"not_picked":["Leap","Beam Cell"],"picked":"Ball Lightning+1","floor":18},{"not_picked":["Force Field","Sweeping Beam"],"picked":"Turbo","floor":19},{"not_picked":["Leap","Auto Shields"],"picked":"Ball Lightning+1","floor":22},{"not_picked":["Beam Cell","Coolheaded"],"picked":"Reprogram","floor":25},{"not_picked":["Rebound","Gash"],"picked":"Defragment","floor":31},{"not_picked":["Machine Learning","Buffer"],"picked":"Echo Form","floor":33},{"not_picked":["Undo","Go for the Eyes"],"picked":"Skim+1","floor":34},{"not_picked":["Static Discharge+1","Storm"],"picked":"Self Repair","floor":34},{"not_picked":["Blizzard","Rebound"],"picked":"Consume+1","floor":34},{"not_picked":["Redo","Barrage"],"picked":"Turbo+1","floor":34},{"not_picked":["Cold Snap","Scrape"],"picked":"Hologram","floor":34},{"not_picked":["Rebound","Skim+1"],"picked":"White Noise+1","floor":35},{"not_picked":["Steam Power","Steam+1"],"picked":"Turbo+1","floor":41},{"not_picked":["Beam Cell","Sweeping Beam"],"picked":"Turbo+1","floor":44},{"not_picked":["Beam Cell","Undo"],"picked":"Blizzard+1","floor":46},{"not_picked":["White Noise","Leap+1"],"picked":"Machine Learning","floor":47}],"player_experience":90496,"relics_obtained":[{"floor":9,"key":"Letter Opener"},{"floor":26,"key":"Dead Branch"},{"floor":30,"key":"Cables"},{"floor":37,"key":"Regal Pillow"},{"floor":43,"key":"Omamori"}],"event_choices":[{"event_name":"Living Wall","player_choice":"Grow","floor":2,"damage_taken":0},{"event_name":"Golden Idol","player_choice":"Take Wound","floor":11,"damage_taken":0},{"event_name":"Liars Game","player_choice":"agreed","floor":12,"damage_taken":0},{"event_name":"Drug Dealer","player_choice":"Ignored","floor":20,"damage_taken":0},{"event_name":"Forgotten Altar","player_choice":"Gave Idol","floor":24,"damage_taken":0},{"event_name":"Vampires","player_choice":"Ignored","floor":28,"damage_taken":0},{"event_name":"Falling","player_choice":"Removed Skill","floor":36,"damage_taken":0},{"event_name":"Upgrade Shrine","player_choice":"Upgraded","floor":39,"damage_taken":0}],"is_beta":false,"boss_relics":[{"not_picked":["Sozu","Eternal Feather"],"picked":"Empty Cage"},{"not_picked":["FrozenCore","Velvet Choker"],"picked":"Orrery"}],"items_purged_floors":[],"is_endless":false,"potions_floor_spawned":[1,4,7,13,16,25,33,35,46,47],"ascension_level":0}