{"path_per_floor":["M","?","$","M","M","R","E","R","T","R","E","R","T","M","R","B",null,"M","M","$","?","M","E","R","E","T","R","M","R","M","?","R","B",null,"M","M","T","M","?","R","$","M","T","$","R","M","M","?","R"],"character_chosen":"DEFECT","items_purchased":["Mummified Hand","Shuriken","Sunder","Oddly Smooth Stone","Conserve Battery"],"gold_per_floor":[213,388,72,91,103,103,158,158,229,229,263,263,286,298,298,400,400,419,431,19,0,11,40,40,74,123,123,135,135,153,153,153,250,250,264,283,283,295,295,295,16,34,59,12,12,31,44,44,44,44],"floor_reached":50,"campfire_rested":3,"playtime":1983,"item_purchase_floors":[3,20,20,41,44],"current_hp_per_floor":[66,66,66,64,64,64,39,39,39,39,32,32,32,34,34,25,63,65,48,48,48,38,12,34,36,36,73,65,65,55,55,55,39,66,68,70,70,61,61,71,71,75,75,75,75,75,75,75,75,0],"items_purged":["Doubt","Strike_B","Strike_B"],"gold":44,"score":687,"play_id":"440c74b2-5e9b-4143-b6fb-a0e5bca4365b","local_time":"20180613111909","is_prod":false,"is_daily":false,"chose_seed":false,"is_ascension_mode":true,"campfire_upgraded":9,"win_rate":0,"timestamp":1528881549,"campfire_choices":[{"data":"Rip and Tear","floor":6,"key":"SMITH"},{"data":"Hologram","floor":8,"key":"SMITH"},{"data":"Go for the Eyes","floor":10,"key":"SMITH"},{"data":"Static Discharge","floor":12,"key":"SMITH"},{"data":"Zap","floor":15,"key":"SMITH"},{"floor":24,"key":"REST"},{"floor":27,"key":"REST"},{"data":"Sunder","floor":29,"key":"SMITH"},{"data":"Seek","floor":32,"key":"SMITH"},{"data":"Loop","floor":40,"key":"SMITH"},{"data":"Steam","floor":45,"key":"SMITH"},{"floor":49,"key":"REST"}],"path_taken":["M","?","$","M","M","R","E","R","T","R","E","R","?","M","R","BOSS","M","M","$","?","M","E","R","E","T","R","M","R","M","?","R","BOSS","M","M","?","M","?","R","$","M","T","?","R","M","?","?","R","BOSS"],"build_version":"2018-06-07v3","seed_source_timestamp":3610081497680,"purchased_purges":3,"victory":false,"master_deck":["Strike_B+1","Strike_B+1","Defend_B+1","Defend_B+1","Defend_B+1","Zap+1","Dualcast+1","Rip and Tear+1","Hologram+1","Go for the Eyes+1","Chill+1","Static Discharge+1","Echo Form+1","Ball Lightning+1","Steam+1","Sunder+1","Conserve Battery+1","Self Repair+1","Steam+1","BootSequence+1","Loop+1","Seek+1","Core Surge+1","Auto Shields+1","Force Field+1","Conserve Battery+1","Steam+1","Conserve Battery+1","Coolheaded+1","Melter+1"],"max_hp_per_floor":[75,75,75,75,75,75,75,75,75,75,75,75,75,75,75,75,75,75,75,75,75,75,75,75,75,75,75,75,75,75,75,75,75,75,75,75,75,75,75,75,75,75,75,75,75,75,75,75,75,75],"relics":["Cracked Core","Mummified Hand","Tiny Chest","Mercury Hourglass","Kunai","Blood Vial","Sozu","Shuriken","Pen Nib","DataDisk","Regal Pillow","Eternal Feather","Torii","Oddly Smooth Stone","Singing Bowl","Mark of the Bloom"],"card_choices":[{"not_picked":["Gash","Conserve Battery"],"picked":"Rip and Tear","floor":1},{"not_picked":["Gash","Compile Driver"],"picked":"Hologram","floor":4},{"not_picked":["Consume","Streamline"],"picked":"Go for the Eyes","floor":5},{"not_picked":["Gash","Go for the Eyes"],"picked":"Chill","floor":7},{"not_picked":["Gash","Turbo"],"picked":"Static Discharge","floor":11},{"not_picked":["Go for the Eyes","Reprogram","Gash"],"picked":"SKIP","floor":14},{"not_picked":["Buffer","Reboot"],"picked":"Echo Form","floor":16},{"not_picked":["Auto Shields","Stack+1"],"picked":"Ball Lightning","floor":18},{"not_picked":["Compile Driver","Genetic Algorithm+1"],"picked":"Steam","floor":19},{"not_picked":["Reinforced Body+1","Stack"],"picked":"Conserve Battery","floor":22},{"not_picked":["Tempest+1","Stack"],"picked":"Self Repair","floor":23},{"not_picked":["Rebound","Multi-Cast"],"picked":"Steam+1","floor":25},{"not_picked":["Stack","Hologram"],"picked":"BootSequence","floor":28},{"not_picked":["Compile Driver","Stack"],"picked":"Loop","floor":30},{"not_picked":["Amplify","Multi-Cast"],"picked":"Core Surge","floor":33},{"not_picked":["Beam Cell","Fusion+1"],"picked":"Auto Shields+1","floor":35},{"not_picked":["Sunder","Tempest"],"picked":"Force Field","floor":36},{"not_picked":["Chill","Barrage"],"picked":"Conserve Battery+1","floor":38},{"not_picked":["Rebound+1","Hologram"],"picked":"Steam+1","floor":42},{"not_picked":["Steam Power+1","Gash+1"],"picked":"Coolheaded+1","floor":46},{"not_picked":["Sweeping Beam","Biased Cognition"],"picked":"Melter","floor":47}],"player_experience":367778,"potions_floor_usage":[11,16],"damage_taken":[{"damage":2,"enemies":"2 Louse","floor":1,"turns":2},{"damage":2,"enemies":"Jaw Worm","floor":4,"turns":3},{"damage":0,"enemies":"Small Slimes","floor":5,"turns":3},{"damage":25,"enemies":"3 Sentries","floor":7,"turns":7},{"damage":21,"enemies":"Lagavulin","floor":11,"turns":5},{"damage":0,"enemies":"Exordium Thugs","floor":14,"turns":5},{"damage":11,"enemies":"Hexaghost","floor":16,"turns":7},{"damage":0,"enemies":"Chosen","floor":18,"turns":4},{"damage":19,"enemies":"2 Thieves","floor":19,"turns":3},{"damage":12,"enemies":"Centurion and Healer","floor":22,"turns":5},{"damage":28,"enemies":"Slavers","floor":23,"turns":5},{"damage":7,"enemies":"Gremlin Leader","floor":25,"turns":5},{"damage":17,"enemies":"Cultist and Chosen","floor":28,"turns":6},{"damage":12,"enemies":"Snake Plant","floor":30,"turns":3},{"damage":25,"enemies":"Champ","floor":33,"turns":8},{"damage":0,"enemies":"Orb Walker","floor":35,"turns":2},{"damage":0,"enemies":"3 Shapes","floor":36,"turns":3},{"damage":25,"enemies":"3 Darklings","floor":38,"turns":5},{"damage":1,"enemies":"Maw","floor":42,"turns":7},{"damage":7,"enemies":"Sphere and 2 Shapes","floor":46,"turns":4},{"damage":0,"enemies":"3 Darklings","floor":47,"turns":6},{"damage":78,"enemies":"Time Eater","floor":50,"turns":11}],"relics_obtained":[{"floor":7,"key":"Tiny Chest"},{"floor":9,"key":"Mercury Hourglass"},{"floor":11,"key":"Kunai"},{"floor":13,"key":"Blood Vial"},{"floor":23,"key":"Pen Nib"},{"floor":25,"key":"DataDisk"},{"floor":26,"key":"Regal Pillow"},{"floor":37,"key":"Torii"},{"floor":43,"key":"Singing Bowl"}],"event_choices":[{"event_name":"Liars Game","player_choice":"agreed","floor":2,"damage_taken":0},{"event_name":"Masked Bandits","player_choice":"Paid Bandits 19 gold","floor":21,"damage_taken":0},{"event_name":"The Library","player_choice":"Read","floor":31,"damage_taken":0},{"event_name":"Falling","player_choice":"Removed Skill","floor":39,"damage_taken":0},{"event_name":"MindBloom","player_choice":"Upgrade","floor":48,"damage_taken":0}],"boss_relics":[{"not_picked":["Runic Pyramid","Velvet Choker"],"picked":"Sozu"},{"not_picked":["Runic Dome","White Beast Statue"],"picked":"Eternal Feather"}],"items_purged_floors":[3,20,41],"potions_floor_spawned":[5,7,18,23,28,33,36,38,47],"seed_played":"-2284348182620479704","killed_by":"Time Eater","ascension_level":7,"potions_obtained":[{"floor":5,"key":"FocusPotion"},{"floor":7,"key":"Regen Potion"}],"is_trial":false}