{"path_per_floor":["M","M","T","?","M","R","T","R","T","M","M","$","R","M","R","B",null,"M","M","?","M","?","R","E","M","T","$","E","M","?","M","R"],"character_chosen":"IRONCLAD","items_purchased":["Feel No Pain","True Grit","Bottled Lightning","Feel No Pain"],"gold_per_floor":[146,162,189,139,151,151,197,197,197,209,222,59,59,74,74,173,173,193,213,213,227,227,227,558,568,568,136,166,186,186,205,205,205],"floor_reached":33,"campfire_rested":0,"playtime":1779,"current_hp_per_floor":[80,79,79,79,80,80,80,80,80,75,65,65,65,71,71,69,80,77,80,80,80,80,80,74,69,69,69,75,80,65,73,73,0],"items_purged":["Strike_R","Strike_R"],"gold":205,"score":321,"play_id":"a0c5863c-d9b5-4a1b-b4ee-3c8f937cf9c6","local_time":"20180401143334","is_prod":false,"is_daily":false,"is_ascension_mode":true,"campfire_upgraded":6,"timestamp":1522586014,"path_taken":["M","?","?","?","M","R","?","R","T","M","M","$","R","M","R","BOSS","M","?","?","?","?","R","E","M","T","$","E","?","?","M","R","BOSS"],"build_version":"2018-03-29v2","purchased_purges":2,"victory":false,"master_deck":["Strike_R","Strike_R","Strike_R","Defend_R","Defend_R","Defend_R","Bash+1","Disarm","Flame Barrier+1","Battle Trance","Rampage+1","Shrug It Off","Feel No Pain+1","True Grit","Body Slam+1","Fiend Fire+1","Disarm+1","Intimidate","Exhume","Feel No Pain","Shrug It Off","Flame Barrier"],"max_hp_per_floor":[80,80,80,80,80,80,80,80,80,80,80,80,80,80,80,80,80,80,80,80,80,80,80,80,80,80,80,80,80,85,85,85,85],"relics":["Burning Blood","Tiny Chest","Blood Vial","Oddly Smooth Stone","Red Skull","Sozu","Old Coin","Happy Flower","Bottled Lightning","Ancient Tea Set"],"card_choices":[{"not_picked":["Perfected Strike","Thunderclap"],"picked":"Disarm","floor":1},{"not_picked":["Perfected Strike","Cleave"],"picked":"Flame Barrier","floor":2},{"not_picked":["Bloodletting","Impervious"],"picked":"Battle Trance","floor":5},{"not_picked":["Shrug It Off","Sword Boomerang"],"picked":"Rampage","floor":10},{"not_picked":["Cleave","Evolve"],"picked":"Shrug It Off","floor":11},{"not_picked":["Fire Breathing","Carnage"],"picked":"Body Slam","floor":14},{"not_picked":["Impervious","Double Tap"],"picked":"Fiend Fire","floor":16},{"not_picked":["Headbutt","Thunderclap"],"picked":"Disarm","floor":21},{"not_picked":["Clothesline","Hemokinesis"],"picked":"Intimidate","floor":24},{"not_picked":["Evolve","Perfected Strike"],"picked":"Exhume","floor":25},{"not_picked":["Hemokinesis","Rupture"],"picked":"Shrug It Off","floor":28},{"not_picked":["Combust","Flex"],"picked":"Flame Barrier","floor":31}],"player_experience":187623,"potions_floor_usage":[16,16],"damage_taken":[{"damage":1,"enemies":"Cultist","floor":1,"turns":3},{"damage":7,"enemies":"2 Louse","floor":2,"turns":2},{"damage":0,"enemies":"Small Slimes","floor":5,"turns":3},{"damage":11,"enemies":"Blue Slaver","floor":10,"turns":5},{"damage":18,"enemies":"Gremlin Gang","floor":11,"turns":5},{"damage":2,"enemies":"Looter","floor":14,"turns":5},{"damage":10,"enemies":"The Guardian","floor":16,"turns":10},{"damage":9,"enemies":"Chosen","floor":18,"turns":6},{"damage":0,"enemies":"3 Byrds","floor":19,"turns":3},{"damage":6,"enemies":"Centurion and Healer","floor":21,"turns":6},{"damage":12,"enemies":"Slavers","floor":24,"turns":7},{"damage":13,"enemies":"Slaver and Parasite","floor":25,"turns":5},{"damage":2,"enemies":"Book of Stabbing","floor":28,"turns":7},{"damage":0,"enemies":"3 Cultists","floor":29,"turns":5},{"damage":0,"enemies":"Snake Plant","floor":31,"turns":4},{"damage":82,"enemies":"Automaton","floor":33,"turns":12}],"event_choices":[{"event_name":"The Cleric","player_choice":"Card Removal","floor":4,"damage_taken":0},{"event_name":"The Lab","player_choice":"Got Potions","floor":20,"damage_taken":0},{"event_name":"The Mausoleum","player_choice":"No","floor":22,"damage_taken":0},{"event_name":"Forgotten Altar","player_choice":"Shed Blood","floor":30,"damage_taken":0}],"boss_relics":[{"not_picked":["Eternal Feather","Black Blood"],"picked":"Sozu"}],"potions_floor_spawned":[1,5,11,18,19,21,24],"seed_played":"-7774240072804695416","killed_by":"Automaton","ascension_level":3,"is_trial":false}