{"gold_per_floor":[119,130,44,58,0,0,25,25,25,25,25,25,39,55,55,129,129,104,104,104,154,94,94,105,105,105,172,172],"floor_reached":28,"playtime":842,"items_purged":["Writhe"],"score":421,"play_id":"1f731244-eb63-4626-83b8-0763b2cf49ef","local_time":"20180926225412","is_ascension_mode":true,"campfire_choices":[{"data":"Dualcast","floor":6,"key":"SMITH"},{"floor":8,"key":"REST"},{"floor":10,"key":"REST"},{"data":"Conserve Battery","floor":15,"key":"SMITH"},{"floor":23,"key":"REST"},{"floor":25,"key":"REST"}],"neow_cost":"NONE","seed_source_timestamp":986729700606758,"circlet_count":0,"master_deck":["Strike_B","Strike_B","Strike_B","Strike_B","Defend_B","Defend_B","Defend_B","Defend_B","Zap+1","Dualcast+1","AscendersBane","Self Repair+1","Melter","Conserve Battery+1","Loop","Defragment"],"relics":["Cracked Core","The Courier","PreservedInsect","Inserter","SsserpentHead","Bag of Preparation","Omamori"],"potions_floor_usage":[7,16,18,24,28],"damage_taken":[{"damage":1,"enemies":"Cultist","floor":1,"turns":3},{"damage":3,"enemies":"2 Louse","floor":2,"turns":2},{"damage":11,"enemies":"Jaw Worm","floor":4,"turns":4},{"damage":50,"enemies":"3 Sentries","floor":7,"turns":8},{"damage":9,"enemies":"2 Fungi Beasts","floor":13,"turns":3},{"damage":6,"enemies":"Looter","floor":14,"turns":3},{"damage":45,"enemies":"Slime Boss","floor":16,"turns":8},{"damage":29,"enemies":"2 Thieves","floor":18,"turns":5},{"damage":14,"enemies":"3 Byrds","floor":24,"turns":3},{"damage":32,"enemies":"Snake Plant","floor":27,"turns":5},{"damage":66,"enemies":"Centurion and Healer","floor":28,"turns":10}],"seed_played":"-6345751445495710548","potions_obtained":[{"floor":2,"key":"FocusPotion"},{"floor":7,"key":"PowerPotion"},{"floor":14,"key":"AttackPotion"},{"floor":16,"key":"LiquidBronze"},{"floor":27,"key":"SpeedPotion"}],"is_trial":false,"path_per_floor":["M","M","$","M","?","R","E","R","T","R","$","?","M","M","R","B",null,"M","?","?","?","$","R","M","R","T","M"],"character_chosen":"DEFECT","items_purchased":["Self Repair"],"campfire_rested":4,"item_purchase_floors":[3],"current_hp_per_floor":[63,60,60,56,56,56,13,34,34,55,55,55,56,60,60,25,60,41,41,41,41,41,62,58,71,71,49,0],"gold":172,"neow_bonus":"UPGRADE_CARD","is_prod":false,"is_daily":false,"chose_seed":false,"campfire_upgraded":2,"win_rate":0,"timestamp":1537995252,"path_taken":["M","?","$","M","?","R","E","R","T","R","$","?","M","M","R","BOSS","M","?","?","?","$","R","M","R","T","?","M"],"build_version":"2018-09-20","purchased_purges":1,"victory":false,"max_hp_per_floor":[71,71,71,71,71,71,71,71,71,71,71,71,71,71,71,71,71,71,71,71,71,71,71,71,71,71,71,71],"card_choices":[{"not_picked":["Hologram","Coolheaded","Cold Snap"],"picked":"SKIP","floor":1},{"not_picked":["Fusion","Compile Driver","Steam"],"picked":"SKIP","floor":2},{"not_picked":["Storm","Gash"],"picked":"Melter","floor":4},{"not_picked":["Chaos","Compile Driver","Hologram"],"picked":"SKIP","floor":7},{"not_picked":["Barrage","Lockon"],"picked":"Conserve Battery","floor":13},{"not_picked":["Genetic Algorithm","Barrage","Redo"],"picked":"SKIP","floor":14},{"not_picked":["Conserve Battery","Go for the Eyes","Undo"],"picked":"SKIP","floor":18},{"not_picked":["Turbo","Hologram"],"picked":"Loop","floor":24},{"not_picked":["Self Repair","Cold Snap"],"picked":"Defragment","floor":27}],"player_experience":715805,"relics_obtained":[{"floor":7,"key":"The Courier"},{"floor":9,"key":"PreservedInsect"},{"floor":26,"key":"Omamori"}],"event_choices":[{"event_name":"World of Goop","player_choice":"Left","floor":5,"damage_taken":0},{"event_name":"Living Wall","player_choice":"Grow","floor":12,"damage_taken":0},{"event_name":"Cursed Tome","player_choice":"Ignored","floor":19,"damage_taken":0},{"event_name":"FaceTrader","player_choice":"Trade","floor":20,"damage_taken":0},{"event_name":"The Mausoleum","player_choice":"Yes","floor":21,"damage_taken":0}],"is_beta":false,"boss_relics":[{"not_picked":["Black Star","Nuclear Battery"],"picked":"Inserter"}],"items_purged_floors":[22],"is_endless":false,"potions_floor_spawned":[2,7,14,16,27],"killed_by":"Centurion and Healer","ascension_level":19}