{"path_per_floor":["M","M","$","?","M","R","M","R","T","R","$","M","?","T","R","B",null,"M","M","M","?","?","E","R","M","T","M","M","M","$","M","R","B",null,"M","M","?","M","M"],"character_chosen":"IRONCLAD","items_purchased":["Perfected Strike","Warcry","Apotheosis","Enlightenment","Shrug It Off"],"gold_per_floor":[109,124,33,133,151,151,170,170,242,242,56,70,98,398,398,502,502,512,526,537,537,462,489,489,502,502,515,535,552,223,241,241,336,336,356,368,468,480,493],"floor_reached":40,"campfire_rested":1,"playtime":3778,"current_hp_per_floor":[80,80,80,80,80,80,75,75,75,75,75,76,74,74,74,37,80,80,80,77,77,77,65,65,63,63,38,38,31,31,32,56,10,80,51,44,44,16,7],"items_purged":["Strike_R"],"gold":493,"score":379,"play_id":"3587d1b3-9021-4d40-83fe-e966708ad6cf","is_prod":false,"is_daily":false,"is_ascension_mode":false,"campfire_upgraded":5,"path_taken":["M","M","$","?","M","R","M","R","T","R","?","M","?","?","R","BOSS","M","M","?","?","?","E","R","?","T","M","M","M","$","M","R","BOSS","M","M","?","?","M","E"],"build_version":"2018-02-15-PROD1","purchased_purges":2,"victory":false,"master_deck":["Strike_R","Strike_R","Strike_R","Strike_R","Defend_R","Defend_R","Defend_R","Defend_R","Perfected Strike","Perfected Strike","Warcry","Searing Blow+5","Burning Pact","Apotheosis","Intimidate","Intimidate","Impervious","Disarm","Dual Wield","Pommel Strike","Disarm","Enlightenment","Shrug It Off","Double Tap","Shrug It Off","True Grit","Shrug It Off+1"],"max_hp_per_floor":[80,80,80,80,80,80,80,80,80,80,80,80,80,80,80,80,80,80,80,80,80,80,80,80,80,80,80,80,80,80,80,80,80,80,80,80,80,80,80],"relics":["Burning Blood","Mummified Hand","Odd Mushroom","Old Coin","Mark of Pain","Shuriken","Dream Catcher","Runic Cube"],"card_choices":[{"not_picked":["Thunderclap","Power Through"],"picked":"Heavy Blade"},{"not_picked":["Thunderclap","Flex"],"picked":"Perfected Strike"},{"not_picked":["Bloodletting","Impervious"],"picked":"Searing Blow"},{"not_picked":["Uppercut","Hemokinesis"],"picked":"Burning Pact"},{"not_picked":["Perfected Strike","Warcry"],"picked":"Intimidate"},{"not_picked":["True Grit","Rampage"],"picked":"Intimidate"},{"not_picked":["Limit Break","Demon Form"],"picked":"Impervious"},{"not_picked":["Cleave","Heavy Blade"],"picked":"Disarm"},{"not_picked":["Flex","Limit Break"],"picked":"Dual Wield"},{"not_picked":["Heavy Blade","Warcry"],"picked":"Pommel Strike"},{"not_picked":["Power Through","Flex"],"picked":"Disarm"},{"not_picked":["Limit Break","Berserk"],"picked":"Double Tap"},{"not_picked":["Body Slam","Clash"],"picked":"Shrug It Off"},{"not_picked":["Iron Wave","Battle Trance"],"picked":"True Grit"},{"not_picked":["Corruption","True Grit"],"picked":"Shrug It Off"}],"player_experience":33900,"potions_floor_usage":[16,33,33,33],"damage_taken":[{"damage":1,"enemies":"Cultist","floor":1,"turns":4},{"damage":5,"enemies":"Small Slimes","floor":2,"turns":3},{"damage":6,"enemies":"Jaw Worm","floor":5,"turns":2},{"damage":11,"enemies":"Red Slaver","floor":7,"turns":3},{"damage":5,"enemies":"Looter","floor":12,"turns":2},{"damage":8,"enemies":"The Mushroom Lair","floor":13,"turns":5},{"damage":43,"enemies":"Hexaghost","floor":16,"turns":10},{"damage":2,"enemies":"Chosen","floor":18,"turns":5},{"damage":0,"enemies":"Spheric Guardian","floor":19,"turns":2},{"damage":9,"enemies":"Snecko","floor":20,"turns":6},{"damage":18,"enemies":"Book of Stabbing","floor":23,"turns":6},{"damage":8,"enemies":"Sentry and Sphere","floor":25,"turns":4},{"damage":31,"enemies":"3 Cultists","floor":27,"turns":6},{"damage":6,"enemies":"Snecko","floor":28,"turns":3},{"damage":13,"enemies":"Centurion and Healer","floor":29,"turns":4},{"damage":5,"enemies":"Slaver and Parasite","floor":31,"turns":7},{"damage":52,"enemies":"Automaton","floor":33,"turns":9},{"damage":35,"enemies":"3 Darklings","floor":35,"turns":7},{"damage":13,"enemies":"3 Shapes","floor":36,"turns":9},{"damage":34,"enemies":"Sphere and 2 Shapes","floor":38,"turns":4},{"damage":15,"enemies":"4 Shapes","floor":39,"turns":13},{"damage":39,"enemies":"Nemesis","floor":40,"turns":6}],"event_choices":[{"event_name":"Golden Shrine","player_choice":"Pray","floor":4,"damage_taken":0},{"event_name":"Mushrooms","player_choice":"Fought Mushrooms","floor":13,"damage_taken":0},{"event_name":"Vampires","player_choice":"Ignored","floor":21,"damage_taken":0},{"event_name":"Beggar","player_choice":"Gave Gold","floor":22,"damage_taken":0},{"event_name":"Golden Shrine","player_choice":"Pray","floor":37,"damage_taken":0}],"boss_relics":[{"not_picked":["Lizard Tail","Calling Bell"],"picked":"Mark of Pain"},{"not_picked":["Orrery","Runic Pyramid"],"picked":"Runic Cube"}],"potions_floor_spawned":[2,5,7,19,23,25,27,33,35,36,38],"seed_played":"-544331936720754192","killed_by":"Nemesis","ascension_level":0,"is_trial":false}