{"gold_per_floor":[111,111,16,29,43,43,118,143,191,191,191,215,22,42,42,166,166,190,204,220,135,154,154,154],"floor_reached":24,"playtime":1021,"items_purged":[],"score":267,"play_id":"1264baaa-1143-42cb-bd06-90e3cf6cec33","local_time":"20181223224745","is_ascension_mode":true,"campfire_choices":[{"data":"Discovery","floor":6,"key":"SMITH"},{"data":"White Noise","floor":10,"key":"SMITH"},{"floor":15,"key":"REST"},{"floor":23,"key":"REST"}],"neow_cost":"NONE","seed_source_timestamp":200313685948271,"circlet_count":0,"master_deck":["Strike_B","Strike_B","Strike_B","Strike_B","Defend_B","Defend_B","Defend_B","Zap","Dualcast","Discovery+1","Gash","White Noise+1","Sweeping Beam","Discovery+1","Leap","Reboot","Turbo+1","Leap","Steam+1"],"relics":["Cracked Core","Anchor","Happy Flower","Golden Idol","DollysMirror","Inserter","Shuriken"],"potions_floor_usage":[8,22,22,24],"damage_taken":[{"damage":14,"enemies":"Jaw Worm","floor":1,"turns":3},{"damage":0,"enemies":"Small Slimes","floor":4,"turns":2},{"damage":2,"enemies":"2 Louse","floor":5,"turns":3},{"damage":20,"enemies":"Gremlin Nob","floor":8,"turns":4},{"damage":0,"enemies":"Red Slaver","floor":12,"turns":3},{"damage":13,"enemies":"Exordium Thugs","floor":14,"turns":5},{"damage":29,"enemies":"The Guardian","floor":16,"turns":10},{"damage":28,"enemies":"Spheric Guardian","floor":18,"turns":6},{"damage":0,"enemies":"Chosen","floor":19,"turns":4},{"damage":18,"enemies":"Centurion and Healer","floor":20,"turns":7},{"damage":3,"enemies":"Cultist and Chosen","floor":22,"turns":5},{"damage":6,"enemies":"Gremlin Leader","floor":24,"turns":2}],"seed_played":"1176048965881117092","potions_obtained":[{"floor":1,"key":"GamblersBrew"},{"floor":8,"key":"LiquidBronze"},{"floor":14,"key":"SteroidPotion"},{"floor":20,"key":"Poison Potion"},{"floor":22,"key":"SkillPotion"}],"is_trial":false,"path_per_floor":["M","?","$","M","M","R","?","E","T","R","?","M","$","M","R","B",null,"M","M","M","?","M","R","E"],"character_chosen":"DEFECT","items_purchased":["Discovery","DollysMirror"],"campfire_rested":2,"item_purchase_floors":[3,13],"current_hp_per_floor":[54,75,75,75,73,73,62,42,42,42,24,24,24,11,33,4,57,29,29,11,11,8,30,24],"gold":154,"neow_bonus":"REMOVE_CARD","is_prod":false,"is_daily":false,"chose_seed":false,"campfire_upgraded":2,"win_rate":0,"timestamp":1545601665,"path_taken":["M","?","$","M","M","R","?","E","T","R","?","M","$","M","R","BOSS","M","M","M","?","M","R","E"],"build_version":"2018-12-20","purchased_purges":0,"victory":false,"max_hp_per_floor":[75,75,75,75,75,75,75,75,75,75,75,75,75,75,75,75,75,75,75,75,75,75,75,75],"card_choices":[{"not_picked":["Aggregate","Compile Driver","Barrage"],"picked":"SKIP","floor":1},{"not_picked":["Barrage","Fusion"],"picked":"Gash","floor":4},{"not_picked":["Recycle","Compile Driver","Scrape"],"picked":"SKIP","floor":5},{"not_picked":["Beam Cell","Steam"],"picked":"White Noise","floor":8},{"not_picked":["Barrage","Compile Driver"],"picked":"Sweeping Beam","floor":12},{"not_picked":["Barrage","Hologram"],"picked":"Leap","floor":14},{"not_picked":["Thunder Strike","All For One"],"picked":"Reboot","floor":16},{"not_picked":["Leap","Scrape","Compile Driver"],"picked":"SKIP","floor":18},{"not_picked":["Stack","Gash"],"picked":"Turbo+1","floor":19},{"not_picked":["Force Field+1","Static Discharge"],"picked":"Leap","floor":20},{"not_picked":["Doom and Gloom","Barrage"],"picked":"Steam+1","floor":22}],"player_experience":455410,"relics_obtained":[{"floor":8,"key":"Anchor"},{"floor":9,"key":"Happy Flower"}],"event_choices":[{"damage_healed":25,"gold_gain":0,"player_choice":"Banana","damage_taken":0,"max_hp_gain":0,"max_hp_loss":0,"event_name":"Big Fish","floor":2,"gold_loss":0},{"damage_healed":0,"gold_gain":75,"player_choice":"Gather Gold","damage_taken":11,"max_hp_gain":0,"max_hp_loss":0,"event_name":"World of Goop","floor":7,"gold_loss":0},{"damage_healed":0,"gold_gain":0,"player_choice":"Take Damage","damage_taken":18,"relics_obtained":["Golden Idol"],"max_hp_gain":0,"max_hp_loss":0,"event_name":"Golden Idol","floor":11,"gold_loss":0},{"damage_healed":0,"gold_gain":0,"player_choice":"Obtained Relic","damage_taken":0,"relics_obtained":["Shuriken"],"max_hp_gain":0,"max_hp_loss":0,"event_name":"Addict","floor":21,"gold_loss":85}],"is_beta":false,"boss_relics":[{"not_picked":["Snecko Eye","Black Star"],"picked":"Inserter"}],"items_purged_floors":[],"is_endless":false,"potions_floor_spawned":[1,8,14,20,22],"killed_by":"Gremlin Leader","ascension_level":7}