{"gold_per_floor":[111,122,122,132,152,152,152,152,175,195,159,172,182,182,182,281,281,299,214,314,298,310,310,409,150,150,150,150,164,178,204,216,228],"floor_reached":33,"playtime":1661,"items_purged":[],"score":294,"play_id":"bfd39d6f-17e9-4ede-b820-5c8d1c42e3fe","local_time":"20190225161312","is_ascension_mode":false,"campfire_choices":[{"data":"Zap","floor":6,"key":"SMITH"},{"data":"Redo","floor":8,"key":"SMITH"},{"floor":15,"key":"REST"},{"floor":23,"key":"REST"},{"floor":27,"key":"REST"},{"floor":32,"key":"REST"}],"neow_cost":"NONE","seed_source_timestamp":32418723466355,"circlet_count":0,"master_deck":["Strike_B","Strike_B","Strike_B","Strike_B","Defend_B","Defend_B","Defend_B","Defend_B","Zap+1","Dualcast","Redo+1","Iron Wave","White Noise","Genetic Algorithm","Storm","Self Repair","Sunder","Thunder Strike","Hologram+1","Consume+1","Ghostly","Ghostly","Ghostly","Ghostly","Ghostly","Defragment+1","Redo"],"relics":["Cracked Core","Ancient Tea Set","Sozu","Blood Vial","Meat on the Bone","Dodecahedron","MawBank"],"potions_floor_usage":[14,16,33],"damage_taken":[{"damage":5,"enemies":"Small Slimes","floor":1,"turns":3},{"damage":1,"enemies":"Cultist","floor":2,"turns":3},{"damage":1,"enemies":"Jaw Worm","floor":4,"turns":3},{"damage":11,"enemies":"2 Fungi Beasts","floor":5,"turns":4},{"damage":39,"enemies":"Gremlin Gang","floor":10,"turns":4},{"damage":7,"enemies":"3 Louse","floor":12,"turns":2},{"damage":2,"enemies":"Looter","floor":13,"turns":3},{"damage":13,"enemies":"Gremlin Nob","floor":14,"turns":3},{"damage":50,"enemies":"Slime Boss","floor":16,"turns":9},{"damage":17,"enemies":"Spheric Guardian","floor":18,"turns":4},{"damage":23,"enemies":"2 Thieves","floor":21,"turns":4},{"damage":46,"enemies":"Snake Plant","floor":22,"turns":5},{"damage":1,"enemies":"Snecko","floor":29,"turns":5},{"damage":0,"enemies":"Centurion and Healer","floor":30,"turns":7},{"damage":21,"enemies":"Book of Stabbing","floor":31,"turns":6},{"damage":43,"enemies":"Champ","floor":33,"turns":9}],"seed_played":"-2649367513044197434","potions_obtained":[{"floor":4,"key":"SmokeBomb"},{"floor":12,"key":"Energy Potion"},{"floor":16,"key":"Fruit Juice"}],"is_trial":false,"path_per_floor":["M","M","?","M","M","R","?","R","T","M","$","M","M","E","R","B",null,"M","?","?","M","M","R","?","$","T","R","?","M","M","E","R","B"],"character_chosen":"DEFECT","items_purchased":["Self Repair","Meat on the Bone"],"campfire_rested":4,"item_purchase_floors":[11,25],"current_hp_per_floor":[77,76,76,75,64,64,82,82,82,43,43,43,41,35,59,21,87,77,77,77,63,26,52,52,52,52,78,43,42,43,29,41,0],"gold":228,"neow_bonus":"TEN_PERCENT_HP_BONUS","is_prod":false,"is_daily":false,"chose_seed":false,"campfire_upgraded":2,"win_rate":0,"timestamp":1551111192,"path_taken":["M","M","?","?","M","R","?","R","T","M","$","M","?","E","R","BOSS","M","?","?","?","M","R","?","$","T","R","?","M","M","E","R","BOSS"],"build_version":"2019-01-23","purchased_purges":0,"victory":false,"max_hp_per_floor":[82,82,82,82,82,82,82,82,82,82,82,82,82,82,82,87,87,87,87,87,87,87,87,87,87,87,87,43,43,43,43,43,43],"card_choices":[{"not_picked":["Stack","Static Discharge"],"picked":"Redo","floor":1},{"not_picked":["Sweeping Beam","White Noise"],"picked":"Ball Lightning","floor":2},{"not_picked":["Buffer","Go for the Eyes"],"picked":"White Noise","floor":4},{"not_picked":["Tempest","White Noise"],"picked":"Genetic Algorithm","floor":5},{"not_picked":["Turbo","Hologram"],"picked":"Storm","floor":10},{"not_picked":["Steam","Stack"],"picked":"Sunder","floor":12},{"not_picked":["Sweeping Beam","Tempest","FTL"],"picked":"SKIP","floor":13},{"not_picked":["Fission","Core Surge"],"picked":"Thunder Strike","floor":16},{"not_picked":["Chaos+1","Static Discharge","BootSequence"],"picked":"SKIP","floor":18},{"not_picked":["Rebound","Steam"],"picked":"Hologram+1","floor":21},{"not_picked":["Redo","Defragment"],"picked":"Consume+1","floor":22},{"not_picked":["Genetic Algorithm+1","Coolheaded"],"picked":"Defragment+1","floor":29},{"not_picked":["Conserve Battery","Rebound"],"picked":"Redo","floor":30},{"not_picked":["Streamline+1","Barrage","Doom and Gloom"],"picked":"SKIP","floor":31}],"player_experience":187260,"relics_obtained":[{"floor":9,"key":"Ancient Tea Set"},{"floor":26,"key":"Dodecahedron"},{"floor":31,"key":"MawBank"}],"event_choices":[{"cards_removed":["Ball Lightning"],"damage_healed":0,"gold_gain":0,"player_choice":"Took Card","damage_taken":0,"max_hp_gain":0,"max_hp_loss":0,"event_name":"NoteForYourself","floor":3,"gold_loss":0,"cards_obtained":["Iron Wave"]},{"damage_healed":18,"gold_gain":0,"player_choice":"Full Heal","damage_taken":0,"max_hp_gain":0,"max_hp_loss":0,"event_name":"Wheel of Change","floor":7,"gold_loss":0},{"damage_healed":0,"gold_gain":0,"player_choice":"Obtained Relic","damage_taken":0,"relics_obtained":["Blood Vial"],"max_hp_gain":0,"max_hp_loss":0,"event_name":"Addict","floor":19,"gold_loss":85},{"damage_healed":0,"gold_gain":100,"player_choice":"Pray","damage_taken":0,"max_hp_gain":0,"max_hp_loss":0,"event_name":"Golden Shrine","floor":20,"gold_loss":0},{"damage_healed":0,"gold_gain":99,"player_choice":"Stole From Cult","damage_taken":0,"max_hp_gain":0,"max_hp_loss":0,"event_name":"Nest","floor":24,"gold_loss":0},{"damage_healed":0,"gold_gain":0,"player_choice":"Became a Ghost","damage_taken":0,"max_hp_gain":0,"max_hp_loss":44,"event_name":"Ghosts","floor":28,"gold_loss":0,"cards_obtained":["Ghostly","Ghostly","Ghostly","Ghostly","Ghostly"]}],"is_beta":false,"boss_relics":[{"not_picked":["FrozenCore","Astrolabe"],"picked":"Sozu"}],"items_purged_floors":[],"is_endless":false,"potions_floor_spawned":[4,12,16,18,21,29],"killed_by":"Champ","ascension_level":0}