{"gold_per_floor":[117,134,66,84,84,84,117,117,117,42,42,42,16,29,29,159,159,174,0,0],"floor_reached":20,"playtime":765,"items_purged":["Strike_B","Strike_B"],"score":255,"play_id":"2808ac58-763a-4f6f-96ec-61aef8ec8f7b","local_time":"20180917025953","is_ascension_mode":true,"campfire_choices":[{"data":"Storm","floor":6,"key":"SMITH"},{"floor":8,"key":"REST"},{"floor":15,"key":"REST"}],"neow_cost":"NONE","seed_source_timestamp":137534952691552,"circlet_count":0,"master_deck":["Strike_B","Strike_B","Defend_B","Defend_B","Defend_B","Zap","Dualcast","AscendersBane","Multi-Cast","Sunder","White Noise","Storm+1","Melter","Conserve Battery","Reinforced Body","Thunder Strike","Storm","Storm","Undo","BootSequence"],"relics":["Cracked Core","Golden Idol","Matryoshka","Bottled Tornado","Omamori","CultistMask","Orrery"],"potions_floor_usage":[7,16,20],"damage_taken":[{"damage":9,"enemies":"Jaw Worm","floor":1,"turns":3},{"damage":0,"enemies":"Small Slimes","floor":2,"turns":2},{"damage":1,"enemies":"Cultist","floor":4,"turns":4},{"damage":26,"enemies":"Gremlin Nob","floor":7,"turns":4},{"damage":20,"enemies":"Large Slime","floor":14,"turns":7},{"damage":33,"enemies":"The Guardian","floor":16,"turns":8},{"damage":21,"enemies":"Shell Parasite","floor":18,"turns":4},{"damage":63,"enemies":"3 Byrds","floor":20,"turns":5}],"seed_played":"4000392881834567733","potions_obtained":[{"floor":2,"key":"AttackPotion"},{"floor":7,"key":"Regen Potion"}],"is_trial":false,"path_per_floor":["M","M","$","M","?","R","E","R","T","$","?","?","?","M","R","B",null,"M","$"],"character_chosen":"DEFECT","items_purchased":["Storm","Regen Potion"],"campfire_rested":2,"item_purchase_floors":[3,19],"current_hp_per_floor":[59,59,59,58,58,58,32,52,52,52,52,45,45,25,45,27,59,38,38,0],"gold":0,"neow_bonus":"ONE_RANDOM_RARE_CARD","is_prod":false,"is_daily":false,"chose_seed":false,"campfire_upgraded":1,"win_rate":0,"timestamp":1537145993,"path_taken":["M","M","$","M","?","R","E","R","T","$","?","?","?","?","R","BOSS","M","?","M"],"build_version":"2018-09-06","purchased_purges":2,"victory":false,"max_hp_per_floor":[75,75,75,75,69,69,69,69,69,69,69,69,69,69,69,69,69,69,69,69],"card_choices":[{"not_picked":["Streamline","Loop"],"picked":"Sunder","floor":1},{"not_picked":["Sweeping Beam","Hello World"],"picked":"White Noise","floor":2},{"not_picked":["Auto Shields","Streamline"],"picked":"Melter","floor":4},{"not_picked":["Aggregate","Go for the Eyes"],"picked":"Conserve Battery","floor":7},{"not_picked":["Conserve Battery","Steam"],"picked":"Reinforced Body","floor":14},{"not_picked":["Fission","All For One"],"picked":"Thunder Strike","floor":16},{"not_picked":["Cold Snap","Chaos"],"picked":"Storm","floor":17},{"not_picked":["Barrage","Cold Snap"],"picked":"Storm","floor":17},{"not_picked":["Go for the Eyes","Compile Driver"],"picked":"Undo","floor":17},{"not_picked":["Turbo","Compile Driver"],"picked":"BootSequence","floor":17},{"not_picked":["Capacitor","All For One","Cold Snap"],"picked":"SKIP","floor":18}],"player_experience":271092,"relics_obtained":[{"floor":7,"key":"Matryoshka"},{"floor":9,"key":"Bottled Tornado"},{"floor":9,"key":"Omamori"}],"event_choices":[{"event_name":"Golden Idol","player_choice":"Lose Max HP","floor":5,"damage_taken":0},{"event_name":"FaceTrader","player_choice":"Trade","floor":11,"damage_taken":0},{"event_name":"Golden Wing","player_choice":"Card Removal","floor":12,"damage_taken":0},{"event_name":"World of Goop","player_choice":"Left","floor":13,"damage_taken":0}],"is_beta":false,"boss_relics":[{"not_picked":["Eternal Feather","Tiny House"],"picked":"Orrery"}],"items_purged_floors":[10,19],"is_endless":false,"potions_floor_spawned":[2,7],"killed_by":"3 Byrds","ascension_level":10}