{"path_per_floor":["M","M","?","?","?","E","R","M","T","$","M","R","M","M","R","B",null,"M","?","$","M","M","R","M","?","T","?","?"],"character_chosen":"IRONCLAD","items_purchased":["Panache"],"gold_per_floor":[114,124,124,124,124,164,164,188,259,58,76,76,90,105,105,228,228,246,246,246,260,281,281,306,221,221,221,221,221],"floor_reached":29,"campfire_rested":4,"playtime":1393,"current_hp_per_floor":[79,80,80,60,53,10,34,34,34,34,34,58,53,59,80,18,80,71,71,71,35,27,51,19,19,19,19,19,0],"items_purged":[],"gold":221,"score":225,"play_id":"4ef7730b-0d96-4d7d-9d59-c765351570a9","local_time":"20180410180618","is_prod":false,"is_daily":false,"is_ascension_mode":false,"campfire_upgraded":0,"timestamp":1523379978,"path_taken":["M","M","?","?","?","E","R","M","T","$","M","R","M","M","R","BOSS","M","?","?","M","?","R","M","?","T","?","?","E"],"build_version":"2018-04-05v2","purchased_purges":0,"victory":false,"master_deck":["Strike_R+1","Strike_R+1","Strike_R+1","Strike_R+1","Strike_R+1","Defend_R+1","Defend_R+1","Defend_R+1","Defend_R+1","Bash","Warcry","Perfected Strike","Warcry","Anger","Anger","Panache","Rampage","Anger","Perfected Strike","Brutality","Rampage+1","Armaments","Rampage","Berserk"],"max_hp_per_floor":[80,80,80,80,80,80,80,80,80,80,80,80,80,80,80,80,80,80,80,80,80,80,80,80,80,80,80,80,80],"relics":["Burning Blood","Golden Idol","Bronze Scales","Omamori","Self Forming Clay","Philosopher\u0027s Stone","Mercury Hourglass","Magic Flower"],"card_choices":[{"not_picked":["True Grit","Clothesline"],"picked":"Warcry","floor":0},{"not_picked":["Body Slam","Twin Strike"],"picked":"Perfected Strike","floor":1},{"not_picked":["Blood for Blood","Cleave"],"picked":"Warcry","floor":2},{"not_picked":["Battle Trance","Twin Strike"],"picked":"Anger","floor":6},{"not_picked":["Flex","Spot Weakness"],"picked":"Anger","floor":8},{"not_picked":["Clothesline","Intimidate"],"picked":"Rampage","floor":11},{"not_picked":["Sword Boomerang","Body Slam"],"picked":"Anger","floor":13},{"not_picked":["True Grit","Twin Strike"],"picked":"Perfected Strike","floor":14},{"not_picked":["Dark Embrace","Impervious"],"picked":"Brutality","floor":16},{"not_picked":["Sword Boomerang","Clash"],"picked":"Rampage","floor":18},{"not_picked":["Sever Soul","True Grit"],"picked":"Armaments","floor":21},{"not_picked":["True Grit","Inflame"],"picked":"Rampage","floor":22},{"not_picked":["Blood for Blood","Warcry"],"picked":"Berserk","floor":24}],"player_experience":39234,"potions_floor_usage":[6,16,18,22,29,29],"damage_taken":[{"damage":7,"enemies":"Cultist","floor":1,"turns":5},{"damage":0,"enemies":"Small Slimes","floor":2,"turns":5},{"damage":49,"enemies":"Lagavulin","floor":6,"turns":7},{"damage":6,"enemies":"Jaw Worm","floor":8,"turns":2},{"damage":6,"enemies":"Blue Slaver","floor":11,"turns":3},{"damage":11,"enemies":"Exordium Wildlife","floor":13,"turns":3},{"damage":0,"enemies":"Large Slime","floor":14,"turns":3},{"damage":68,"enemies":"The Guardian","floor":16,"turns":10},{"damage":15,"enemies":"Shell Parasite","floor":18,"turns":3},{"damage":42,"enemies":"3 Byrds","floor":21,"turns":3},{"damage":14,"enemies":"Snake Plant","floor":22,"turns":3},{"damage":38,"enemies":"Centurion and Healer","floor":24,"turns":4},{"damage":19,"enemies":"Gremlin Leader","floor":29,"turns":6}],"event_choices":[{"event_name":"Golden Wing","player_choice":"Ignored","floor":3,"damage_taken":0},{"event_name":"Golden Idol","player_choice":"Take Damage","floor":4,"damage_taken":0},{"event_name":"Scrap Ooze","player_choice":"success","floor":5,"damage_taken":7},{"event_name":"Back to Basics","player_choice":"Simplicity","floor":19,"damage_taken":0},{"event_name":"Addict","player_choice":"Obtained Relic","floor":25,"damage_taken":0},{"event_name":"Beggar","player_choice":"Ignored","floor":27,"damage_taken":0},{"event_name":"Drug Dealer","player_choice":"Ignored","floor":28,"damage_taken":0}],"boss_relics":[{"not_picked":["Eternal Feather","Snecko Eye"],"picked":"Philosopher\u0027s Stone"}],"potions_floor_spawned":[2,8,11,16,18,22,24],"seed_played":"-4680364750242724675","killed_by":"Gremlin Leader","ascension_level":0,"is_trial":false}