{"gold_per_floor":[112,112,128,139,139,139,173,173,212,230,249,249],"floor_reached":12,"playtime":334,"items_purged":[],"score":80,"play_id":"1f636050-2161-46ae-9241-d663552d9e5c","local_time":"20190215212541","is_ascension_mode":false,"campfire_choices":[{"data":"Slimebound:GoopSpray","floor":6,"key":"SMITH"},{"data":"Slimebound:SoulSicken","floor":8,"key":"SMITH"}],"neow_cost":"NONE","seed_source_timestamp":122945614115305,"circlet_count":0,"master_deck":["Slimebound:Strike_Slimebound","Slimebound:Strike_Slimebound","Slimebound:Strike_Slimebound","Slimebound:Tackle","Slimebound:Defend_Slimebound","Slimebound:Defend_Slimebound","Slimebound:Defend_Slimebound","Slimebound:Defend_Slimebound","Slimebound:Split","Slimebound:CorrosiveSpit","Slimebound:QuickStudy+1","Slimebound:GoopSpray+1","Slimebound:HauntingLick","Slimebound:SoulSicken+1"],"relics":["Slimebound:AbsorbEndCombat","NeowsBlessing","hubris:Towel","Boot","Omamori"],"potions_floor_usage":[9],"damage_taken":[{"damage":8,"enemies":"2 Louse","floor":1,"turns":2},{"damage":3,"enemies":"Cultist","floor":3,"turns":1},{"damage":3,"enemies":"Jaw Worm","floor":4,"turns":1},{"damage":41,"enemies":"Gremlin Nob","floor":7,"turns":4},{"damage":10,"enemies":"Exordium Thugs","floor":9,"turns":5},{"damage":19,"enemies":"Exordium Thugs","floor":10,"turns":4},{"damage":22,"enemies":"Exordium Wildlife","floor":11,"turns":4},{"damage":11,"enemies":"Lagavulin","floor":12,"turns":2}],"seed_played":"-3878455363630457684","potions_obtained":[{"floor":1,"key":"FearPotion"},{"floor":4,"key":"SteroidPotion"},{"floor":11,"key":"Poison Potion"}],"is_trial":false,"path_per_floor":["M","?","M","M","?","R","E","R","MIM","M","M","E"],"character_chosen":"SLIMEBOUND","items_purchased":[],"campfire_rested":0,"item_purchase_floors":[],"current_hp_per_floor":[68,68,68,70,70,70,36,36,31,21,9,0],"gold":249,"neow_bonus":"THREE_ENEMY_KILL","is_prod":false,"is_daily":false,"chose_seed":false,"campfire_upgraded":2,"win_rate":0,"timestamp":1550283941,"path_taken":["M","?","?","M","?","R","E","R","MIM","M","M","E"],"build_version":"2019-01-23","purchased_purges":0,"victory":false,"max_hp_per_floor":[70,70,70,70,70,70,70,70,70,70,70,70],"card_choices":[{"not_picked":["Slimebound:RollThrough","Slimebound:PressTheAttack"],"picked":"Slimebound:QuickStudy","floor":1},{"not_picked":["Slimebound:ProtectTheBoss","Slimebound:SplitAcid"],"picked":"Slimebound:GoopSpray","floor":3},{"not_picked":["Slimebound:Chomp","Slimebound:SplitAcid"],"picked":"Slimebound:HauntingLick","floor":4},{"not_picked":["Slimebound:PoisonLick","Slimebound:Equalize"],"picked":"Slimebound:SoulSicken","floor":7},{"not_picked":["Slimebound:TongueLash","Slimebound:BestDefense","Slimebound:LivingWall"],"picked":"SKIP","floor":10},{"not_picked":["Slimebound:FinishingTackle","Slimebound:GoopTackle","Slimebound:DivideAndConquer"],"picked":"SKIP","floor":11}],"player_experience":702562,"relics_obtained":[{"floor":7,"key":"Boot"},{"floor":9,"key":"Omamori"}],"event_choices":[],"is_beta":false,"boss_relics":[],"items_purged_floors":[],"is_endless":false,"potions_floor_spawned":[1,4,11],"killed_by":"Lagavulin","ascension_level":0}