{"gold_per_floor":[112,112,39,59,75,75,75,75,128,147,147,162,178,197,197,297,297,308,325,400,245,260,260,273,293,318,318,330,330,341,341],"floor_reached":31,"playtime":1722,"items_purged":["Strike_R"],"score":283,"play_id":"42bcc70e-36e3-4ae3-8206-431d78ab078c","local_time":"20190110112917","is_ascension_mode":false,"campfire_choices":[{"data":"Uppercut","floor":6,"key":"SMITH"},{"data":"Spot Weakness","floor":11,"key":"SMITH"},{"data":"Juggernaut","floor":15,"key":"SMITH"},{"data":"Metallicize","floor":23,"key":"SMITH"},{"floor":29,"key":"REST"}],"neow_cost":"NONE","seed_source_timestamp":982952629859594,"circlet_count":0,"master_deck":["Strike_R","Strike_R","Strike_R","Strike_R+1","Defend_R+1","Defend_R","Defend_R","Defend_R","Bash","Burning Pact","Uppercut+1","Spot Weakness+1","Pommel Strike","Juggernaut+1","Metallicize+1","Carnage","Feed","Heavy Blade+1","Corruption+1","Metallicize","True Grit+1","Spot Weakness+1","Armaments","Ghostly Armor","True Grit+1"],"relics":["Burning Blood"],"potions_floor_usage":[16,24,25,28,28],"damage_taken":[{"damage":0,"enemies":"Small Slimes","floor":1,"turns":4},{"damage":9,"enemies":"2 Louse","floor":4,"turns":3},{"damage":3,"enemies":"Jaw Worm","floor":5,"turns":4},{"damage":18,"enemies":"Exordium Wildlife","floor":10,"turns":6},{"damage":20,"enemies":"Lots of Slimes","floor":12,"turns":3},{"damage":13,"enemies":"3 Louse","floor":13,"turns":3},{"damage":0,"enemies":"Large Slime","floor":14,"turns":6},{"damage":22,"enemies":"Hexaghost","floor":16,"turns":11},{"damage":17,"enemies":"Shell Parasite","floor":18,"turns":8},{"damage":34,"enemies":"2 Thieves","floor":19,"turns":5},{"damage":17,"enemies":"Centurion and Healer","floor":22,"turns":7},{"damage":21,"enemies":"Snake Plant","floor":24,"turns":4},{"damage":12,"enemies":"Sentry and Sphere","floor":25,"turns":4},{"damage":5,"enemies":"Shelled Parasite and Fungi","floor":28,"turns":5},{"damage":25,"enemies":"Snake Plant","floor":30,"turns":6},{"damage":35,"enemies":"Cultist and Chosen","floor":31,"turns":4}],"seed_played":"778015910332430498","potions_obtained":[{"floor":1,"key":"BloodPotion"},{"floor":4,"key":"EssenceOfSteel"},{"floor":12,"key":"AttackPotion"},{"floor":22,"key":"SteroidPotion"},{"floor":24,"key":"Explosive Potion"}],"is_trial":false,"path_per_floor":["M","?","$","M","M","R","?","?","T","M","R","M","M","M","R","B",null,"M","M","?","$","M","R","M","M","T","?","M","R","M","M"],"character_chosen":"IRONCLAD","items_purchased":["Burning Pact","Metallicize"],"campfire_rested":1,"item_purchase_floors":[3,21],"current_hp_per_floor":[88,93,93,90,93,93,93,74,74,62,62,48,41,47,47,31,93,82,54,45,45,37,37,31,28,28,8,12,44,28,0],"gold":341,"neow_bonus":"TEN_PERCENT_HP_BONUS","is_prod":false,"is_daily":false,"chose_seed":false,"campfire_upgraded":4,"win_rate":0,"timestamp":1547137757,"path_taken":["M","?","$","M","M","R","?","?","T","M","R","M","M","M","R","BOSS","M","M","?","$","M","R","M","?","T","?","M","R","M","M"],"build_version":"2019-01-03v4","purchased_purges":1,"victory":false,"max_hp_per_floor":[88,93,93,93,93,93,93,93,93,93,93,93,93,93,93,93,93,93,93,93,93,96,96,96,99,99,104,107,107,110,110],"card_choices":[{"not_picked":["Sever Soul","Headbutt","Dual Wield"],"picked":"SKIP","floor":1},{"not_picked":["Iron Wave","Sword Boomerang"],"picked":"Uppercut","floor":4},{"not_picked":["Rage","Pummel"],"picked":"Spot Weakness","floor":5},{"not_picked":["Wild Strike","Evolve"],"picked":"Pommel Strike","floor":10},{"not_picked":["Flex","Heavy Blade"],"picked":"Juggernaut","floor":12},{"not_picked":["Perfected Strike","Twin Strike"],"picked":"Metallicize","floor":13},{"not_picked":["Fire Breathing","Wild Strike"],"picked":"Carnage","floor":14},{"not_picked":["Fiend Fire","Bludgeon"],"picked":"Feed","floor":16},{"not_picked":["Twin Strike","Carnage+1"],"picked":"Heavy Blade+1","floor":18},{"not_picked":["Rampage","Pommel Strike+1"],"picked":"Corruption+1","floor":19},{"not_picked":["Perfected Strike+1","Flex+1"],"picked":"True Grit+1","floor":22},{"not_picked":["True Grit","Flex"],"picked":"Spot Weakness+1","floor":24},{"not_picked":["Thunderclap","Warcry"],"picked":"Armaments","floor":25},{"not_picked":["Sword Boomerang","Sever Soul"],"picked":"Ghostly Armor","floor":28},{"not_picked":["Pommel Strike","Armaments"],"picked":"True Grit+1","floor":30}],"player_experience":443011,"relics_obtained":[],"event_choices":[{"damage_healed":0,"gold_gain":0,"player_choice":"Donut","damage_taken":0,"max_hp_gain":5,"max_hp_loss":0,"event_name":"Big Fish","floor":2,"gold_loss":0},{"damage_healed":0,"gold_gain":0,"player_choice":"Ignored","damage_taken":0,"max_hp_gain":0,"max_hp_loss":0,"event_name":"Liars Game","floor":7,"gold_loss":0},{"damage_healed":0,"gold_gain":0,"player_choice":"Entered Light","damage_taken":19,"max_hp_gain":0,"max_hp_loss":0,"event_name":"Shining Light","floor":8,"gold_loss":0,"cards_upgraded":["Defend_R","Strike_R"]},{"damage_healed":0,"gold_gain":75,"player_choice":"Touch","damage_taken":9,"max_hp_gain":0,"max_hp_loss":0,"event_name":"FaceTrader","floor":20,"gold_loss":0},{"damage_healed":0,"gold_gain":0,"player_choice":"Shed Blood","damage_taken":25,"max_hp_gain":5,"max_hp_loss":0,"event_name":"Forgotten Altar","floor":27,"gold_loss":0}],"is_beta":false,"boss_relics":[{"not_picked":["Velvet Choker","Tiny House","Astrolabe"]}],"items_purged_floors":[21],"is_endless":false,"potions_floor_spawned":[1,4,12,14,22,24],"killed_by":"Cultist and Chosen","ascension_level":0}