{"path_per_floor":["M","M","$","M","M","E","R","M","T","R","$","M","R","?","R","B",null,"M","$","?","?","M","R","E","R","T","M","E","?","$","M","R","B",null,"M","M","M","$","M","E","R","$","T","R","?","E","?","M","R","B"],"character_chosen":"DEFECT","items_purchased":["Self Repair","Melter","Heatsinks","Capacitor","Frozen Egg 2","Biased Cognition","Hologram"],"gold_per_floor":[116,126,14,34,54,80,80,95,171,171,58,68,68,68,68,163,163,182,29,29,29,45,45,70,70,116,127,152,332,85,101,101,202,202,219,237,247,50,68,97,97,49,49,49,49,82,0,16,16,16],"floor_reached":51,"campfire_rested":0,"playtime":2259,"current_hp_per_floor":[67,64,64,73,75,18,18,23,23,23,23,21,21,21,21,31,64,75,75,75,75,75,75,63,63,63,75,75,43,43,49,49,75,75,75,75,63,63,75,75,75,75,75,75,75,75,75,75,75,75],"items_purged":["Clumsy","Strike_B","Strike_B"],"gold":16,"score":1116,"play_id":"5582763a-10aa-412f-b008-95363395cd5f","local_time":"20180516154411","is_prod":false,"is_daily":false,"chose_seed":false,"is_ascension_mode":true,"campfire_upgraded":10,"timestamp":1526478251,"path_taken":["M","M","$","M","?","E","R","M","T","R","$","M","R","?","R","BOSS","M","$","?","?","M","R","E","R","T","M","E","?","$","M","R","BOSS","M","M","M","$","M","E","R","?","T","R","?","E","?","M","R","BOSS"],"build_version":"2018-05-15","seed_source_timestamp":8550539740344,"purchased_purges":4,"victory":true,"master_deck":["Strike_B","Strike_B","Defend_B","Defend_B","Defend_B","Defend_B","Zap+1","Dualcast","BootSequence","Steam","Self Repair","Reinforced Body","Force Field","Beam Cell+1","Melter","Heatsinks+1","Rainbow+1","Hyperbeam+1","Creative AI+1","Defragment+1","Capacitor+1","Capacitor+1","Stack","FTL+1","Deep Breath+1","Storm+1","Machine Learning+1","Skim+1","Capacitor+1","Biased Cognition+1","Stack","Hologram","Hologram+1","Coolheaded+1"],"max_hp_per_floor":[75,75,75,75,75,75,75,75,75,75,75,75,75,75,75,75,75,75,75,75,75,75,75,75,75,75,75,75,75,75,75,75,75,75,75,75,75,75,75,75,75,75,75,75,75,75,75,75,75,75],"relics":["Cracked Core","Bird Faced Urn","Toolbox","Pantograph","Nuclear Battery","Thread and Needle","Bag of Preparation","Orichalcum","Lantern","Frozen Egg 2","Sozu","Juzu Bracelet","Darkstone Periapt","Mummified Hand","Red Mask"],"card_choices":[{"not_picked":["Capacitor","Stack"],"picked":"BootSequence","floor":1},{"not_picked":["Beam Cell","Go for the Eyes"],"picked":"Steam","floor":2},{"not_picked":["Cold Snap","Doom and Gloom"],"picked":"Reinforced Body","floor":4},{"not_picked":["Genetic Algorithm","Go for the Eyes"],"picked":"Force Field","floor":5},{"not_picked":["Gash","Cold Snap","Skim"],"picked":"SKIP","floor":6},{"not_picked":["Go for the Eyes","Steam Power"],"picked":"Beam Cell","floor":8},{"not_picked":["Skim","Go for the Eyes"],"picked":"Rainbow","floor":12},{"not_picked":["Nova","Machine Learning"],"picked":"Creative AI","floor":16},{"not_picked":["Aggregate","Doom and Gloom"],"picked":"Defragment","floor":18},{"not_picked":["Rip and Tear","Barrage","Sweeping Beam"],"picked":"SKIP","floor":22},{"not_picked":["Reinforced Body","Genetic Algorithm"],"picked":"Capacitor+1","floor":24},{"not_picked":["Axe Kick","Capacitor"],"picked":"Stack","floor":27},{"not_picked":["Rip and Tear","Go for the Eyes"],"picked":"FTL","floor":28},{"not_picked":["Consume","Rebound"],"picked":"Storm+1","floor":31},{"not_picked":["Creative AI+1","Buffer+1"],"picked":"Machine Learning+1","floor":33},{"not_picked":["Streamline","Barrage","Rip and Tear"],"picked":"SKIP","floor":35},{"not_picked":["Genetic Algorithm","Aggregate+1","Skim+1"],"picked":"SKIP","floor":36},{"not_picked":["Genetic Algorithm","Aggregate+1"],"picked":"Skim+1","floor":36},{"not_picked":["Barrage+1","Coolheaded+1"],"picked":"Capacitor+1","floor":37},{"not_picked":["Doom and Gloom","Beam Cell+1"],"picked":"Stack","floor":39},{"not_picked":["Fusion","Capacitor+1","Darkness"],"picked":"SKIP","floor":40},{"not_picked":["Streamline","Fusion"],"picked":"Hologram+1","floor":46},{"not_picked":["Turbo+1","Streamline+1"],"picked":"Coolheaded+1","floor":48}],"player_experience":84383,"potions_floor_usage":[6,16,22,22,33,33,50],"damage_taken":[{"damage":1,"enemies":"Cultist","floor":1,"turns":3},{"damage":3,"enemies":"Small Slimes","floor":2,"turns":3},{"damage":0,"enemies":"Jaw Worm","floor":4,"turns":3},{"damage":0,"enemies":"Looter","floor":5,"turns":4},{"damage":66,"enemies":"Gremlin Nob","floor":6,"turns":6},{"damage":4,"enemies":"Exordium Wildlife","floor":8,"turns":6},{"damage":13,"enemies":"Exordium Thugs","floor":12,"turns":4},{"damage":30,"enemies":"Slime Boss","floor":16,"turns":9},{"damage":4,"enemies":"Shell Parasite","floor":18,"turns":4},{"damage":5,"enemies":"2 Thieves","floor":22,"turns":3},{"damage":29,"enemies":"Book of Stabbing","floor":24,"turns":6},{"damage":1,"enemies":"3 Cultists","floor":27,"turns":4},{"damage":10,"enemies":"Gremlin Leader","floor":28,"turns":8},{"damage":14,"enemies":"Snecko","floor":31,"turns":7},{"damage":0,"enemies":"Champ","floor":33,"turns":7},{"damage":0,"enemies":"Flame Bruiser 1 Orb","floor":35,"turns":3},{"damage":7,"enemies":"Orb Walker","floor":36,"turns":3},{"damage":16,"enemies":"3 Darklings","floor":37,"turns":5},{"damage":0,"enemies":"4 Shapes","floor":39,"turns":3},{"damage":0,"enemies":"Nemesis","floor":40,"turns":5},{"damage":6,"enemies":"2 Orb Walkers","floor":46,"turns":4},{"damage":0,"enemies":"Flame Bruiser 2 Orb","floor":48,"turns":2},{"damage":0,"enemies":"Donu and Deca","floor":50,"turns":5}],"relics_obtained":[{"floor":6,"key":"Toolbox"},{"floor":9,"key":"Pantograph"},{"floor":24,"key":"Bag of Preparation"},{"floor":26,"key":"Orichalcum"},{"floor":28,"key":"Lantern"},{"floor":40,"key":"Juzu Bracelet"},{"floor":43,"key":"Darkstone Periapt"},{"floor":46,"key":"Mummified Hand"}],"event_choices":[{"event_name":"Match and Keep!","player_choice":"1 cards matched","floor":14,"damage_taken":0},{"event_name":"Beggar","player_choice":"Ignored","floor":20,"damage_taken":0},{"event_name":"The Mausoleum","player_choice":"Yes","floor":21,"damage_taken":0},{"event_name":"Knowing Skull","player_choice":"GOLD GOLD CARD ","floor":29,"damage_taken":0},{"event_name":"Mysterious Sphere","player_choice":"Ignore","floor":45,"damage_taken":0},{"event_name":"Tomb of Lord Red Mask","player_choice":"Paid","floor":47,"damage_taken":0}],"boss_relics":[{"not_picked":["Calling Bell","Philosopher\u0027s Stone"],"picked":"Nuclear Battery"},{"not_picked":["Snecko Eye","Lizard Tail"],"picked":"Sozu"}],"potions_floor_spawned":[2,5,8,16,18,28,33,36,37,39],"seed_played":"8404710734056805739","ascension_level":6,"potions_obtained":[{"floor":2,"key":"SteroidPotion"},{"floor":5,"key":"EssenceOfSteel"},{"floor":8,"key":"SkillPotion"},{"floor":16,"key":"Energy Potion"},{"floor":18,"key":"Swift Potion"},{"floor":28,"key":"FocusPotion"},{"floor":33,"key":"Poison Potion"}],"is_trial":false}