{"gold_per_floor":[118,138,158,172,187,187,219,219,219,219,219,219,96,109,109,229,229,254,254,272,292,311,342,362,400,423,423,548,571,612,92,92,223,223,246,267,333,357,380,380,198,0,0,0,39,372,22,42,42,42],"floor_reached":51,"playtime":5037,"items_purged":["Injury","Second Wind"],"score":825,"play_id":"e4ac479e-3a5e-42f6-8be4-41ffe3fb9127","local_time":"20180903055002","is_ascension_mode":true,"campfire_choices":[{"data":"Flame Barrier","floor":6,"key":"SMITH"},{"data":"Rage","floor":8,"key":"SMITH"},{"data":"Body Slam","floor":15,"key":"SMITH"},{"data":"Flex","floor":27,"key":"SMITH"},{"data":"Iron Wave","floor":32,"key":"SMITH"},{"floor":40,"key":"REST"},{"floor":44,"key":"REST"},{"data":"Reaper","floor":49,"key":"SMITH"}],"neow_cost":"","seed_source_timestamp":220630120916989,"circlet_count":0,"master_deck":["Strike_R+1","Strike_R+1","Strike_R+1","Strike_R+1","Strike_R+1","Defend_R+1","Defend_R+1","Defend_R+1","Defend_R+1","Bash+1","Flame Barrier+1","Headbutt","Rage+1","Infernal Blade+1","Thunderclap+1","Offering","Armaments","Body Slam+1","Juggernaut+1","Body Slam+1","Anger","Iron Wave+1","Body Slam+1","Flex+1","Clumsy","Perfected Strike","Demon Form+1","Reaper+1","Heavy Blade","Heavy Blade+1","Iron Wave+1","Flex+1","Metallicize+1","Shrug It Off","Flame Barrier","Entrench","Clumsy","Ghostly Armor+1","Metallicize+1","Battle Trance","Warcry","Warcry","Body Slam+1"],"relics":["Burning Blood","War Paint","Frozen Egg 2","Cursed Key","Paper Frog","The Courier","Oddly Smooth Stone","StoneCalendar","Bottled Lightning","MawBank","Lee\u0027s Waffle","Vajra","Pantograph","Lizard Tail","Unceasing Top","Red Mask","Self Forming Clay","Blood Vial"],"potions_floor_usage":[4,7,14,21,25,25,28,29,33,37,48,50,50,50],"damage_taken":[{"damage":7,"enemies":"Small Slimes","floor":1,"turns":5},{"damage":3,"enemies":"Jaw Worm","floor":2,"turns":6},{"damage":3,"enemies":"2 Louse","floor":3,"turns":3},{"damage":2,"enemies":"Large Slime","floor":4,"turns":7},{"damage":0,"enemies":"2 Fungi Beasts","floor":5,"turns":5},{"damage":28,"enemies":"Lagavulin","floor":7,"turns":9},{"damage":0,"enemies":"3 Louse","floor":14,"turns":2},{"damage":52,"enemies":"Slime Boss","floor":16,"turns":15},{"damage":6,"enemies":"Shell Parasite","floor":18,"turns":2},{"damage":8,"enemies":"Spheric Guardian","floor":20,"turns":4},{"damage":20,"enemies":"Centurion and Healer","floor":21,"turns":6},{"damage":6,"enemies":"Sentry and Sphere","floor":22,"turns":4},{"damage":7,"enemies":"Slavers","floor":23,"turns":5},{"damage":12,"enemies":"Snecko","floor":24,"turns":5},{"damage":0,"enemies":"Gremlin Leader","floor":25,"turns":2},{"damage":19,"enemies":"Colosseum Slavers","floor":28,"turns":3},{"damage":15,"enemies":"Colosseum Nobs","floor":28,"turns":3},{"damage":21,"enemies":"Snake Plant","floor":29,"turns":3},{"damage":3,"enemies":"Slavers","floor":30,"turns":4},{"damage":32,"enemies":"Collector","floor":33,"turns":6},{"damage":30,"enemies":"3 Shapes","floor":35,"turns":3},{"damage":11,"enemies":"3 Darklings","floor":36,"turns":5},{"damage":70,"enemies":"Mysterious Sphere","floor":37,"turns":5},{"damage":29,"enemies":"Transient","floor":38,"turns":5},{"damage":28,"enemies":"Maw","floor":39,"turns":6},{"damage":57,"enemies":"2 Orb Walkers","floor":45,"turns":5},{"damage":6,"enemies":"Spire Growth","floor":48,"turns":4},{"damage":36,"enemies":"Time Eater","floor":50,"turns":8}],"seed_played":"-8383927685111071169","potions_obtained":[{"floor":1,"key":"AttackPotion"},{"floor":3,"key":"Ancient Potion"},{"floor":4,"key":"BloodPotion"},{"floor":20,"key":"Regen Potion"},{"floor":23,"key":"Explosive Potion"},{"floor":24,"key":"BloodPotion"},{"floor":25,"key":"AttackPotion"},{"floor":28,"key":"BloodPotion"},{"floor":29,"key":"SpeedPotion"},{"floor":35,"key":"Fire Potion"},{"floor":45,"key":"LiquidBronze"},{"floor":48,"key":"Weak Potion"}],"is_trial":false,"path_per_floor":["M","M","M","M","M","R","E","R","T","?","?","?","$","M","R","B",null,"M","?","M","M","M","E","M","E","T","R","?","M","E","$","R","B",null,"M","M","?","M","M","R","$","?","T","R","E","?","$","M","R","B"],"character_chosen":"IRONCLAD","items_purchased":["Armaments","Lee\u0027s Waffle","Vajra","Pantograph","Metallicize+1","Shrug It Off","Flame Barrier","Entrench","Metallicize+1","Battle Trance","Regen Potion","Dexterity Potion","Warcry","Warcry"],"campfire_rested":2,"item_purchase_floors":[13,31,31,31,41,41,41,41,47,47,47,47,47,47],"current_hp_per_floor":[79,80,80,80,80,80,58,58,58,42,42,42,42,56,56,10,80,80,80,78,73,73,72,66,80,80,80,61,54,57,90,90,64,90,66,85,30,15,17,44,44,44,44,71,39,39,39,59,59,56],"gold":42,"neow_bonus":"","is_prod":false,"is_daily":false,"chose_seed":false,"campfire_upgraded":6,"win_rate":0,"timestamp":1535946602,"path_taken":["M","M","M","M","M","R","E","R","T","?","?","?","$","M","R","BOSS","M","?","?","M","M","E","M","E","T","R","?","M","E","$","R","BOSS","M","M","?","M","?","R","$","?","T","R","E","?","$","M","R","BOSS"],"build_version":"2018-08-30","purchased_purges":2,"victory":true,"max_hp_per_floor":[80,80,80,80,80,80,80,80,80,80,80,80,80,80,80,80,80,80,80,80,80,80,80,80,80,80,80,83,83,83,90,90,90,90,90,90,90,90,90,90,90,90,90,90,90,90,90,90,90,90],"card_choices":[{"not_picked":["Pommel Strike","Heavy Blade"],"picked":"Flame Barrier","floor":1},{"not_picked":["Dual Wield","Dropkick"],"picked":"Headbutt","floor":2},{"not_picked":["Inflame","Pommel Strike"],"picked":"Rage","floor":3},{"not_picked":["Clothesline","Uppercut"],"picked":"Infernal Blade","floor":4},{"not_picked":["Heavy Blade","Searing Blow"],"picked":"Thunderclap","floor":5},{"not_picked":["Sword Boomerang","Reckless Charge"],"picked":"Offering","floor":7},{"not_picked":["Twin Strike","Flex"],"picked":"Body Slam","floor":14},{"not_picked":["Brutality+1","Feed"],"picked":"Juggernaut+1","floor":16},{"not_picked":["Carnage+1","True Grit"],"picked":"Second Wind","floor":18},{"not_picked":["Clothesline","Thunderclap"],"picked":"Body Slam+1","floor":20},{"not_picked":["Burning Pact","Seeing Red"],"picked":"Anger","floor":21},{"not_picked":["Headbutt","Pommel Strike+1"],"picked":"Iron Wave","floor":22},{"not_picked":["Dark Embrace+1","Rage"],"picked":"Body Slam+1","floor":23},{"not_picked":["Blood for Blood+1","Shockwave"],"picked":"Flex","floor":24},{"not_picked":["Pommel Strike","Clash","Hemokinesis"],"picked":"SKIP","floor":25},{"not_picked":["Thunderclap","Rampage"],"picked":"Perfected Strike","floor":28},{"not_picked":["Anger+1","Perfected Strike+1"],"picked":"Demon Form+1","floor":29},{"not_picked":["Rampage","Seeing Red","Uppercut"],"picked":"SKIP","floor":30},{"not_picked":["Double Tap","Brutality+1"],"picked":"Reaper","floor":33},{"not_picked":["Combust+1","Twin Strike"],"picked":"Heavy Blade","floor":35},{"not_picked":["Feel No Pain+1","Armaments"],"picked":"Heavy Blade+1","floor":36},{"not_picked":["Spot Weakness","Clash"],"picked":"Iron Wave+1","floor":37},{"not_picked":["Searing Blow+1","Heavy Blade+1"],"picked":"Flex+1","floor":38},{"not_picked":["Clash","Headbutt+1","Anger"],"picked":"SKIP","floor":39},{"not_picked":["Rupture+1","Fire Breathing+1"],"picked":"Ghostly Armor+1","floor":45},{"not_picked":["Searing Blow","Twin Strike+1"],"picked":"Body Slam+1","floor":48}],"player_experience":75404,"relics_obtained":[{"floor":7,"key":"War Paint"},{"floor":9,"key":"Frozen Egg 2"},{"floor":23,"key":"Paper Frog"},{"floor":25,"key":"The Courier"},{"floor":26,"key":"Oddly Smooth Stone"},{"floor":28,"key":"StoneCalendar"},{"floor":28,"key":"Bottled Lightning"},{"floor":30,"key":"MawBank"},{"floor":37,"key":"Unceasing Top"},{"floor":43,"key":"Self Forming Clay"},{"floor":45,"key":"Blood Vial"}],"event_choices":[{"event_name":"Shining Light","player_choice":"Entered Light","floor":10,"damage_taken":0},{"event_name":"Living Wall","player_choice":"Grow","floor":11,"damage_taken":0},{"event_name":"Golden Idol","player_choice":"Take Wound","floor":12,"damage_taken":0},{"event_name":"Back to Basics","player_choice":"Simplicity","floor":19,"damage_taken":0},{"event_name":"Colosseum","player_choice":"Fight","floor":28,"damage_taken":0},{"event_name":"Colosseum","player_choice":"Fought Nobs","floor":28,"damage_taken":0},{"event_name":"Mysterious Sphere","player_choice":"Fight","floor":37,"damage_taken":0},{"event_name":"Tomb of Lord Red Mask","player_choice":"Paid","floor":42,"damage_taken":0},{"event_name":"The Moai Head","player_choice":"Gave Idol","floor":46,"damage_taken":0}],"is_beta":false,"boss_relics":[{"not_picked":["Black Star","Calling Bell"],"picked":"Cursed Key"},{"not_picked":["Sozu","Mark of Pain"],"picked":"Lizard Tail"}],"items_purged_floors":[13,47],"is_endless":false,"potions_floor_spawned":[1,3,4,20,23,24,25,28,29,35,45,48],"ascension_level":1}