{"gold_per_floor":[114,114,114,61,79,109,109,127,127,127,127,146,146,178,178,255,255,231,241,241,261,277,309,327,353,353,66,66,80,80,96,96,171,171,188,234,234,252,252,252,17,50,50,79,96,125,125,142,142,142],"floor_reached":51,"playtime":3214,"items_purged":["Strike_R+1"],"score":1709,"play_id":"ff835fd5-3722-4d85-aa1b-c82326612b9a","local_time":"20181108115203","is_ascension_mode":true,"campfire_choices":[{"data":"Barricade","floor":7,"key":"SMITH"},{"data":"Body Slam","floor":10,"key":"SMITH"},{"floor":13,"key":"REST"},{"data":"Bash","floor":15,"key":"SMITH"},{"data":"Armaments","floor":28,"key":"SMITH"},{"floor":30,"key":"REST"},{"data":"Offering","floor":32,"key":"SMITH"},{"data":"Warcry","floor":40,"key":"SMITH"},{"data":"True Grit","floor":49,"key":"SMITH"}],"neow_cost":"NONE","seed_source_timestamp":1058523632032,"circlet_count":0,"master_deck":["AscendersBane","Defend_R","Defend_R","Defend_R","Bash+1","Barricade+1","Iron Wave","Body Slam+1","Clothesline+1","Impervious","Iron Wave+1","Feel No Pain+1","Offering+1","True Grit+1","Immolate+1","Sever Soul","Warcry+1","Shrug It Off","Armaments+1","Corruption+1","Intimidate","Dark Embrace+1","Metallicize+1","True Grit+1","Sentinel+1","Disarm+1","Sentinel+1","Ghostly Armor","Seeing Red+1","Sentinel","Body Slam","Master of Strategy","Purity","Shrug It Off"],"relics":["Burning Blood","Potion Belt","Pantograph","Frozen Egg 2","Mark of Pain","Bronze Scales","Strawberry","Kunai","Self Forming Clay","Orrery","Ginger","Centennial Puzzle","PreservedInsect","Dodecahedron","Omamori","Whetstone","The Courier"],"potions_floor_usage":[14,14,21,24,25,36,50,50,50,50],"damage_taken":[{"damage":4,"enemies":"Jaw Worm","floor":1,"turns":5},{"damage":7,"enemies":"Small Slimes","floor":5,"turns":3},{"damage":50,"enemies":"3 Sentries","floor":6,"turns":15},{"damage":0,"enemies":"Cultist","floor":8,"turns":4},{"damage":0,"enemies":"Exordium Wildlife","floor":12,"turns":4},{"damage":12,"enemies":"Gremlin Nob","floor":14,"turns":4},{"damage":23,"enemies":"Slime Boss","floor":16,"turns":12},{"damage":7,"enemies":"2 Thieves","floor":18,"turns":4},{"damage":29,"enemies":"Spheric Guardian","floor":19,"turns":5},{"damage":29,"enemies":"Centurion and Healer","floor":21,"turns":5},{"damage":10,"enemies":"Snake Plant","floor":22,"turns":4},{"damage":13,"enemies":"Gremlin Leader","floor":23,"turns":8},{"damage":7,"enemies":"Sentry and Sphere","floor":24,"turns":6},{"damage":6,"enemies":"Slavers","floor":25,"turns":6},{"damage":20,"enemies":"Centurion and Healer","floor":29,"turns":6},{"damage":6,"enemies":"Snake Plant","floor":31,"turns":4},{"damage":30,"enemies":"Automaton","floor":33,"turns":11},{"damage":6,"enemies":"Orb Walker","floor":35,"turns":5},{"damage":52,"enemies":"2 Orb Walkers","floor":36,"turns":5},{"damage":17,"enemies":"3 Darklings","floor":38,"turns":2},{"damage":6,"enemies":"Nemesis","floor":42,"turns":5},{"damage":12,"enemies":"Reptomancer","floor":44,"turns":4},{"damage":6,"enemies":"Jaw Worm Horde","floor":45,"turns":3},{"damage":6,"enemies":"Giant Head","floor":46,"turns":4},{"damage":6,"enemies":"Writhing Mass","floor":48,"turns":1},{"damage":6,"enemies":"Awakened One","floor":50,"turns":3}],"seed_played":"7487334832794144095","potions_obtained":[{"floor":5,"key":"SpeedPotion"},{"floor":6,"key":"AttackPotion"},{"floor":8,"key":"GamblersBrew"},{"floor":18,"key":"Regen Potion"},{"floor":19,"key":"AttackPotion"},{"floor":24,"key":"EssenceOfSteel"},{"floor":25,"key":"Weak Potion"},{"floor":29,"key":"SteroidPotion"},{"floor":33,"key":"Regen Potion"},{"floor":35,"key":"Strength Potion"},{"floor":45,"key":"EssenceOfSteel"}],"is_trial":false,"path_per_floor":["M","?","?","$","M","E","R","M","T","R","?","M","R","E","R","B",null,"M","M","?","M","M","E","M","E","T","$","R","M","R","M","R","B",null,"M","?","T","M","?","R","$","E","T","E","M","E","?","M","R","B",null],"character_chosen":"IRONCLAD","items_purchased":["Iron Wave","Self Forming Clay","PreservedInsect"],"campfire_rested":2,"item_purchase_floors":[4,27,41],"current_hp_per_floor":[70,63,63,63,62,18,18,24,24,24,1,7,29,23,23,31,64,63,40,40,31,27,20,19,26,26,26,26,12,36,36,36,37,71,71,39,39,28,67,67,67,67,67,61,61,61,51,51,51,67],"gold":142,"neow_bonus":"TRANSFORM_CARD","is_prod":false,"is_daily":false,"chose_seed":false,"campfire_upgraded":7,"win_rate":0,"timestamp":1541674323,"path_taken":["M","?","?","$","M","E","R","?","T","R","?","M","R","E","R","BOSS","M","M","?","M","M","E","M","E","T","$","R","M","R","M","R","BOSS","M","?","?","M","?","R","?","E","T","E","?","E","?","M","R","BOSS"],"build_version":"2018-11-07","purchased_purges":1,"victory":true,"max_hp_per_floor":[75,75,75,75,75,75,75,75,75,75,75,75,75,75,75,75,75,75,75,75,75,75,75,75,82,82,82,82,82,82,82,82,82,82,82,82,82,82,67,67,67,67,67,67,67,67,67,67,67,67],"card_choices":[{"not_picked":["Clash","Second Wind","Thunderclap"],"picked":"SKIP","floor":1},{"not_picked":["Armaments","Clothesline"],"picked":"Body Slam","floor":5},{"not_picked":["Body Slam","Disarm"],"picked":"Clothesline","floor":6},{"not_picked":["Iron Wave","Flame Barrier"],"picked":"Impervious","floor":8},{"not_picked":["Battle Trance","Thunderclap"],"picked":"Iron Wave","floor":12},{"not_picked":["Clothesline","Inflame"],"picked":"Feel No Pain","floor":14},{"not_picked":["Berserk+1","Fiend Fire"],"picked":"Offering","floor":16},{"not_picked":["Carnage","Thunderclap","Anger"],"picked":"SKIP","floor":18},{"not_picked":["Rampage","Havoc"],"picked":"True Grit+1","floor":19},{"not_picked":["Perfected Strike","Carnage","Twin Strike"],"picked":"SKIP","floor":21},{"not_picked":["Dropkick","Heavy Blade"],"picked":"Warcry","floor":22},{"not_picked":["Shockwave+1","Bloodletting+1"],"picked":"Shrug It Off","floor":23},{"not_picked":["Offering","Clash"],"picked":"Armaments","floor":24},{"not_picked":["Anger","Reckless Charge"],"picked":"Corruption+1","floor":25},{"not_picked":["Intimidate","Fire Breathing+1","Infernal Blade"],"picked":"SKIP","floor":29},{"not_picked":["Fire Breathing+1","Infernal Blade"],"picked":"Intimidate","floor":29},{"not_picked":["Dropkick","Corruption+1","Flex"],"picked":"SKIP","floor":31},{"not_picked":["Feed","Brutality+1"],"picked":"Dark Embrace+1","floor":33},{"not_picked":["Twin Strike","Clash"],"picked":"Metallicize+1","floor":34},{"not_picked":["Carnage","Iron Wave"],"picked":"True Grit","floor":34},{"not_picked":["Clothesline","Headbutt"],"picked":"Sentinel+1","floor":34},{"not_picked":["Armaments","Bludgeon"],"picked":"Disarm+1","floor":34},{"not_picked":["Searing Blow","Warcry","Armaments"],"picked":"SKIP","floor":35},{"not_picked":["Wild Strike+1","Armaments"],"picked":"Sentinel+1","floor":36},{"not_picked":["Battle Trance","Cleave"],"picked":"Ghostly Armor","floor":38},{"not_picked":["Combust+1","Pummel+1"],"picked":"Seeing Red+1","floor":42},{"not_picked":["Thunderclap","Brutality+1"],"picked":"Sentinel","floor":44},{"not_picked":["Ghostly Armor","Havoc"],"picked":"Body Slam","floor":45},{"not_picked":["Warcry","Bloodletting","Pummel"],"picked":"SKIP","floor":46},{"not_picked":["Apotheosis","Enlightenment"],"picked":"Master of Strategy","floor":47},{"not_picked":["Thinking Ahead","Apotheosis"],"picked":"Purity","floor":47},{"not_picked":["Spot Weakness+1","Flex"],"picked":"Shrug It Off","floor":48}],"player_experience":336992,"relics_obtained":[{"floor":6,"key":"Potion Belt"},{"floor":9,"key":"Pantograph"},{"floor":14,"key":"Frozen Egg 2"},{"floor":23,"key":"Bronze Scales"},{"floor":25,"key":"Strawberry"},{"floor":26,"key":"Kunai"},{"floor":36,"key":"Ginger"},{"floor":37,"key":"Centennial Puzzle"},{"floor":42,"key":"Dodecahedron"},{"floor":43,"key":"Omamori"},{"floor":44,"key":"Whetstone"},{"floor":46,"key":"The Courier"}],"event_choices":[{"cards_removed":["Defend_R"],"damage_healed":0,"gold_gain":0,"player_choice":"Card Removal","damage_taken":7,"max_hp_gain":0,"max_hp_loss":0,"event_name":"Golden Wing","floor":2,"gold_loss":0},{"cards_removed":["Strike_R"],"damage_healed":0,"gold_gain":0,"player_choice":"Purged","damage_taken":0,"max_hp_gain":0,"max_hp_loss":0,"event_name":"Purifier","floor":3,"gold_loss":0},{"damage_healed":0,"gold_gain":0,"player_choice":"Entered Light","damage_taken":23,"max_hp_gain":0,"max_hp_loss":0,"event_name":"Shining Light","floor":11,"gold_loss":0,"cards_upgraded":["Clothesline","Strike_R"]},{"damage_healed":0,"gold_gain":0,"cards_transformed":["Strike_R","Strike_R"],"player_choice":"Became Test Subject","damage_taken":0,"max_hp_gain":0,"max_hp_loss":0,"event_name":"Drug Dealer","floor":20,"gold_loss":0,"cards_obtained":["Immolate","Sever Soul"]},{"damage_healed":0,"gold_gain":0,"player_choice":"Fight","damage_taken":0,"max_hp_gain":0,"max_hp_loss":0,"event_name":"Mysterious Sphere","floor":36,"gold_loss":0},{"damage_healed":67,"gold_gain":0,"player_choice":"Heal","damage_taken":0,"max_hp_gain":0,"max_hp_loss":15,"event_name":"The Moai Head","floor":39,"gold_loss":0},{"damage_healed":0,"gold_gain":0,"player_choice":"Memory 3","damage_taken":10,"max_hp_gain":0,"max_hp_loss":0,"event_name":"SensoryStone","floor":47,"gold_loss":0}],"is_beta":true,"boss_relics":[{"not_picked":["Ectoplasm","Pandora\u0027s Box"],"picked":"Mark of Pain"},{"not_picked":["Cursed Key","Velvet Choker"],"picked":"Orrery"}],"items_purged_floors":[41],"is_endless":false,"potions_floor_spawned":[5,6,8,18,19,24,25,29,33,35,45,48],"ascension_level":17}