{"path_per_floor":["M","?","$","M","?","E","M","R","T","E","M","M","R","E","R","B",null,"M","?","M","$","T"],"character_chosen":"DEFECT","items_purchased":["Streamline","Toxic Egg 2"],"gold_per_floor":[112,62,35,47,47,80,92,92,116,142,155,175,175,205,205,310,310,329,329,345,9,9,9],"floor_reached":23,"campfire_rested":0,"playtime":885,"current_hp_per_floor":[68,68,68,66,59,46,46,46,46,32,32,39,39,39,39,21,82,57,57,26,26,26,0],"items_purged":["Normality"],"gold":9,"score":240,"play_id":"0c57f14f-79e1-4807-98f8-46b8f5bb6c44","local_time":"20180508003422","is_prod":false,"is_daily":false,"chose_seed":false,"is_ascension_mode":true,"campfire_upgraded":3,"timestamp":1525732462,"path_taken":["M","?","$","M","?","E","?","R","T","E","M","M","R","E","R","BOSS","M","?","M","$","?","E"],"build_version":"2018-05-03","seed_source_timestamp":96702904169831,"purchased_purges":1,"victory":false,"master_deck":["Strike_B","Strike_B","Strike_B","Defend_B","Defend_B","Defend_B","Zap+1","Dualcast","Leap","Streamline+1","Axe Kick","Auto Shields","Go for the Eyes+1","Turbo","Self Repair","Ball Lightning","Regret","Regret","Doom and Gloom"],"max_hp_per_floor":[68,68,68,68,68,68,68,68,68,68,68,68,68,82,82,82,82,82,82,82,82,82,82],"relics":["Cracked Core","Unceasing Top","Lantern","Bag of Preparation","Matryoshka","Mango","Calling Bell","Blood Vial","Darkstone Periapt","Ginger","Letter Opener","Toxic Egg 2","Frozen Egg 2","Dodecahedron"],"card_choices":[{"not_picked":["Turbo","Tempest"],"picked":"Leap","floor":1},{"not_picked":["Sweeping Beam","Go for the Eyes"],"picked":"Axe Kick","floor":4},{"not_picked":["Undo","Turbo"],"picked":"Auto Shields","floor":6},{"not_picked":["Skim","Steam Power"],"picked":"Go for the Eyes","floor":7},{"not_picked":["Hologram","Fission"],"picked":"Turbo","floor":10},{"not_picked":["Impulse","Streamline"],"picked":"Self Repair","floor":11},{"not_picked":["Genetic Algorithm","Doom and Gloom"],"picked":"Ball Lightning","floor":14},{"not_picked":["Consume","Axe Kick"],"picked":"Doom and Gloom","floor":18}],"player_experience":45177,"potions_floor_usage":[],"damage_taken":[{"damage":0,"enemies":"Small Slimes","floor":1,"turns":3},{"damage":2,"enemies":"2 Louse","floor":4,"turns":2},{"damage":13,"enemies":"3 Sentries","floor":6,"turns":7},{"damage":0,"enemies":"Cultist","floor":7,"turns":3},{"damage":14,"enemies":"Lagavulin","floor":10,"turns":6},{"damage":0,"enemies":"Looter","floor":11,"turns":2},{"damage":0,"enemies":"2 Fungi Beasts","floor":12,"turns":2},{"damage":21,"enemies":"3 Sentries","floor":14,"turns":10},{"damage":25,"enemies":"The Guardian","floor":16,"turns":9},{"damage":32,"enemies":"Shell Parasite","floor":18,"turns":6},{"damage":40,"enemies":"2 Thieves","floor":20,"turns":4},{"damage":33,"enemies":"Book of Stabbing","floor":23,"turns":4}],"event_choices":[{"event_name":"The Cleric","player_choice":"Card Removal","floor":2,"damage_taken":0},{"event_name":"Golden Wing","player_choice":"Card Removal","floor":5,"damage_taken":0},{"event_name":"The Mausoleum","player_choice":"Yes","floor":19,"damage_taken":0}],"boss_relics":[{"not_picked":["Sozu","Snecko Eye"],"picked":"Calling Bell"}],"potions_floor_spawned":[4,14,16],"seed_played":"-2034528838515213196","killed_by":"Book of Stabbing","ascension_level":3,"is_trial":false}