{"gold_per_floor":[109,129,149,169,169,169,204,204,230,256,256,256,256,270,270,374,374,388,402,416,101,101,101,101,101,149,149,166,266,19,38,38,135,135,155,455,455,475,495,528,528,528],"floor_reached":42,"playtime":3667,"items_purged":["Doubt"],"score":569,"play_id":"5607a973-8350-4e45-ab5b-64c70db7569a","local_time":"20180720085711","is_ascension_mode":true,"campfire_choices":[{"data":"Glass Knife","floor":6.0,"key":"SMITH"},{"data":"Calculated Gamble","floor":8.0,"key":"SMITH"},{"floor":11.0,"key":"REST"},{"floor":15.0,"key":"REST"},{"floor":23.0,"key":"REST"},{"data":"Tools of the Trade","floor":25.0,"key":"SMITH"},{"data":"Neutralize","floor":27.0,"key":"SMITH"},{"floor":32.0,"key":"REST"},{"floor":41,"key":"REST"}],"neow_cost":"CURSE","seed_source_timestamp":0,"circlet_count":0,"master_deck":["Defend_G","Defend_G","Defend_G","Defend_G","Defend_G","Strike_G","Strike_G","Strike_G","Strike_G+1","Strike_G+1","Survivor","Neutralize+1","Writhe","Glass Knife+1","Backstab","Cloak And Dagger","Blade Dance","Calculated Gamble+1","Tools of the Trade+1","Escape Plan","After Image","Clumsy","Decay","Deflect+1","Blur","Dodge and Roll","Tactician","Noxious Fumes","After Image","Escape Plan","Reflex"],"special_seed":0,"relics":["Ring of the Serpent","Snake Skull","Bronze Scales","Blood Vial","Calling Bell","Pen Nib","Mummified Hand","Gambling Chip","Meat on the Bone","Nloth\u0027s Gift","Oddly Smooth Stone","Kunai","Old Coin","Dodecahedron"],"potions_floor_usage":[42],"damage_taken":[{"damage":1.0,"enemies":"Cultist","floor":1.0,"turns":3.0},{"damage":7.0,"enemies":"Jaw Worm","floor":2.0,"turns":2.0},{"damage":0.0,"enemies":"2 Louse","floor":3.0,"turns":3.0},{"damage":10.0,"enemies":"Large Slime","floor":4.0,"turns":8.0},{"damage":14.0,"enemies":"3 Sentries","floor":7.0,"turns":7.0},{"damage":33.0,"enemies":"Lagavulin","floor":10.0,"turns":6.0},{"damage":0.0,"enemies":"Gremlin Gang","floor":14.0,"turns":4.0},{"damage":16.0,"enemies":"Slime Boss","floor":16.0,"turns":9.0},{"damage":28.0,"enemies":"Chosen","floor":18.0,"turns":4.0},{"damage":6.0,"enemies":"3 Byrds","floor":19.0,"turns":5.0},{"damage":34.0,"enemies":"3 Cultists","floor":20.0,"turns":6.0},{"damage":3.0,"enemies":"Slaver and Parasite","floor":28.0,"turns":7.0},{"damage":0.0,"enemies":"Snake Plant","floor":31.0,"turns":4.0},{"damage":21.0,"enemies":"Automaton","floor":33.0,"turns":13.0},{"damage":0.0,"enemies":"Flame Bruiser 1 Orb","floor":35.0,"turns":9.0},{"damage":0.0,"floor":36.0,"turns":8.0},{"damage":0.0,"enemies":"3 Darklings","floor":37.0,"turns":2.0},{"damage":0.0,"enemies":"Spire Growth","floor":38.0,"turns":7.0},{"damage":45.0,"enemies":"Transient","floor":39.0,"turns":5.0},{"damage":45.0,"enemies":"2 Orb Walkers","floor":40.0,"turns":8.0},{"damage":48,"enemies":"Giant Head","floor":42,"turns":10}],"seed_played":"2334338567455834952","potions_obtained":[{"floor":2.0,"key":"SmokeBomb"},{"floor":3.0,"key":"Weak Potion"},{"floor":7.0,"key":"AttackPotion"},{"floor":14.0,"key":"EssenceOfSteel"},{"floor":19.0,"key":"LiquidBronze"},{"floor":38.0,"key":"Ancient Potion"},{"floor":40.0,"key":"PowerPotion"}],"is_trial":false,"path_per_floor":["M","M","M","M","?","R","E","R","T","E","R","?","?","M","R","B",null,"M","M","M","$","?","R","?","R","T","R","M","?","$","M","R","B",null,"M","?","M","M","M","E","R"],"character_chosen":"THE_SILENT","items_purchased":["Meat on the Bone","Kunai"],"campfire_rested":5,"item_purchase_floors":[21,30],"current_hp_per_floor":[62,55,55,45,68,68,54,54,54,21,42,45,29,31,55,41,70,44,40,8,8,8,32,32,32,32,32,43,43,43,45,69,50,73,75,77,79,80,47,16,40,0],"gold":528,"neow_bonus":"THREE_RARE_CARDS","is_prod":false,"is_daily":false,"chose_seed":false,"campfire_upgraded":4,"win_rate":0,"timestamp":1532102231,"path_taken":["M","M","M","M","?","R","E","R","T","E","R","?","?","M","R","BOSS","M","M","?","$","?","R","?","R","T","R","M","?","?","M","R","BOSS","M","?","M","M","M","E","R","E"],"build_version":"2018-07-19v2","purchased_purges":1,"victory":false,"max_hp_per_floor":[70,70,70,70,70,70,70,70,70,70,70,80,80,80,80,80,80,80,80,80,80,80,80,80,80,80,80,80,80,80,80,80,80,80,80,80,80,80,80,80,80,80],"card_choices":[{"not_picked":["Wraith Form v2","Corpse Explosion"],"picked":"Glass Knife","floor":0.0},{"not_picked":["Outmaneuver","Terror"],"picked":"Backstab","floor":1.0},{"not_picked":["Bane","Underhanded Strike"],"picked":"Cloak And Dagger","floor":2.0},{"not_picked":["Prepared","Dagger Spray","Outmaneuver"],"picked":"SKIP","floor":3.0},{"not_picked":["Flechettes","Dodge and Roll"],"picked":"Blade Dance","floor":4.0},{"not_picked":["Bane","Slice"],"picked":"Calculated Gamble","floor":7.0},{"not_picked":["Catalyst","Blur"],"picked":"Tools of the Trade","floor":10.0},{"not_picked":["Sucker Punch","Flying Knee"],"picked":"Escape Plan","floor":14.0},{"not_picked":["Die Die Die","Venomology"],"picked":"After Image","floor":16.0},{"not_picked":["Dagger Throw","Expertise"],"picked":"Deflect+1","floor":18.0},{"not_picked":["Poisoned Stab","Predator+1"],"picked":"Blur","floor":19.0},{"not_picked":["Expertise","Grand Finale"],"picked":"Dodge and Roll","floor":20.0},{"not_picked":["Dagger Throw+1","Quick Slash"],"picked":"Tactician","floor":28.0},{"not_picked":["Riddle With Holes","Acrobatics"],"picked":"Noxious Fumes","floor":31.0},{"not_picked":["Phantasmal Killer","Burst"],"picked":"After Image","floor":33.0},{"not_picked":["Quick Slash+1","Prepared"],"picked":"Escape Plan","floor":35.0},{"not_picked":["Bane+1","Malaise"],"picked":"Reflex","floor":38.0},{"not_picked":["Bane","Bullet Time","Slice+1"],"picked":"SKIP","floor":39.0},{"not_picked":["Glass Knife","Dagger Spray+1","Deadly Poison+1"],"picked":"SKIP","floor":40.0}],"player_experience":177711,"relics_obtained":[{"floor":7.0,"key":"Snake Skull"},{"floor":9.0,"key":"Bronze Scales"},{"floor":10.0,"key":"Blood Vial"},{"floor":17.0,"key":"Pen Nib"},{"floor":17.0,"key":"Mummified Hand"},{"floor":17.0,"key":"Gambling Chip"},{"floor":26.0,"key":"Oddly Smooth Stone"},{"floor":36.0,"key":"Old Coin"},{"floor":40.0,"key":"Dodecahedron"}],"event_choices":[{"event_name":"Big Fish","player_choice":"Banana","floor":5.0,"damage_taken":0.0},{"event_name":"Scrap Ooze","player_choice":"success","floor":12.0,"damage_taken":7.0},{"event_name":"Shining Light","player_choice":"Entered Light","floor":13.0,"damage_taken":0.0},{"event_name":"Ghosts","player_choice":"Ignored","floor":22.0,"damage_taken":0.0},{"event_name":"N\u0027loth","player_choice":"Traded a Pear","floor":24.0,"damage_taken":0.0},{"event_name":"Golden Shrine","player_choice":"Pray","floor":29.0,"damage_taken":0.0},{"event_name":"MindBloom","player_choice":"Fight","floor":36.0,"damage_taken":0.0}],"is_beta":false,"boss_relics":[{"not_picked":["Runic Dome","Tiny House"],"picked":"Calling Bell"},{"not_picked":["Black Star","Empty Cage"],"picked":"Ring of the Serpent"}],"items_purged_floors":[21],"is_endless":false,"potions_floor_spawned":[2,3,7,14,19,38,40],"killed_by":"Giant Head","ascension_level":6}