{"gold_per_floor":[12,12,12,36,50,50,65,65,65,85,65,65,65,86,86,86],"floor_reached":16,"playtime":671,"items_purged":[],"score":160,"play_id":"900ccf6c-59f2-4df8-acb9-f996309c4b86","local_time":"20180922102311","is_ascension_mode":true,"campfire_choices":[{"floor":6,"key":"REST"},{"floor":12,"key":"REST"},{"floor":15,"key":"REST"}],"neow_cost":"NO_GOLD","seed_source_timestamp":596231569514164,"circlet_count":0,"master_deck":["Strike_B","Strike_B","Strike_B","Strike_B","Defend_B","Defend_B","Defend_B","Defend_B","Zap+1","Dualcast","AscendersBane","White Noise","Cold Snap","Glacier","Consume"],"relics":["Cracked Core","Ice Cream","Golden Idol","Frozen Egg 2"],"potions_floor_usage":[7,14],"damage_taken":[{"damage":8,"enemies":"Small Slimes","floor":1,"turns":3},{"damage":2,"enemies":"Jaw Worm","floor":4,"turns":3},{"damage":1,"enemies":"Cultist","floor":5,"turns":4},{"damage":48,"enemies":"Lots of Slimes","floor":7,"turns":7},{"damage":8,"enemies":"2 Fungi Beasts","floor":10,"turns":3},{"damage":11,"enemies":"Exordium Thugs","floor":11,"turns":5},{"damage":8,"enemies":"3 Louse","floor":14,"turns":3},{"damage":39,"enemies":"Hexaghost","floor":16,"turns":12}],"seed_played":"-3352416425872977115","potions_obtained":[{"floor":4,"key":"Swift Potion"},{"floor":7,"key":"LiquidBronze"}],"is_trial":false,"path_per_floor":["M","?","$","M","M","R","M","?","T","M","M","R","$","M","R"],"character_chosen":"DEFECT","items_purchased":[],"campfire_rested":3,"item_purchase_floors":[],"current_hp_per_floor":[56,39,39,37,43,64,16,16,16,15,4,25,25,17,38,0],"gold":86,"neow_bonus":"ONE_RARE_RELIC","is_prod":false,"is_daily":false,"chose_seed":false,"campfire_upgraded":0,"win_rate":0,"timestamp":1537604591,"path_taken":["M","?","$","?","M","R","M","?","T","?","?","R","$","?","R","BOSS"],"build_version":"2018-09-20","purchased_purges":0,"victory":false,"max_hp_per_floor":[71,71,71,71,71,71,71,71,71,71,71,71,71,71,71,71],"card_choices":[{"not_picked":["Streamline","Steam"],"picked":"White Noise","floor":1},{"not_picked":["Coolheaded","Go for the Eyes","Leap"],"picked":"SKIP","floor":4},{"not_picked":["Aggregate","Go for the Eyes","Rebound"],"picked":"SKIP","floor":5},{"not_picked":["Stack","Seek"],"picked":"Cold Snap","floor":7},{"not_picked":["Cold Snap","Beam Cell"],"picked":"Glacier","floor":10},{"not_picked":["Darkness","Beam Cell","Sunder"],"picked":"SKIP","floor":11},{"not_picked":["FTL","Leap"],"picked":"Consume","floor":14}],"player_experience":531039,"relics_obtained":[{"floor":9,"key":"Frozen Egg 2"}],"event_choices":[{"event_name":"Golden Idol","player_choice":"Take Damage","floor":2,"damage_taken":0},{"event_name":"Accursed Blacksmith","player_choice":"Forge","floor":8,"damage_taken":0}],"is_beta":false,"boss_relics":[],"items_purged_floors":[],"is_endless":false,"potions_floor_spawned":[4,7],"killed_by":"Hexaghost","ascension_level":14}