{"path_per_floor":["M","M","M","M","M","R","M","E","T","M","R","M","M","?","R","B",null,"M","M","M","?","M","R","E","M","T","R","M","M","M","E","R","B",null,"M","M","$","?","$","E","M","M","T","R","M","R","M","M","R","B"],"character_chosen":"THE_SILENT","items_purchased":["Panache","Kunai","Block Potion"],"gold_per_floor":[117,136,149,119,136,136,146,179,205,216,216,236,250,250,250,345,345,362,336,347,272,284,284,313,329,397,397,410,427,437,470,470,566,566,584,595,83,83,34,66,79,94,121,121,134,134,150,162,162,162],"floor_reached":51,"campfire_rested":5,"playtime":7336,"current_hp_per_floor":[70,70,70,70,62,62,61,51,51,43,43,41,41,41,62,29,70,70,64,26,26,30,51,51,42,42,42,44,42,41,39,60,24,80,79,80,80,70,70,58,65,43,43,43,49,73,76,64,80,31],"items_purged":["Strike_G"],"gold":162,"score":607,"play_id":"7d0c1aaf-cb4f-4211-8aed-e7e21f9867f8","is_prod":false,"is_daily":false,"is_ascension_mode":false,"campfire_upgraded":4,"path_taken":["M","M","M","M","M","R","M","E","T","M","R","M","M","?","R","BOSS","M","M","M","?","M","R","E","M","T","R","?","M","M","E","R","BOSS","M","M","$","?","$","E","M","M","T","R","M","R","M","M","R","BOSS"],"build_version":"2018-02-22-PROD1","purchased_purges":1,"victory":true,"master_deck":["Defend_G","Defend_G","Defend_G","Defend_G","Defend_G","Strike_G","Strike_G","Strike_G","Survivor","Neutralize+1","Escape Plan","Escape Plan","Dash+1","Infinite Blades","Flying Knee","Infinite Blades","Expertise","Backflip+1","Quick Slash+1","Acrobatics","Well Laid Plans","Die Die Die","Backstab","Calculated Gamble+1","Escape Plan","Backflip+1","All Out Attack","Noxious Fumes+1","Escape Plan","Leg Sweep","PiercingWail+1","Dash","Sucker Punch+1","Malaise","Bullet Time","Pain","Distraction+1","Panache+1","Madness","Madness","Deflect+1","Outmaneuver+1","Slice+1","Heel Hook+1","Deflect+1","Backflip+1","PiercingWail+1"],"max_hp_per_floor":[70,70,70,70,70,70,70,70,70,70,70,70,70,70,70,70,70,70,70,70,70,70,70,70,70,70,70,70,70,70,70,70,70,80,80,80,80,80,80,80,80,80,80,80,80,80,80,80,80,80],"relics":["Ring of the Snake","Dream Catcher","Bag of Marbles","Black Star","Thread and Needle","Bird Faced Urn","Bottled Lightning","Omamori","Bronze Scales","Calling Bell","Anchor","Pear","Du-Vu Doll","Kunai","Vajra","Bag of Preparation","Pen Nib"],"card_choices":[{"not_picked":["Terror","Prepared"],"picked":"Escape Plan"},{"not_picked":["Prepared","PiercingWail"],"picked":"Escape Plan"},{"not_picked":["Quick Slash","Endless Agony"],"picked":"Dash"},{"not_picked":["Outmaneuver","Leg Sweep"],"picked":"Infinite Blades"},{"not_picked":["Poisoned Stab","Terror"],"picked":"Flying Knee"},{"not_picked":["Dodge and Roll","Bouncing Flask"],"picked":"Infinite Blades"},{"not_picked":["PiercingWail","Escape Plan"],"picked":"Expertise"},{"not_picked":["Malaise","Quick Slash"],"picked":"Backflip"},{"not_picked":["All Out Attack","Acrobatics"],"picked":"Quick Slash"},{"not_picked":["Crippling Poison","Sucker Punch"],"picked":"Acrobatics"},{"not_picked":["Envenom","Quick Slash"],"picked":"Well Laid Plans"},{"not_picked":["Wraith Form","Phantasmal Killer"],"picked":"Die Die Die"},{"not_picked":["Deadly Poison","Dagger Spray"],"picked":"Backstab"},{"not_picked":["PiercingWail","Slice"],"picked":"Calculated Gamble"},{"not_picked":["Quick Slash","Deadly Poison"],"picked":"Escape Plan"},{"not_picked":["Acrobatics","Poisoned Stab"],"picked":"Backflip"},{"not_picked":["Acrobatics","Well Laid Plans"],"picked":"All Out Attack"},{"not_picked":["Eviscerate","Quick Slash"],"picked":"Noxious Fumes"},{"not_picked":["Deadly Poison","Distraction"],"picked":"Escape Plan"},{"not_picked":["PiercingWail","Acrobatics"],"picked":"Leg Sweep"},{"not_picked":["Deadly Poison","Dash"],"picked":"PiercingWail"},{"not_picked":["Unload","Quick Slash"],"picked":"Dash"},{"not_picked":["Catalyst","PiercingWail"],"picked":"Sucker Punch"},{"not_picked":["Underhanded Strike","Bouncing Flask"],"picked":"Malaise"},{"not_picked":["Night Terror","Glass Knife"],"picked":"Bullet Time"},{"not_picked":["Dagger Spray","Envenom"],"picked":"Distraction"},{"not_picked":["Dodge and Roll","Underhanded Strike"],"picked":"Deflect"},{"not_picked":["Well Laid Plans","Deadly Poison"],"picked":"Outmaneuver"},{"not_picked":["Malaise","Outmaneuver"],"picked":"Slice"},{"not_picked":["Dash","Wraith Form"],"picked":"Heel Hook"},{"not_picked":["Poisoned Stab","Masterful Stab"],"picked":"Deflect"},{"not_picked":["Bane","Quick Slash"],"picked":"Backflip"},{"not_picked":["Endless Agony","Flying Knee"],"picked":"PiercingWail"}],"player_experience":44075,"potions_floor_usage":[24,24,24,29,33,33,40,50,50,50],"damage_taken":[{"damage":0.0,"enemies":"Small Slimes","floor":1.0,"turns":3.0},{"damage":0.0,"enemies":"Cultist","floor":2.0,"turns":3.0},{"damage":0.0,"enemies":"2 Louse","floor":3.0,"turns":4.0},{"damage":0.0,"enemies":"Looter","floor":4.0,"turns":4.0},{"damage":8.0,"enemies":"2 Fungi Beasts","floor":5.0,"turns":4.0},{"damage":1.0,"enemies":"Large Slime","floor":7.0,"turns":5.0},{"damage":10.0,"enemies":"Lagavulin","floor":8.0,"turns":7.0},{"damage":8.0,"enemies":"Gremlin Gang","floor":10.0,"turns":5.0},{"damage":2.0,"enemies":"Looter","floor":12.0,"turns":3.0},{"damage":0.0,"enemies":"Large Slime","floor":13.0,"turns":4.0},{"damage":33.0,"enemies":"The Guardian","floor":16.0,"turns":11.0},{"damage":15.0,"enemies":"3 Byrds","floor":18.0,"turns":9.0},{"damage":6.0,"enemies":"2 Thieves","floor":19.0,"turns":5.0},{"damage":38.0,"enemies":"Cultist and Chosen","floor":20.0,"turns":8.0},{"damage":11.0,"enemies":"3 Cultists","floor":22.0,"turns":6.0},{"damage":0,"enemies":"Slavers","floor":24,"turns":3},{"damage":17,"enemies":"Chosen and Byrds","floor":25,"turns":7},{"damage":0,"enemies":"Snake Plant","floor":28,"turns":4},{"damage":10,"enemies":"Cultist and Chosen","floor":29,"turns":6},{"damage":7,"enemies":"Snecko","floor":30,"turns":6},{"damage":8,"enemies":"Book of Stabbing","floor":31,"turns":6},{"damage":44,"enemies":"Collector","floor":33,"turns":12},{"damage":3,"enemies":"3 Darklings","floor":35,"turns":4},{"damage":2,"enemies":"Orb Walker","floor":36,"turns":4},{"damage":18,"enemies":"2 Orb Walkers","floor":40,"turns":3},{"damage":1,"enemies":"Maw","floor":41,"turns":7},{"damage":32,"enemies":"Sphere and 2 Shapes","floor":42,"turns":6},{"damage":0,"enemies":"3 Darklings","floor":45,"turns":3},{"damage":3,"enemies":"4 Shapes","floor":47,"turns":5},{"damage":16,"enemies":"Sphere and 2 Shapes","floor":48,"turns":5},{"damage":54,"enemies":"Time Eater","floor":50,"turns":13}],"event_choices":[{"event_name":"Accursed Blacksmith","player_choice":"Forge","floor":14.0,"damage_taken":0.0},{"event_name":"Beggar","player_choice":"Gave Gold","floor":21.0,"damage_taken":0.0},{"event_name":"Winding Halls","player_choice":"Embrace Madness","floor":38,"damage_taken":0}],"boss_relics":[{"not_picked":["Astrolabe","Runic Dome"],"picked":"Calling Bell"}],"potions_floor_spawned":[1,3,7,12,16,18,20,22,25,30,31,35,40,42,47,48],"seed_played":"-4616541158215200789","ascension_level":0,"is_trial":false}