{"path_per_floor":["M","M","?","M","?","R","E","R","T","E","M","R","E","M","R","B",null,"M","?","?","$","M","E","R","M","T","M","M","M","$","M","R","B",null,"M","M","M","$","M","E","$","R","T","R","?","R","$","M","R","B"],"character_chosen":"IRONCLAD","items_purchased":["Shuriken","Ornamental Fan","Flash of Steel"],"gold_per_floor":[119,137,137,153,153,153,179,179,179,206,224,224,259,275,275,377,377,394,484,584,14,27,59,59,75,75,94,106,117,17,35,35,131,161,177,191,203,78,94,124,32,32,32,32,32,32,32,49,49,49],"floor_reached":51,"campfire_rested":0,"playtime":3275,"current_hp_per_floor":[80,78,62,66,66,66,69,69,69,57,59,59,53,59,59,49,80,80,64,64,64,70,66,66,72,72,78,80,80,80,80,80,69,85,85,80,85,85,78,80,80,80,80,80,70,70,70,63,63,47],"items_purged":["Defend_R","Defend_R","Defend_R"],"gold":49,"play_id":"e572d294-7439-462b-9aa2-24f81df3c2a9","is_prod":false,"is_daily":false,"campfire_rituals":0,"campfire_upgraded":10,"is_hardmode":false,"path_taken":["M","M","?","M","?","R","E","R","T","E","M","R","E","M","R","BOSS","M","?","?","?","M","E","R","M","T","?","M","?","$","M","R","BOSS","M","?","M","$","M","E","$","R","T","R","?","R","?","M","R","BOSS"],"build_version":"2018-01-18-PROD4","purchased_purges":3,"victory":true,"master_deck":["Strike_R","Strike_R","Strike_R","Strike_R","Strike_R","Bash","Pommel Strike","Whirlwind","Dropkick","Thunderclap","Dropkick","Flex","Flex","Perfected Strike","Dual Wield","Wild Strike","Flex","Offering","Warcry","Warcry","Perfected Strike","Battle Trance","Whirlwind","Flash of Steel","Madness","Madness","Pommel Strike"],"max_hp_per_floor":[80,80,80,80,80,80,80,80,80,80,80,80,80,80,80,80,80,80,80,80,80,80,80,80,80,80,80,80,80,80,80,80,80,85,85,85,85,85,85,85,85,85,85,85,85,85,85,85,85,85],"relics":["Burning Blood","Bag of Marbles","Happy Flower","Bird Faced Urn","Oddly Smooth Stone","Meat on the Bone","Cursed Key","Shuriken","Ornamental Fan","Dream Catcher","Tiny House","Girya"],"campfire_meditates":0,"card_choices":[{"not_picked":["Searing Blow","Sever Soul"],"picked":"Pommel Strike"},{"not_picked":["Havoc","Power Through"],"picked":"Whirlwind"},{"not_picked":["Clash","Burning Pact"],"picked":"Dropkick"},{"not_picked":["Infernal Blade","Burning Pact"],"picked":"Thunderclap"},{"not_picked":["Brutality","Havoc"],"picked":"Dropkick"},{"not_picked":["Headbutt","Corruption"],"picked":"Flex"},{"not_picked":["Wild Strike","Combust"],"picked":"Flex"},{"not_picked":["Wild Strike","Body Slam"],"picked":"Perfected Strike"},{"not_picked":["Iron Wave","Sever Soul"],"picked":"Dual Wield"},{"not_picked":["Sword Boomerang","Fire Breathing"],"picked":"Wild Strike"},{"not_picked":["Bloodletting","Reckless Charge"],"picked":"Flex"},{"not_picked":["Bludgeon","Brutality"],"picked":"Offering"},{"not_picked":["Havoc","Power Through"],"picked":"Warcry"},{"not_picked":["Body Slam","Fiend Fire"],"picked":"Warcry"},{"not_picked":["Iron Wave","Twin Strike"],"picked":"Perfected Strike"},{"not_picked":["Corruption","Flex"],"picked":"Battle Trance"},{"not_picked":["Armaments","Shrug It Off"],"picked":"Whirlwind"},{"not_picked":["Rampage","Thunderclap"],"picked":"Pommel Strike"}],"player_experience":99158,"potions_floor_usage":[50],"damage_taken":[{"damage":0.0,"enemies":"2 Louse","floor":1.0,"turns":2.0},{"damage":8.0,"enemies":"Jaw Worm","floor":2.0,"turns":3.0},{"damage":2.0,"enemies":"Blue Slaver","floor":4.0,"turns":3.0},{"damage":3.0,"enemies":"Gremlin Nob","floor":7.0,"turns":3.0},{"damage":18.0,"enemies":"3 Sentries","floor":10.0,"turns":3.0},{"damage":4.0,"enemies":"Looter","floor":11.0,"turns":2.0},{"damage":12.0,"enemies":"Lagavulin","floor":13.0,"turns":3.0},{"damage":0.0,"enemies":"Exordium Wildlife","floor":14.0,"turns":2.0},{"damage":16.0,"enemies":"The Guardian","floor":16.0,"turns":6.0},{"damage":0.0,"enemies":"3 Byrds","floor":18.0,"turns":2.0},{"damage":0.0,"enemies":"Spheric Guardian","floor":22.0,"turns":2.0},{"damage":10.0,"enemies":"Gremlin Leader","floor":23.0,"turns":2.0},{"damage":0.0,"enemies":"Snake Plant","floor":25.0,"turns":1.0},{"damage":0.0,"enemies":"Centurion and Healer","floor":27.0,"turns":2.0},{"damage":0.0,"enemies":"Chosen and Byrds","floor":28.0,"turns":2.0},{"damage":0.0,"enemies":"Snake Plant","floor":29.0,"turns":2.0},{"damage":0.0,"enemies":"3 Cultists","floor":31.0,"turns":2.0},{"damage":17.0,"enemies":"Champ","floor":33.0,"turns":5.0},{"damage":4.0,"enemies":"3 Darklings","floor":35.0,"turns":1.0},{"damage":11.0,"enemies":"3 Shapes","floor":36.0,"turns":1.0},{"damage":0.0,"enemies":"3 Darklings","floor":37.0,"turns":1.0},{"damage":13.0,"enemies":"Maw","floor":39.0,"turns":3.0},{"damage":4.0,"enemies":"Nemesis","floor":40.0,"turns":1.0},{"damage":13.0,"enemies":"Sphere and 2 Shapes","floor":48.0,"turns":2.0},{"damage":34,"enemies":"Donu and Deca","floor":50,"turns":4}],"event_choices":[{"event_name":"Shining Light","player_choice":"Entered Light","floor":3.0,"damage_taken":0.0},{"event_name":"Living Wall","player_choice":"Forget","floor":5.0,"damage_taken":0.0},{"event_name":"Knowing Skull","player_choice":"GOLD ","floor":19.0,"damage_taken":0.0},{"event_name":"Golden Shrine","player_choice":"Pray","floor":20.0,"damage_taken":0.0},{"event_name":"Winding Halls","player_choice":"Embrace Madness","floor":45.0,"damage_taken":0.0}],"boss_relics":[],"potions_floor_spawned":[4,7,10,11,13,16,22,25,27,28,35,36,40],"seed_played":"-6825734258720426235","is_trial":false}