{"path_per_floor":["M","M","?","?","M","E","M","R","T","R","E","$","M","E","R"],"character_chosen":"IRONCLAD","items_purchased":["Flame Barrier","Impervious"],"gold_per_floor":[118,135,135,210,220,254,272,272,325,325,359,129,141,172,172,172],"floor_reached":16,"campfire_rested":2,"playtime":866,"current_hp_per_floor":[68,42,42,31,37,35,22,22,22,44,17,17,19,22,45,0],"items_purged":["Writhe"],"gold":172,"score":210,"play_id":"038099d8-d65b-42d6-94dd-10705c3cb30c","local_time":"20180420120545","is_prod":false,"is_daily":false,"chose_seed":false,"is_ascension_mode":true,"campfire_upgraded":1,"timestamp":1524218745,"path_taken":["M","M","?","?","M","E","?","R","T","R","E","$","M","E","R","BOSS"],"build_version":"2018-04-19","seed_source_timestamp":43727857280212,"purchased_purges":1,"victory":false,"master_deck":["Strike_R","Strike_R","Strike_R","Strike_R","Strike_R","Defend_R","Defend_R","Defend_R","Defend_R","Bash+1","AscendersBane","Cleave","Bash","Seeing Red","Hemokinesis","Intimidate","Flame Barrier","Impervious","Warcry","Intimidate"],"max_hp_per_floor":[75,75,75,75,75,75,75,75,75,75,75,75,75,78,78,78],"relics":["Burning Blood","Dead Branch","Art of War","Tiny Chest","Bronze Scales","Oddly Smooth Stone"],"card_choices":[{"not_picked":["Clash","Pommel Strike"],"picked":"Cleave","floor":2},{"not_picked":["Armaments","Entrench"],"picked":"Seeing Red","floor":6},{"not_picked":["Seeing Red","Warcry"],"picked":"Hemokinesis","floor":7},{"not_picked":["Dual Wield","Havoc"],"picked":"Intimidate","floor":11},{"not_picked":["Havoc","Sentinel"],"picked":"Warcry","floor":13},{"not_picked":["Clash","Havoc"],"picked":"Intimidate","floor":14}],"player_experience":323475,"potions_floor_usage":[14,16,16],"damage_taken":[{"damage":6,"enemies":"Jaw Worm","floor":1,"turns":4},{"damage":32,"enemies":"Cultist","floor":2,"turns":7},{"damage":0,"enemies":"Small Slimes","floor":5,"turns":3},{"damage":8,"enemies":"Gremlin Nob","floor":6,"turns":3},{"damage":19,"enemies":"Blue Slaver","floor":7,"turns":4},{"damage":33,"enemies":"Lagavulin","floor":11,"turns":5},{"damage":4,"enemies":"Large Slime","floor":13,"turns":4},{"damage":6,"enemies":"3 Sentries","floor":14,"turns":6},{"damage":49,"enemies":"Hexaghost","floor":16,"turns":9}],"event_choices":[{"event_name":"Match and Keep!","player_choice":"1 cards matched","floor":3,"damage_taken":0},{"event_name":"World of Goop","player_choice":"Gather Gold","floor":4,"damage_taken":0}],"boss_relics":[],"potions_floor_spawned":[6,7,11,13],"seed_played":"-7146304449448892296","killed_by":"Hexaghost","ascension_level":15,"is_trial":false}