{"gold_per_floor":[111,111,125,138,151,151,76,76,76,93,110,128,128,147,147,252,252,270,270,285,295,295,295,295,295,348,360,392,403,403],"floor_reached":30,"playtime":1216,"items_purged":["Pain"],"score":345,"play_id":"5b740c5d-5bc6-4790-b0de-fcb1faee3888","local_time":"20180915051916","is_ascension_mode":true,"campfire_choices":[{"data":"Defragment","floor":6,"key":"SMITH"},{"data":"Dualcast","floor":8,"key":"SMITH"},{"data":"Self Repair","floor":15,"key":"SMITH"},{"floor":23,"key":"REST"},{"floor":25,"key":"REST"}],"neow_cost":"NONE","seed_source_timestamp":52983957773737,"circlet_count":0,"master_deck":["Strike_B","Strike_B","Strike_B","Strike_B","Defend_B","Defend_B","Defend_B","Defend_B","Zap+1","Dualcast+1","Sunder","Conserve Battery","Defragment+1","Cold Snap","Self Repair+1","Heatsinks","Amplify","BootSequence+1","Sweeping Beam+1","Doubt","Go for the Eyes+1","Double Energy","Ball Lightning+1"],"relics":["Cracked Core","WarpedTongs","Molten Egg 2","Cursed Key","Tiny Chest","The Courier"],"potions_floor_usage":[12,16,27,27,28,29],"damage_taken":[{"damage":4,"enemies":"Small Slimes","floor":1,"turns":3},{"damage":3,"enemies":"Cultist","floor":3,"turns":2},{"damage":0,"enemies":"2 Louse","floor":4,"turns":2},{"damage":2,"enemies":"Large Slime","floor":5,"turns":5},{"damage":0,"enemies":"3 Louse","floor":10,"turns":2},{"damage":7,"enemies":"Looter","floor":11,"turns":3},{"damage":2,"enemies":"Exordium Wildlife","floor":12,"turns":3},{"damage":17,"enemies":"Exordium Thugs","floor":14,"turns":3},{"damage":16,"enemies":"Slime Boss","floor":16,"turns":9},{"damage":0,"enemies":"Chosen","floor":18,"turns":4},{"damage":28,"enemies":"Shell Parasite","floor":20,"turns":5},{"damage":34,"enemies":"Snake Plant","floor":21,"turns":4},{"damage":18,"enemies":"Chosen and Byrds","floor":27,"turns":6},{"damage":49,"enemies":"Book of Stabbing","floor":28,"turns":8},{"damage":21,"enemies":"3 Cultists","floor":29,"turns":5},{"damage":39,"enemies":"Gremlin Leader","floor":30,"turns":5}],"seed_played":"1863814788664748359","potions_obtained":[{"floor":4,"key":"Ancient Potion"},{"floor":11,"key":"Fruit Juice"},{"floor":16,"key":"SneckoOil"},{"floor":20,"key":"Explosive Potion"},{"floor":22,"key":"Dexterity Potion"},{"floor":28,"key":"GamblersBrew"}],"is_trial":false,"path_per_floor":["M","?","M","M","M","R","$","R","T","M","M","M","?","M","R","B",null,"M","?","M","M","?","R","?","R","T","M","E","M"],"character_chosen":"DEFECT","items_purchased":[],"campfire_rested":2,"item_purchase_floors":[],"current_hp_per_floor":[71,71,68,68,66,66,66,66,66,66,59,62,62,52,52,46,77,87,87,69,45,45,71,54,81,81,83,44,33,0],"gold":403,"neow_bonus":"TEN_PERCENT_HP_BONUS","is_prod":false,"is_daily":false,"chose_seed":false,"campfire_upgraded":3,"win_rate":0,"timestamp":1536981556,"path_taken":["M","?","M","M","M","R","$","R","T","M","M","M","?","M","R","BOSS","M","?","M","M","?","R","?","R","T","M","E","M","E"],"build_version":"2018-09-06","purchased_purges":1,"victory":false,"max_hp_per_floor":[82,82,82,82,82,82,82,82,82,82,82,87,87,87,87,87,87,87,87,87,87,87,87,92,92,92,92,92,92,92],"card_choices":[{"not_picked":["Leap","Steam"],"picked":"Sunder","floor":1},{"not_picked":["Genetic Algorithm","Recycle"],"picked":"Conserve Battery","floor":3},{"not_picked":["Barrage","Gash"],"picked":"Defragment","floor":4},{"not_picked":["Leap","Streamline"],"picked":"Cold Snap","floor":5},{"not_picked":["Hologram","Barrage+1","Reprogram"],"picked":"SKIP","floor":10},{"not_picked":["Hello World","Sweeping Beam+1"],"picked":"Self Repair","floor":11},{"not_picked":["Steam","Streamline+1"],"picked":"Heatsinks","floor":12},{"not_picked":["Compile Driver+1","Leap","Scrape+1"],"picked":"SKIP","floor":14},{"not_picked":["Core Surge+1","Fission"],"picked":"Amplify","floor":16},{"not_picked":["Steam","Barrage+1","Scrape+1"],"picked":"SKIP","floor":18},{"not_picked":["Genetic Algorithm","Hologram"],"picked":"BootSequence+1","floor":20},{"not_picked":["Leap+1","Hologram"],"picked":"Sweeping Beam+1","floor":21},{"not_picked":["Streamline+1","Skim"],"picked":"Go for the Eyes+1","floor":27},{"not_picked":["Hologram","Stack"],"picked":"Double Energy","floor":28},{"not_picked":["Recycle","Hologram"],"picked":"Ball Lightning+1","floor":29}],"player_experience":177102,"relics_obtained":[{"floor":9,"key":"Molten Egg 2"},{"floor":26,"key":"Tiny Chest"},{"floor":28,"key":"The Courier"}],"event_choices":[{"event_name":"Accursed Blacksmith","player_choice":"Rummage","floor":2,"damage_taken":0},{"event_name":"Living Wall","player_choice":"Grow","floor":13,"damage_taken":0},{"event_name":"Vampires","player_choice":"Ignored","floor":19,"damage_taken":0},{"event_name":"The Lab","player_choice":"Got Potions","floor":22,"damage_taken":0},{"event_name":"Forgotten Altar","player_choice":"Shed Blood","floor":24,"damage_taken":0}],"is_beta":false,"boss_relics":[{"not_picked":["Nuclear Battery","Tiny House"],"picked":"Cursed Key"}],"items_purged_floors":[7],"is_endless":false,"potions_floor_spawned":[4,11,16,20,28],"killed_by":"Gremlin Leader","ascension_level":6}