{"gold_per_floor":[361,376,87,87,102,102,118,129,129,129,141,3,38,50,50,154,154,164,180,180,95,123,135,180,291,303,331,370,382,414,442,454,567,579,607,76,96,110,0,0,14,46,46,57,57,69,69,69,69,69],"floor_reached":50,"playtime":4405,"items_purged":["Injury","Strike_B","Normality"],"score":847,"play_id":"356ed711-f17b-45b4-a88a-c0e69ece5cfa","local_time":"20180919195717","is_ascension_mode":true,"campfire_choices":[{"data":"Apotheosis","floor":6,"key":"SMITH"},{"data":"Dualcast","floor":10,"key":"SMITH"},{"data":"Barrage","floor":15,"key":"SMITH"},{"data":"Auto Shields","floor":23,"key":"SMITH"},{"data":"White Noise","floor":29,"key":"SMITH"},{"floor":32,"key":"REST"},{"floor":40,"key":"REST"},{"floor":45,"key":"REST"},{"floor":49,"key":"REST"}],"neow_cost":"CURSE","seed_source_timestamp":367741057495524,"circlet_count":0,"master_deck":["Zap","Dualcast+1","AscendersBane","Leap","Apotheosis+1","Self Repair","Auto Shields+1","Static Discharge+1","Cold Snap","Barrage+1","Electrodynamics+1","Reinforced Body+1","Static Discharge+1","Cold Snap+1","White Noise+1","Decay","Defragment+1","Creative AI+1","Tempest","Chill","Rebound","Barrage","Beam Cell","Leap","Reinforced Body","Loop+1","Capacitor+1","Glacier+1","Skim+1","Reinforced Body","Doubt","Defragment+1"],"relics":["Cracked Core","Frozen Egg 2","Mercury Hourglass","Cursed Key","FaceOfCleric","MawBank","Mummified Hand","Pear","Whetstone","Pandora\u0027s Box","Ginger","Red Mask","Pantograph","Cables"],"potions_floor_usage":[13,13,24,33,33,38,42,42,44],"damage_taken":[{"damage":1,"enemies":"Cultist","floor":1,"turns":4},{"damage":0,"enemies":"Small Slimes","floor":2,"turns":3},{"damage":12,"enemies":"2 Louse","floor":5,"turns":3},{"damage":0,"enemies":"2 Fungi Beasts","floor":7,"turns":3},{"damage":8,"enemies":"Blue Slaver","floor":8,"turns":4},{"damage":1,"enemies":"Looter","floor":11,"turns":3},{"damage":34,"enemies":"Gremlin Nob","floor":13,"turns":4},{"damage":3,"enemies":"Exordium Wildlife","floor":14,"turns":4},{"damage":23,"enemies":"Slime Boss","floor":16,"turns":8},{"damage":3,"enemies":"Spheric Guardian","floor":18,"turns":3},{"damage":15,"enemies":"3 Byrds","floor":19,"turns":4},{"damage":12,"enemies":"Cultist and Chosen","floor":22,"turns":5},{"damage":17,"enemies":"Gremlin Leader","floor":24,"turns":6},{"damage":0,"enemies":"Snake Plant","floor":27,"turns":4},{"damage":15,"enemies":"Sentry and Sphere","floor":30,"turns":5},{"damage":5,"enemies":"Snecko","floor":31,"turns":4},{"damage":52,"enemies":"Automaton","floor":33,"turns":8},{"damage":9,"enemies":"3 Darklings","floor":35,"turns":5},{"damage":0,"enemies":"3 Shapes","floor":37,"turns":4},{"damage":9,"enemies":"Sphere and 2 Shapes","floor":38,"turns":3},{"damage":18,"enemies":"4 Shapes","floor":41,"turns":2},{"damage":15,"enemies":"2 Orb Walkers","floor":42,"turns":4},{"damage":25,"enemies":"Spire Growth","floor":44,"turns":4},{"damage":16,"enemies":"Transient","floor":46,"turns":5},{"damage":109,"enemies":"Awakened One","floor":50,"turns":6}],"seed_played":"6153191572892239120","potions_obtained":[{"floor":5,"key":"PowerPotion"},{"floor":8,"key":"Regen Potion"},{"floor":19,"key":"Weak Potion"},{"floor":27,"key":"Strength Potion"},{"floor":31,"key":"Dexterity Potion"},{"floor":33,"key":"Weak Potion"},{"floor":38,"key":"AttackPotion"},{"floor":42,"key":"FearPotion"},{"floor":46,"key":"SteroidPotion"}],"is_trial":false,"path_per_floor":["M","M","$","?","M","R","M","M","T","R","M","$","E","M","R","B",null,"M","M","?","?","M","R","E","?","T","M","T","R","M","M","R","B",null,"M","$","M","M","?","R","M","E","T","M","R","M","?","?","R"],"character_chosen":"DEFECT","items_purchased":["Apotheosis","Self Repair","Static Discharge+1","Capacitor+1","Ginger","PowerPotion"],"campfire_rested":4,"item_purchase_floors":[3,3,12,36,36,36],"current_hp_per_floor":[67,67,67,72,67,67,77,79,79,79,80,80,58,65,65,49,72,79,71,71,71,70,70,64,64,74,85,85,85,78,74,95,51,85,87,87,88,80,80,99,89,82,82,58,88,87,87,87,98,0],"gold":69,"neow_bonus":"TWO_FIFTY_GOLD","is_prod":false,"is_daily":false,"chose_seed":false,"campfire_upgraded":5,"win_rate":0,"timestamp":1537379837,"path_taken":["M","M","?","?","?","R","M","M","T","R","M","$","E","M","R","BOSS","M","M","?","?","M","R","E","?","T","M","?","R","?","M","R","BOSS","M","$","M","M","?","R","M","E","T","M","R","M","?","?","R","BOSS"],"build_version":"2018-09-06","purchased_purges":3,"victory":false,"max_hp_per_floor":[75,75,75,80,80,80,80,80,80,80,80,80,80,80,80,80,80,80,80,80,80,81,81,82,82,92,93,93,93,94,95,95,96,96,97,97,98,99,99,99,100,101,101,102,102,103,98,98,98,98],"card_choices":[{"not_picked":["Blizzard","Stack","Hologram"],"picked":"SKIP","floor":1},{"not_picked":["Coolheaded","Steam"],"picked":"Leap","floor":2},{"not_picked":["Barrage","Rip and Tear"],"picked":"Auto Shields","floor":5},{"not_picked":["Hologram","Coolheaded","Scrape"],"picked":"SKIP","floor":7},{"not_picked":["Biased Cognition","Leap","Compile Driver"],"picked":"SKIP","floor":8},{"not_picked":["Turbo","Coolheaded","Beam Cell"],"picked":"SKIP","floor":11},{"not_picked":["Fusion","Chaos"],"picked":"Cold Snap","floor":13},{"not_picked":["Ball Lightning","Turbo"],"picked":"Barrage","floor":14},{"not_picked":["Hyperbeam","Biased Cognition+1"],"picked":"Electrodynamics+1","floor":16},{"not_picked":["Compile Driver+1","Conserve Battery"],"picked":"Reinforced Body+1","floor":18},{"not_picked":["Rebound","Sweeping Beam"],"picked":"Static Discharge+1","floor":19},{"not_picked":["Compile Driver","Leap"],"picked":"Cold Snap+1","floor":22},{"not_picked":["Stack","Conserve Battery"],"picked":"White Noise","floor":24},{"not_picked":["Rebound","Beam Cell"],"picked":"Defragment+1","floor":27},{"not_picked":["Steam","Coolheaded","Self Repair+1"],"picked":"SKIP","floor":30},{"not_picked":["Streamline","Rebound","Compile Driver"],"picked":"SKIP","floor":31},{"not_picked":["Hyperbeam","Multi-Cast"],"picked":"Creative AI+1","floor":33},{"not_picked":["Streamline","Go for the Eyes"],"picked":"Loop+1","floor":35},{"not_picked":["Gash","Streamline"],"picked":"Glacier+1","floor":37},{"not_picked":["Rebound+1","Chill"],"picked":"Skim+1","floor":38},{"not_picked":["Gash","Conserve Battery"],"picked":"Reinforced Body","floor":41},{"not_picked":["Darkness","Blizzard","Chaos"],"picked":"SKIP","floor":42},{"not_picked":["Leap","Go for the Eyes","BootSequence"],"picked":"SKIP","floor":44},{"not_picked":["Rebound","Ball Lightning+1"],"picked":"Defragment+1","floor":46}],"player_experience":421071,"relics_obtained":[{"floor":9,"key":"Frozen Egg 2"},{"floor":13,"key":"Mercury Hourglass"},{"floor":24,"key":"Mummified Hand"},{"floor":26,"key":"Pear"},{"floor":28,"key":"Whetstone"},{"floor":42,"key":"Pantograph"},{"floor":43,"key":"Cables"}],"event_choices":[{"event_name":"Big Fish","player_choice":"Donut","floor":4,"damage_taken":0},{"event_name":"FaceTrader","player_choice":"Trade","floor":20,"damage_taken":0},{"event_name":"Addict","player_choice":"Obtained Relic","floor":21,"damage_taken":0},{"event_name":"Nest","player_choice":"Stole From Cult","floor":25,"damage_taken":0},{"event_name":"Tomb of Lord Red Mask","player_choice":"Paid","floor":39,"damage_taken":0},{"event_name":"Winding Halls","player_choice":"Max HP","floor":47,"damage_taken":0},{"event_name":"Mysterious Sphere","player_choice":"Ignore","floor":48,"damage_taken":0}],"is_beta":false,"boss_relics":[{"not_picked":["Runic Pyramid","Philosopher\u0027s Stone"],"picked":"Cursed Key"},{"not_picked":["Velvet Choker","White Beast Statue"],"picked":"Pandora\u0027s Box"}],"items_purged_floors":[3,12,36],"is_endless":false,"potions_floor_spawned":[5,8,11,19,27,31,33,37,38,41,42,46],"killed_by":"Awakened One","ascension_level":12}