{"path_per_floor":["M","M","?","M","M","R","M","R","T","M","M","R","$","M","R","B",null,"M","?","M","M","M","R"],"character_chosen":"THE_SILENT","items_purchased":["Infinite Blades"],"gold_per_floor":[115,130,130,147,167,167,183,183,207,225,236,236,122,142,142,242,242,258,258,277,294,311,311],"floor_reached":24,"campfire_rested":1,"playtime":2208,"current_hp_per_floor":[70,64,64,66,57,57,42,42,42,45,21,21,21,42,42,27,70,50,41,46,39,15,37],"items_purged":["Regret"],"gold":311,"play_id":"d2e5014a-623c-4a20-a49c-c32bb7b4016c","is_prod":false,"is_daily":false,"is_ascension_mode":false,"campfire_upgraded":4,"path_taken":["M","M","?","M","M","R","M","R","T","M","M","R","$","M","R","BOSS","M","?","M","M","M","R","E"],"build_version":"2018-01-25-PROD3","purchased_purges":1,"victory":false,"master_deck":["Defend_G","Defend_G","Defend_G","Defend_G","Defend_G","Strike_G","Strike_G","Strike_G","Strike_G","Strike_G","Survivor","Neutralize","Noxious Fumes+1","Deadly Poison","Bane+1","Bullet Time+1","Well Laid Plans+1","Heel Hook","PiercingWail","Infinite Blades","Catalyst+1","Burst","Dash","Flying Knee+1","PiercingWail+1","Dodge and Roll+1"],"max_hp_per_floor":[70,70,70,70,70,70,70,70,70,70,70,70,70,70,70,70,70,70,75,75,75,75,75],"relics":["Ring of the Snake","Bird Faced Urn","Frozen Egg","Black Star"],"card_choices":[{"not_picked":["Deadly Poison","Deflect"],"picked":"Noxious Fumes"},{"not_picked":["Acrobatics","Quick Slash"],"picked":"Deadly Poison"},{"not_picked":["Quick Slash","Backflip"],"picked":"Bane"},{"not_picked":["Backflip","Predator"],"picked":"Bullet Time"},{"not_picked":["Deflect","Skewer"],"picked":"Well Laid Plans"},{"not_picked":["Slice","Dagger Throw"],"picked":"Heel Hook"},{"not_picked":["Bane","Calculated Gamble"],"picked":"PiercingWail"},{"not_picked":["Leg Sweep","Deflect"],"picked":"Catalyst"},{"not_picked":["Bullet Time","Doppelganger"],"picked":"Burst"},{"not_picked":["All Out Attack","Outmaneuver"],"picked":"Dash"},{"not_picked":["Acrobatics","Slice"],"picked":"Flying Knee"},{"not_picked":["Dagger Throw","Distraction"],"picked":"PiercingWail"},{"not_picked":["Flying Knee","PiercingWail"],"picked":"Dodge and Roll"}],"player_experience":46132,"potions_floor_usage":[5,14,16,21,22,22],"damage_taken":[{"damage":0,"enemies":"Jaw Worm","floor":1,"turns":5},{"damage":6,"enemies":"2 Louse","floor":2,"turns":3},{"damage":0,"enemies":"Small Slimes","floor":4,"turns":4},{"damage":11,"enemies":"Exordium Thugs","floor":5,"turns":4},{"damage":17,"enemies":"2 Fungi Beasts","floor":7,"turns":5},{"damage":1,"enemies":"Exordium Wildlife","floor":10,"turns":3},{"damage":28,"enemies":"Exordium Thugs","floor":11,"turns":5},{"damage":0,"enemies":"Large Slime","floor":14,"turns":5},{"damage":21,"enemies":"Hexaghost","floor":16,"turns":8},{"damage":23,"enemies":"Shell Parasite","floor":18,"turns":7},{"damage":1,"enemies":"Spheric Guardian","floor":20,"turns":5},{"damage":13,"enemies":"3 Cultists","floor":21,"turns":7},{"damage":30,"enemies":"Sentry and Sphere","floor":22,"turns":5},{"damage":45,"enemies":"Slavers","floor":24,"turns":3}],"event_choices":[{"event_name":"Big Fish","player_choice":"Box","floor":3,"damage_taken":0},{"event_name":"Forgotten Altar","player_choice":"Shed Blood","floor":19,"damage_taken":0}],"boss_relics":[{"not_picked":["Cursed Key","Orrery"],"picked":"Black Star"}],"potions_floor_spawned":[1,10,11,16,18,21],"seed_played":"-40657108061252767","killed_by":"Slavers","ascension_level":0,"is_trial":false}