{"path_per_floor":["M","M","?","M","M","R","$","M","T","E","R","M"],"character_chosen":"DEFECT","items_purchased":["Chaos"],"gold_per_floor":[17,34,209,228,238,238,123,137,191,219,219,234,234],"floor_reached":13,"campfire_rested":0,"playtime":683,"current_hp_per_floor":[74,74,74,71,58,58,58,51,51,39,39,31,0],"items_purged":["Doubt"],"gold":234,"score":87,"play_id":"60acf6a3-c38d-4fdb-ba97-a62bd926e0d6","local_time":"20180515170229","is_prod":false,"is_daily":false,"chose_seed":false,"is_ascension_mode":false,"campfire_upgraded":2,"timestamp":1526428949,"path_taken":["M","M","?","M","M","R","$","M","T","E","R","M","E"],"build_version":"2018-05-14","seed_source_timestamp":163696693036775,"purchased_purges":1,"victory":false,"master_deck":["Strike_B","Strike_B","Defend_B","Defend_B","Defend_B","Defend_B","Zap","Dualcast","Ball Lightning","Go for the Eyes","Conserve Battery","Capacitor+1","Chaos+1","Coolheaded","Beam Cell+1","Self Repair"],"max_hp_per_floor":[75,75,75,75,75,75,75,75,75,75,75,75,75],"relics":["Cracked Core","Happy Flower","Molten Egg 2"],"card_choices":[{"not_picked":["Static Discharge","Turbo"],"picked":"Ball Lightning","floor":1},{"not_picked":["Rebound","Steam"],"picked":"Go for the Eyes","floor":2},{"not_picked":["Cold Snap","Hologram"],"picked":"Conserve Battery","floor":4},{"not_picked":["Cold Snap","Hologram"],"picked":"Capacitor","floor":5},{"not_picked":["Sweeping Beam","Cold Snap"],"picked":"Coolheaded","floor":8},{"not_picked":["Melter","Steam Power"],"picked":"Beam Cell","floor":10},{"not_picked":["Lockon+1","Auto Shields"],"picked":"Self Repair","floor":12}],"player_experience":93776,"potions_floor_usage":[10],"damage_taken":[{"damage":1,"enemies":"Cultist","floor":1,"turns":3},{"damage":0,"enemies":"Small Slimes","floor":2,"turns":3},{"damage":3,"enemies":"Jaw Worm","floor":4,"turns":3},{"damage":13,"enemies":"3 Louse","floor":5,"turns":3},{"damage":7,"enemies":"2 Fungi Beasts","floor":8,"turns":3},{"damage":12,"enemies":"3 Sentries","floor":10,"turns":7},{"damage":8,"enemies":"Lots of Slimes","floor":12,"turns":3},{"damage":48,"enemies":"Gremlin Nob","floor":13,"turns":5}],"relics_obtained":[{"floor":9,"key":"Happy Flower"},{"floor":10,"key":"Molten Egg 2"}],"event_choices":[{"event_name":"Liars Game","player_choice":"agreed","floor":3,"damage_taken":0}],"boss_relics":[],"potions_floor_spawned":[4,8],"seed_played":"-4245280685795269842","killed_by":"Gremlin Nob","ascension_level":0,"potions_obtained":[{"floor":4,"key":"SteroidPotion"},{"floor":8,"key":"SkillPotion"}],"is_trial":false}