{"gold_per_floor":[112,112,112,125,125,125,142,153,153,104,56,56,56,72,72,72],"floor_reached":16,"playtime":836,"items_purged":[],"score":175,"play_id":"a0863b72-8d2b-49e2-8a5e-6c744660dde3","local_time":"20180924225538","is_ascension_mode":true,"campfire_choices":[{"floor":6,"key":"REST"},{"floor":12,"key":"REST"},{"floor":15,"key":"REST"}],"neow_cost":"NONE","seed_source_timestamp":814017978880258,"circlet_count":0,"master_deck":["Strike_B","Strike_B","Strike_B","Defend_B","Defend_B","Defend_B","Defend_B","Zap","Dualcast","AscendersBane","Chaos","Conserve Battery","Biased Cognition","Cold Snap"],"relics":["Cracked Core","Orichalcum","Calipers","Nunchaku","Pear"],"potions_floor_usage":[16,16],"damage_taken":[{"damage":4,"enemies":"Jaw Worm","floor":1,"turns":4},{"damage":1,"enemies":"2 Louse","floor":4,"turns":2},{"damage":12,"enemies":"Small Slimes","floor":7,"turns":5},{"damage":0,"enemies":"2 Fungi Beasts","floor":8,"turns":3},{"damage":24,"enemies":"Exordium Thugs","floor":11,"turns":5},{"damage":5,"enemies":"Looter","floor":14,"turns":3},{"damage":69,"enemies":"Hexaghost","floor":16,"turns":14}],"seed_played":"-5052229639206403317","potions_obtained":[{"floor":7,"key":"FocusPotion"},{"floor":11,"key":"Block Potion"},{"floor":14,"key":"Weak Potion"}],"is_trial":false,"path_per_floor":["M","?","?","M","?","R","M","M","T","?","M","R","T","M","R"],"character_chosen":"DEFECT","items_purchased":[],"campfire_rested":3,"item_purchase_floors":[],"current_hp_per_floor":[60,34,27,26,26,47,35,35,35,35,11,32,42,37,61,0],"gold":72,"neow_bonus":"RANDOM_COMMON_RELIC","is_prod":false,"is_daily":false,"chose_seed":false,"campfire_upgraded":0,"win_rate":0,"timestamp":1537822538,"path_taken":["M","?","?","?","?","R","M","M","T","?","M","R","?","M","R","BOSS"],"build_version":"2018-09-20","purchased_purges":0,"victory":false,"max_hp_per_floor":[71,71,71,71,71,71,71,71,71,71,71,71,81,81,81,81],"card_choices":[{"not_picked":["Hologram","Barrage"],"picked":"Chaos","floor":1},{"not_picked":["FTL","Aggregate"],"picked":"Conserve Battery","floor":4},{"not_picked":["Steam Power","Sweeping Beam","Rebound"],"picked":"SKIP","floor":7},{"not_picked":["Darkness","Hello World","Hologram"],"picked":"SKIP","floor":8},{"not_picked":["Tempest","Lockon"],"picked":"Biased Cognition","floor":11},{"not_picked":["Beam Cell","Storm"],"picked":"Cold Snap","floor":14}],"player_experience":648051,"relics_obtained":[{"floor":9,"key":"Nunchaku"},{"floor":13,"key":"Pear"}],"event_choices":[{"event_name":"Scrap Ooze","player_choice":"success","floor":2,"damage_taken":26},{"event_name":"Golden Wing","player_choice":"Card Removal","floor":3,"damage_taken":0},{"event_name":"Shining Light","player_choice":"Ignored","floor":5,"damage_taken":0},{"event_name":"World of Goop","player_choice":"Left","floor":10,"damage_taken":0}],"is_beta":false,"boss_relics":[],"items_purged_floors":[],"is_endless":false,"potions_floor_spawned":[7,11,14],"killed_by":"Hexaghost","ascension_level":18}