{"gold_per_floor":[110,110,121,46,60,60,77,77,77,92,102,115,134,17,17,94,94,109,109,10,22,22,22,36,36,36,49,73,85,22,39,39,115,115,129,129,129,0,12,30,30,58,58,58,58,76,76,76,76,76],"floor_reached":51,"playtime":5045,"items_purged":["Strike_B"],"score":1176,"play_id":"26ffe9df-19a3-435f-acd3-62508642e445","local_time":"20180925163313","is_ascension_mode":true,"campfire_choices":[{"data":"Consume","floor":6,"key":"SMITH"},{"floor":8,"key":"REST"},{"floor":15,"key":"REST"},{"floor":23,"key":"REST"},{"floor":25,"key":"REST"},{"floor":32,"key":"REST"},{"floor":41,"key":"REST"},{"floor":44,"key":"REST"},{"floor":49,"key":"REST"}],"neow_cost":"NONE","seed_source_timestamp":873213515708498,"circlet_count":0,"master_deck":["Strike_B","Strike_B","Defend_B","Defend_B","Defend_B","Defend_B","Zap+1","Dualcast","AscendersBane","Ball Lightning","Consume+1","Sunder","Capacitor+1","Loop","Glacier","Ball Lightning","Core Surge","Electrodynamics","Cold Snap","Machine Learning","Defragment","Conserve Battery","Undo","Glacier","Auto Shields+1","Electrodynamics","Leap+1","Compile Driver","Ball Lightning"],"relics":["Cracked Core","Mummified Hand","Happy Flower","Nuclear Battery","Bottled Flame","MawBank","Busted Crown","Turnip","Bottled Lightning","Red Mask","Bag of Preparation","Kunai"],"potions_floor_usage":[11,16,18,21,27,31,33,50,50],"damage_taken":[{"damage":0,"enemies":"Small Slimes","floor":1,"turns":3},{"damage":1,"enemies":"Cultist","floor":3,"turns":3},{"damage":2,"enemies":"Jaw Worm","floor":5,"turns":3},{"damage":12,"enemies":"Looter","floor":7,"turns":3},{"damage":2,"enemies":"2 Fungi Beasts","floor":10,"turns":3},{"damage":4,"enemies":"Lots of Slimes","floor":11,"turns":3},{"damage":9,"enemies":"Large Slime","floor":12,"turns":5},{"damage":10,"enemies":"Exordium Thugs","floor":13,"turns":5},{"damage":30,"enemies":"Slime Boss","floor":16,"turns":6},{"damage":27,"enemies":"Shell Parasite","floor":18,"turns":4},{"damage":4,"enemies":"3 Byrds","floor":21,"turns":2},{"damage":16,"enemies":"Cultist and Chosen","floor":24,"turns":5},{"damage":14,"enemies":"Snake Plant","floor":27,"turns":3},{"damage":11,"enemies":"Colosseum Slavers","floor":29,"turns":6},{"damage":0,"enemies":"Centurion and Healer","floor":31,"turns":6},{"damage":47,"enemies":"Automaton","floor":33,"turns":14},{"damage":0,"enemies":"3 Shapes","floor":35,"turns":3},{"damage":7,"enemies":"Mind Bloom Boss Battle","floor":36,"turns":9},{"damage":13,"enemies":"3 Darklings","floor":39,"turns":3},{"damage":0,"enemies":"Reptomancer","floor":40,"turns":6},{"damage":10,"enemies":"Nemesis","floor":42,"turns":9},{"damage":0,"enemies":"Transient","floor":46,"turns":6},{"damage":51,"enemies":"Awakened One","floor":50,"turns":16}],"seed_played":"575309603822702819","potions_obtained":[{"floor":3,"key":"FocusPotion"},{"floor":7,"key":"LiquidBronze"},{"floor":10,"key":"Block Potion"},{"floor":13,"key":"Fire Potion"},{"floor":16,"key":"Strength Potion"},{"floor":18,"key":"FocusPotion"},{"floor":24,"key":"AttackPotion"},{"floor":31,"key":"FearPotion"},{"floor":42,"key":"SpeedPotion"},{"floor":46,"key":"FocusPotion"}],"is_trial":false,"path_per_floor":["M","?","M","?","M","R","M","R","T","M","M","M","M","?","R","B",null,"M","?","$","M","?","R","M","R","T","M","T","?","$","M","R","B",null,"M","?","T","?","M","M","R","E","T","R","?","M","$","?","R","B"],"character_chosen":"DEFECT","items_purchased":["Defragment","Conserve Battery"],"campfire_rested":8,"item_purchase_floors":[20,20],"current_hp_per_floor":[64,64,63,63,61,61,49,70,70,68,64,55,45,45,66,36,62,35,35,35,31,31,52,36,57,57,43,43,32,32,32,53,6,55,55,48,48,48,35,35,56,46,46,67,67,67,67,67,71,20],"gold":76,"neow_bonus":"UPGRADE_CARD","is_prod":false,"is_daily":false,"chose_seed":false,"campfire_upgraded":1,"win_rate":0,"timestamp":1537885993,"path_taken":["M","?","M","?","M","R","?","R","T","M","M","M","M","?","R","BOSS","M","?","$","M","?","R","M","R","T","M","?","?","$","M","R","BOSS","M","?","?","?","M","M","R","E","T","R","?","M","$","?","R","BOSS"],"build_version":"2018-09-20","purchased_purges":1,"victory":true,"max_hp_per_floor":[71,71,71,71,71,71,71,71,71,71,71,71,71,71,71,71,71,71,71,71,71,71,71,71,71,71,71,71,71,71,71,71,71,71,71,71,71,71,71,71,71,71,71,71,71,71,71,71,71,71],"card_choices":[{"not_picked":["Coolheaded","Go for the Eyes"],"picked":"Ball Lightning","floor":1},{"not_picked":["BootSequence","Stack"],"picked":"Sunder","floor":3},{"not_picked":["Gash","Rainbow"],"picked":"Capacitor","floor":5},{"not_picked":["Turbo","Streamline","Heatsinks"],"picked":"SKIP","floor":7},{"not_picked":["Coolheaded","Leap"],"picked":"Loop","floor":10},{"not_picked":["Ball Lightning","Cold Snap"],"picked":"Glacier","floor":11},{"not_picked":["Barrage","Beam Cell"],"picked":"Ball Lightning","floor":12},{"not_picked":["Conserve Battery","Gash"],"picked":"Core Surge","floor":13},{"not_picked":["Multi-Cast","Fission"],"picked":"Electrodynamics","floor":16},{"not_picked":["Aggregate","Hello World"],"picked":"Cold Snap","floor":18},{"not_picked":["Doom and Gloom","Beam Cell","Ball Lightning"],"picked":"SKIP","floor":21},{"not_picked":["Conserve Battery","Leap"],"picked":"Undo","floor":24},{"not_picked":["Darkness","Chaos"],"picked":"Glacier","floor":27},{"not_picked":["Skim+1","Streamline"],"picked":"Auto Shields+1","floor":31},{"not_picked":["Thunder Strike","Meteor Strike"],"picked":"Electrodynamics","floor":33},{"not_picked":[],"picked":"Leap+1","floor":35},{"not_picked":[],"picked":"Compile Driver","floor":36},{"not_picked":["Sweeping Beam"],"picked":"SKIP","floor":39},{"not_picked":["Rebound"],"picked":"SKIP","floor":40},{"not_picked":["Conserve Battery"],"picked":"SKIP","floor":42},{"not_picked":[],"picked":"Ball Lightning","floor":46}],"player_experience":678185,"relics_obtained":[{"floor":9,"key":"Mummified Hand"},{"floor":26,"key":"Bottled Flame"},{"floor":28,"key":"MawBank"},{"floor":36,"key":"Turnip"},{"floor":37,"key":"Bottled Lightning"},{"floor":42,"key":"Bag of Preparation"},{"floor":43,"key":"Kunai"}],"event_choices":[{"event_name":"Match and Keep!","player_choice":"1 cards matched","floor":2,"damage_taken":0},{"event_name":"The Cleric","player_choice":"Card Removal","floor":4,"damage_taken":0},{"event_name":"WeMeetAgain","player_choice":"Gold","floor":14,"damage_taken":0},{"event_name":"Match and Keep!","player_choice":"1 cards matched","floor":19,"damage_taken":0},{"event_name":"The Mausoleum","player_choice":"No","floor":22,"damage_taken":0},{"event_name":"Colosseum","player_choice":"Fight","floor":29,"damage_taken":0},{"event_name":"Colosseum","player_choice":"Fled From Nobs","floor":29,"damage_taken":0},{"event_name":"MindBloom","player_choice":"Fight","floor":36,"damage_taken":0},{"event_name":"Tomb of Lord Red Mask","player_choice":"Paid","floor":38,"damage_taken":0},{"event_name":"SensoryStone","player_choice":"Memory 1","floor":45,"damage_taken":0},{"event_name":"Upgrade Shrine","player_choice":"Upgraded","floor":48,"damage_taken":0}],"is_beta":false,"boss_relics":[{"not_picked":["Black Star","Philosopher\u0027s Stone"],"picked":"Nuclear Battery"},{"not_picked":["Coffee Dripper","Snecko Eye"],"picked":"Busted Crown"}],"items_purged_floors":[30],"is_endless":false,"potions_floor_spawned":[3,7,10,13,16,18,24,31,42,46],"ascension_level":18}