{"gold_per_floor":[112,89,59,59,82,94,125,137,176,188,215,227,273,299,311,419,431,460,472,470,482,511,523,555,581,642,654,666,84,99,52,52,153,153,166,41,41,55,55,55,71,97,97,109,109,121,132,18,18,18],"floor_reached":50,"playtime":2710,"items_purged":["Normality"],"score":469,"play_id":"520bba4a-10c1-468a-9375-f43800acee2f","local_time":"20180729225200","is_ascension_mode":false,"campfire_choices":[{"floor":6,"key":"REST"},{"floor":15,"key":"REST"},{"floor":23,"key":"REST"},{"floor":28,"key":"REST"},{"floor":32,"key":"REST"},{"floor":40,"key":"REST"},{"floor":45,"key":"REST"},{"floor":49,"key":"REST"}],"neow_cost":"FIFTY_PERCENT_DAMAGE","seed_source_timestamp":92222682564643,"circlet_count":0,"master_deck":["Strike_R","Strike_R","Strike_R","Strike_R","Strike_R","Defend_R","Defend_R","Defend_R","Defend_R","Bash","Berserk","Combust","Perfected Strike","Armaments","Limit Break","Feel No Pain","Corruption","Seeing Red","Demon Form","Armaments","Wild Strike","Infernal Blade","Sentinel","Armaments","Disarm","Rupture","Feed","Inflame+1","Havoc","Limit Break","Power Through","Perfected Strike","Dramatic Entrance","Flame Barrier+1","Inflame+1","Magnetism","Flame Barrier+1","Havoc+1","Seeing Red","Reckless Charge","Corruption","Entrench"],"relics":["Burning Blood","MawBank","Bronze Scales","Blood Vial","Lizard Tail","Thread and Needle","Ancient Tea Set","Orichalcum","Boot","Fusion Hammer","Girya","Art of War","Mercury Hourglass"],"potions_floor_usage":[7,14,24,33,33,44,50],"damage_taken":[{"damage":3,"enemies":"Small Slimes","floor":1,"turns":3},{"damage":0,"enemies":"Cultist","floor":5,"turns":2},{"damage":0,"enemies":"2 Louse","floor":7,"turns":1},{"damage":19,"enemies":"2 Fungi Beasts","floor":11,"turns":3},{"damage":26,"enemies":"3 Sentries","floor":13,"turns":6},{"damage":13,"enemies":"Large Slime","floor":14,"turns":6},{"damage":56,"enemies":"Hexaghost","floor":16,"turns":8},{"damage":31,"enemies":"Shell Parasite","floor":18,"turns":5},{"damage":28,"enemies":"2 Thieves","floor":20,"turns":5},{"damage":12,"enemies":"Chosen and Byrds","floor":22,"turns":6},{"damage":2,"enemies":"3 Cultists","floor":24,"turns":3},{"damage":37,"enemies":"Cultist and Chosen","floor":25,"turns":7},{"damage":26,"enemies":"Snake Plant","floor":30,"turns":5},{"damage":48,"enemies":"Automaton","floor":33,"turns":10},{"damage":26,"enemies":"3 Shapes","floor":35,"turns":5},{"damage":18,"floor":37,"turns":8},{"damage":25,"enemies":"Orb Walker","floor":38,"turns":5},{"damage":36,"enemies":"3 Darklings","floor":41,"turns":7},{"damage":38,"enemies":"Spire Growth","floor":44,"turns":6},{"damage":14,"enemies":"Sphere and 2 Shapes","floor":46,"turns":5},{"damage":21,"enemies":"Maw","floor":47,"turns":8},{"damage":102,"enemies":"Donu and Deca","floor":50,"turns":9}],"seed_played":"-2580823845072485409","potions_obtained":[{"floor":1,"key":"FairyPotion"},{"floor":3,"key":"SteroidPotion"},{"floor":3,"key":"Dexterity Potion"},{"floor":22,"key":"AttackPotion"},{"floor":24,"key":"Dexterity Potion"},{"floor":25,"key":"SpeedPotion"},{"floor":37,"key":"Energy Potion"},{"floor":41,"key":"SkillPotion"}],"is_trial":false,"path_per_floor":["M","$","?","?","M","R","M","?","T","?","M","$","E","M","R","B",null,"M","?","M","?","M","R","M","M","T","?","R","$","M","$","R","B",null,"M","$","?","M","?","R","M","T","T","M","R","M","M","$","R"],"character_chosen":"IRONCLAD","items_purchased":["Perfected Strike","Orichalcum","Boot","Disarm","Rupture","Feed","Havoc","Perfected Strike","Dramatic Entrance","Corruption","Entrench"],"campfire_rested":8,"item_purchase_floors":[2,29,29,29,29,29,31,36,36,48,48],"current_hp_per_floor":[43,43,43,43,49,73,79,79,79,79,66,66,46,41,65,17,80,55,55,35,61,57,80,80,49,49,49,73,73,55,55,79,41,83,63,63,53,36,36,60,32,32,32,12,36,30,17,17,41,0],"gold":18,"neow_bonus":"THREE_RARE_CARDS","is_prod":false,"is_daily":false,"chose_seed":false,"campfire_upgraded":0,"win_rate":0.0,"timestamp":1532897520,"path_taken":["M","$","?","?","M","R","M","?","T","?","M","$","E","M","R","BOSS","M","?","M","?","M","R","M","M","T","?","R","$","M","?","R","BOSS","M","$","?","M","?","R","M","?","T","?","R","M","?","$","R","BOSS"],"build_version":"2018-07-26","purchased_purges":1,"victory":false,"max_hp_per_floor":[80,80,80,80,80,80,80,80,80,80,80,80,80,80,80,80,80,80,80,80,80,80,80,80,80,80,80,80,80,80,80,80,83,83,83,83,83,83,83,83,83,83,83,83,83,83,83,83,83,86],"card_choices":[{"not_picked":["Double Tap","Immolate"],"picked":"Berserk","floor":0},{"not_picked":["Pommel Strike","Iron Wave"],"picked":"Combust","floor":1},{"not_picked":["Iron Wave","Body Slam"],"picked":"Armaments","floor":5},{"not_picked":["Clothesline","Havoc"],"picked":"Limit Break","floor":7},{"not_picked":["True Grit","Whirlwind"],"picked":"Feel No Pain","floor":11},{"not_picked":["Heavy Blade","True Grit"],"picked":"Corruption","floor":13},{"not_picked":["Sword Boomerang","Dropkick"],"picked":"Seeing Red","floor":14},{"not_picked":["Exhume","Brutality"],"picked":"Demon Form","floor":16},{"not_picked":["Cleave+1","Body Slam"],"picked":"Armaments","floor":18},{"not_picked":["Sword Boomerang","Battle Trance"],"picked":"Wild Strike","floor":20},{"not_picked":["Power Through","Cleave+1"],"picked":"Infernal Blade","floor":22},{"not_picked":["Anger+1","Sword Boomerang"],"picked":"Sentinel","floor":24},{"not_picked":["Rage","Cleave"],"picked":"Armaments","floor":25},{"not_picked":["Anger","Twin Strike"],"picked":"Inflame+1","floor":30},{"not_picked":["Impervious","Double Tap"],"picked":"Limit Break","floor":33},{"not_picked":["Clash","Body Slam+1"],"picked":"Power Through","floor":35},{"not_picked":["Perfected Strike","Shrug It Off"],"picked":"Flame Barrier+1","floor":37},{"not_picked":["Anger+1","Seeing Red+1"],"picked":"Inflame+1","floor":38},{"not_picked":["Secret Weapon","Secret Technique"],"picked":"Magnetism","floor":39},{"not_picked":["Flex","Havoc+1"],"picked":"Flame Barrier+1","floor":41},{"not_picked":["Pommel Strike+1","Thunderclap+1"],"picked":"Havoc+1","floor":44},{"not_picked":["Sword Boomerang+1","Shrug It Off+1"],"picked":"Seeing Red","floor":46},{"not_picked":["True Grit","Sword Boomerang+1"],"picked":"Reckless Charge","floor":47}],"player_experience":87786,"relics_obtained":[{"floor":9,"key":"Bronze Scales"},{"floor":13,"key":"Blood Vial"},{"floor":26,"key":"Ancient Tea Set"},{"floor":37,"key":"Girya"},{"floor":42,"key":"Art of War"},{"floor":43,"key":"Mercury Hourglass"}],"event_choices":[{"event_name":"The Woman in Blue","player_choice":"Bought 2 Potions","floor":3,"damage_taken":0},{"event_name":"Big Fish","player_choice":"Box","floor":4,"damage_taken":0},{"event_name":"Purifier","player_choice":"One Purge","floor":8,"damage_taken":0},{"event_name":"The Cleric","player_choice":"Leave","floor":10,"damage_taken":0},{"event_name":"Accursed Blacksmith","player_choice":"Rummage","floor":19,"damage_taken":0},{"event_name":"The Library","player_choice":"Heal","floor":21,"damage_taken":0},{"event_name":"Ghosts","player_choice":"Ignored","floor":27,"damage_taken":0},{"event_name":"MindBloom","player_choice":"Fight","floor":37,"damage_taken":0},{"event_name":"SensoryStone","player_choice":"Memory 1","floor":39,"damage_taken":0}],"is_beta":false,"boss_relics":[{"not_picked":["Eternal Feather","Sozu"],"picked":"Lizard Tail"},{"not_picked":["Busted Crown","Runic Dome"],"picked":"Fusion Hammer"}],"items_purged_floors":[29],"is_endless":false,"potions_floor_spawned":[1,5,22,24,25,37,41],"killed_by":"Donu and Deca","ascension_level":0}