{"path_per_floor":["M","$","?","$","?","E","?","E","T","E","R","E","$","M","R","B",null,"M","M","?","M","M","R"],"character_chosen":"THE_SILENT","items_purchased":["Crippling Poison","Snake Skull","Escape Plan"],"gold_per_floor":[111,40,40,40,40,70,70,108,108,144,144,188,10,26,26,124,124,124,124,124,124,124,124,124],"floor_reached":24,"campfire_rested":0,"playtime":999,"current_hp_per_floor":[63,63,63,63,63,63,63,63,63,43,43,30,30,32,32,29,56,60,64,64,63,58,58,0],"items_purged":[],"gold":124,"score":449,"play_id":"b1dbf0c5-c3a6-455e-b492-9e64c193d585","local_time":"20180421143549","is_prod":false,"is_daily":false,"chose_seed":false,"is_ascension_mode":true,"campfire_upgraded":3,"timestamp":1524314149,"path_taken":["M","$","?","?","?","E","?","E","T","E","R","E","?","M","R","BOSS","M","M","?","M","M","R","E"],"build_version":"2018-04-19","seed_source_timestamp":138997020802575,"purchased_purges":0,"victory":false,"master_deck":["Defend_G","Defend_G","Defend_G","Defend_G","Defend_G","Strike_G","Strike_G","Strike_G","Strike_G","Strike_G","Survivor+1","Neutralize+1","AscendersBane","Well Laid Plans","Crippling Poison+1","Quick Slash","Bouncing Flask+1","Deadly Poison+1","Escape Plan","Escape Plan","Tools of the Trade","Dodge and Roll+1"],"max_hp_per_floor":[70,70,70,70,70,70,65,65,65,65,65,65,65,65,65,65,65,65,65,65,65,65,65,65],"relics":["Ring of the Snake","NeowsBlessing","Bird Faced Urn","Bloody Idol","Mummified Hand","Matryoshka","War Paint","Dream Catcher","Snake Skull","Ectoplasm"],"card_choices":[{"not_picked":["Prepared","Deflect"],"picked":"Well Laid Plans","floor":1},{"not_picked":["Calculated Gamble","Grand Finale"],"picked":"Quick Slash","floor":6},{"not_picked":["Accuracy","PiercingWail"],"picked":"Bouncing Flask","floor":8},{"not_picked":["PiercingWail","Terror"],"picked":"Deadly Poison","floor":10},{"not_picked":["Backflip","Deflect"],"picked":"Escape Plan","floor":14},{"not_picked":["Phantasmal Killer","Adrenaline"],"picked":"Tools of the Trade","floor":16},{"not_picked":["Bane","Heel Hook"],"picked":"Dodge and Roll","floor":21}],"player_experience":331063,"potions_floor_usage":[24,24,24],"damage_taken":[{"damage":0,"enemies":"Jaw Worm","floor":1,"turns":1},{"damage":0,"enemies":"3 Sentries","floor":6,"turns":1},{"damage":0,"enemies":"Gremlin Nob","floor":8,"turns":1},{"damage":22,"enemies":"Lagavulin","floor":10,"turns":7},{"damage":15,"enemies":"3 Sentries","floor":12,"turns":10},{"damage":0,"enemies":"2 Louse","floor":14,"turns":3},{"damage":5,"enemies":"The Guardian","floor":16,"turns":7},{"damage":0,"enemies":"3 Byrds","floor":18,"turns":4},{"damage":0,"enemies":"Chosen","floor":19,"turns":3},{"damage":4,"enemies":"Sentry and Sphere","floor":21,"turns":4},{"damage":7,"enemies":"Centurion and Healer","floor":22,"turns":6},{"damage":67,"enemies":"Gremlin Leader","floor":24,"turns":7}],"event_choices":[{"event_name":"The Cleric","player_choice":"Leave","floor":3,"damage_taken":0},{"event_name":"Accursed Blacksmith","player_choice":"Forge","floor":5,"damage_taken":0},{"event_name":"Golden Idol","player_choice":"Lose Max HP","floor":7,"damage_taken":0},{"event_name":"Forgotten Altar","player_choice":"Gave Idol","floor":20,"damage_taken":0}],"boss_relics":[{"not_picked":["Astrolabe","Lizard Tail"],"picked":"Ectoplasm"}],"potions_floor_spawned":[6,8,14,16,18],"seed_played":"-5416573315069941147","killed_by":"Gremlin Leader","ascension_level":13,"is_trial":false}