{"gold_per_floor":[119,81,356,316,90,90,110,120,143,177,177,207,207,217,217,217],"floor_reached":16,"playtime":771,"items_purged":["Regret"],"score":130,"play_id":"b216b96e-d0d8-41cf-9a6a-4b82b0d3844d","local_time":"20180915013036","is_ascension_mode":true,"campfire_choices":[{"data":"Blizzard","floor":6,"key":"SMITH"},{"data":"Defragment","floor":11,"key":"SMITH"},{"data":"Defragment","floor":13,"key":"SMITH"},{"data":"Dualcast","floor":15,"key":"SMITH"}],"neow_cost":"","seed_source_timestamp":39710026143076,"circlet_count":0,"master_deck":["Strike_B","Strike_B","Strike_B","Strike_B","Defend_B+1","Defend_B","Defend_B+1","Defend_B","Zap","Dualcast+1","Loop","Defragment+1","Blizzard+1","FTL","Defragment+1","Self Repair","Redo","Loop"],"relics":["Cracked Core","War Paint","Art of War","Question Card"],"potions_floor_usage":[12,12,12,14],"damage_taken":[{"damage":0,"enemies":"Cultist","floor":1,"turns":4},{"damage":3,"enemies":"Jaw Worm","floor":7,"turns":4},{"damage":0,"enemies":"2 Louse","floor":8,"turns":3},{"damage":28,"enemies":"Lagavulin","floor":10,"turns":6},{"damage":5,"enemies":"3 Sentries","floor":12,"turns":5},{"damage":12,"enemies":"Gremlin Gang","floor":14,"turns":5},{"damage":51,"enemies":"Slime Boss","floor":16,"turns":5}],"seed_played":"-8075880197804315024","potions_obtained":[{"floor":4,"key":"SmokeBomb"},{"floor":4,"key":"Regen Potion"},{"floor":4,"key":"EssenceOfSteel"},{"floor":7,"key":"EssenceOfSteel"},{"floor":12,"key":"Poison Potion"}],"is_trial":false,"path_per_floor":["M","$","?","?","$","R","M","M","T","E","R","E","R","M","R"],"character_chosen":"DEFECT","items_purchased":["Loop","Defragment","Blizzard"],"campfire_rested":0,"item_purchase_floors":[2,5,5],"current_hp_per_floor":[75,75,75,75,75,75,72,72,72,44,44,53,53,48,48,0],"gold":217,"neow_bonus":"","is_prod":false,"is_daily":false,"chose_seed":false,"campfire_upgraded":4,"win_rate":0,"timestamp":1536967836,"path_taken":["M","?","?","?","$","R","M","M","T","E","R","E","R","M","R","BOSS"],"build_version":"2018-09-06","purchased_purges":1,"victory":false,"max_hp_per_floor":[75,75,75,75,75,75,75,75,75,75,75,75,75,75,75,75],"card_choices":[{"not_picked":["Steam","Rebound","Reprogram"],"picked":"SKIP","floor":1},{"not_picked":["Auto Shields","Barrage"],"picked":"FTL","floor":7},{"not_picked":["Gash","Go for the Eyes"],"picked":"Defragment","floor":8},{"not_picked":["Go for the Eyes","BootSequence"],"picked":"Self Repair","floor":10},{"not_picked":["Skim","Reboot"],"picked":"Redo","floor":12},{"not_picked":["Rebound","Ball Lightning","Hologram"],"picked":"Loop","floor":14}],"player_experience":164360,"relics_obtained":[{"floor":9,"key":"War Paint"},{"floor":10,"key":"Art of War"},{"floor":12,"key":"Question Card"}],"event_choices":[{"event_name":"Golden Shrine","player_choice":"Desecrate","floor":3,"damage_taken":0},{"event_name":"The Woman in Blue","player_choice":"Bought 3 Potions","floor":4,"damage_taken":0}],"is_beta":false,"boss_relics":[],"items_purged_floors":[5],"is_endless":false,"potions_floor_spawned":[7,10,12],"killed_by":"Slime Boss","ascension_level":4}