{"gold_per_floor":[12,12,12,12,12,12,12,62,88,88,113,138,158,183,183,281,281,294,344,344,318,343,343],"floor_reached":23,"playtime":1817,"items_purged":[],"score":344,"play_id":"01db86d0-af78-46ad-9f9c-d23d6672dc63","local_time":"20180925010220","is_ascension_mode":true,"campfire_choices":[{"floor":6,"key":"REST"},{"data":"Reinforced Body","floor":10,"key":"SMITH"},{"data":"Zap","floor":15,"key":"SMITH"}],"neow_cost":"NO_GOLD","seed_source_timestamp":820638280114379,"circlet_count":0,"master_deck":["Strike_B+1","Strike_B","Strike_B","Strike_B","Defend_B","Defend_B","Defend_B","Defend_B","Zap+1","Dualcast+1","AscendersBane","Reinforced Body+1","Conserve Battery","Conserve Battery","Rainbow","Conserve Battery+1","Streamline+1","FTL+1"],"relics":["Cracked Core","FossilizedHelix","Golden Idol","Bronze Scales","Eternal Feather"],"potions_floor_usage":[16,16,16,18,18,21,21,22],"damage_taken":[{"damage":0,"enemies":"Small Slimes","floor":1,"turns":3},{"damage":0,"enemies":"Jaw Worm","floor":11,"turns":4},{"damage":0,"enemies":"Cultist","floor":12,"turns":3},{"damage":0,"enemies":"3 Louse","floor":13,"turns":3},{"damage":0,"enemies":"2 Fungi Beasts","floor":14,"turns":3},{"damage":22,"enemies":"Hexaghost","floor":16,"turns":9},{"damage":0,"enemies":"3 Byrds","floor":18,"turns":4},{"damage":0,"enemies":"2 Thieves","floor":21,"turns":4},{"damage":0,"enemies":"Snecko","floor":22,"turns":5},{"damage":63,"enemies":"Gremlin Leader","floor":23,"turns":4}],"seed_played":"-4735933979927963661","potions_obtained":[{"floor":13,"key":"PowerPotion"},{"floor":14,"key":"EntropicBrew"},{"floor":16,"key":"FearPotion"},{"floor":18,"key":"EntropicBrew"}],"is_trial":false,"path_per_floor":["M","?","$","?","?","R","$","?","T","R","M","M","M","M","R","B",null,"M","?","?","M","M"],"character_chosen":"DEFECT","items_purchased":[],"campfire_rested":1,"item_purchase_floors":[],"current_hp_per_floor":[64,69,69,46,46,66,66,66,66,66,66,66,66,66,66,44,63,63,63,57,57,57,0],"gold":343,"neow_bonus":"ONE_RARE_RELIC","is_prod":false,"is_daily":false,"chose_seed":false,"campfire_upgraded":2,"win_rate":0,"timestamp":1537830140,"path_taken":["M","?","$","?","?","R","?","?","T","R","M","?","?","M","R","BOSS","M","?","?","?","M","E"],"build_version":"2018-09-20","purchased_purges":0,"victory":false,"max_hp_per_floor":[71,76,76,76,69,69,69,69,69,69,69,69,69,69,69,69,69,69,69,69,69,69,69],"card_choices":[{"not_picked":["Turbo","Fusion"],"picked":"Reinforced Body","floor":1},{"not_picked":["Hologram","Leap"],"picked":"Conserve Battery","floor":11},{"not_picked":["Lockon","Redo"],"picked":"Conserve Battery","floor":12},{"not_picked":["Turbo","Coolheaded","Hologram"],"picked":"SKIP","floor":13},{"not_picked":["Beam Cell","Genetic Algorithm","Storm"],"picked":"SKIP","floor":14},{"not_picked":["Machine Learning","Core Surge"],"picked":"Rainbow","floor":16},{"not_picked":["Rebound","Darkness"],"picked":"Conserve Battery+1","floor":18},{"not_picked":["Compile Driver","Redo"],"picked":"Streamline+1","floor":21},{"not_picked":["Coolheaded","Ball Lightning"],"picked":"FTL+1","floor":22}],"player_experience":654608,"relics_obtained":[{"floor":9,"key":"Bronze Scales"}],"event_choices":[{"event_name":"Big Fish","player_choice":"Donut","floor":2,"damage_taken":0},{"event_name":"Shining Light","player_choice":"Entered Light","floor":4,"damage_taken":0},{"event_name":"Golden Idol","player_choice":"Lose Max HP","floor":5,"damage_taken":0},{"event_name":"Golden Shrine","player_choice":"Pray","floor":8,"damage_taken":0},{"event_name":"Golden Shrine","player_choice":"Pray","floor":19,"damage_taken":0},{"event_name":"Knowing Skull","player_choice":"","floor":20,"damage_taken":0}],"is_beta":false,"boss_relics":[{"not_picked":["Black Star","Nuclear Battery"],"picked":"Eternal Feather"}],"items_purged_floors":[],"is_endless":false,"potions_floor_spawned":[13,14,16,18],"killed_by":"Gremlin Leader","ascension_level":18}