{"path_per_floor":["M","?","M","?","M","R","E","M","T","R","?","M","R","E","R","B",null,"M","M","?","$","?","E","R","E","T","$","M","M","?","M","R","B",null,"M","M","$","?","?","R","?","$","T","M","R","E","T","M","R","B"],"character_chosen":"DEFECT","items_purchased":["Melter","Bottled Flame"],"gold_per_floor":[12,12,26,26,36,36,71,91,115,115,115,131,131,162,162,259,259,269,280,280,129,129,163,163,195,195,95,112,132,132,148,148,243,243,258,268,24,76,0,0,0,0,0,16,16,46,72,83,83,83],"floor_reached":51,"campfire_rested":2,"playtime":3191,"current_hp_per_floor":[74,79,77,61,61,61,17,17,17,41,41,36,36,9,33,30,80,78,71,71,71,71,40,40,40,40,40,40,40,40,40,40,40,80,72,72,72,72,72,72,62,62,62,62,62,62,62,62,62,62],"items_purged":["Injury","Strike_B"],"gold":83,"score":1068,"play_id":"b4a999a4-53e7-41ce-b293-dc1298c1af8e","local_time":"20180511122744","is_prod":false,"is_daily":false,"chose_seed":false,"is_ascension_mode":true,"campfire_upgraded":7,"timestamp":1526034464,"path_taken":["M","?","M","?","M","R","E","M","T","R","?","M","R","E","R","BOSS","M","M","?","$","?","E","R","E","T","$","M","M","?","M","R","BOSS","M","M","$","?","?","R","?","?","T","M","R","E","?","M","R","BOSS"],"build_version":"2018-05-10","seed_source_timestamp":93017909582070,"purchased_purges":2,"victory":true,"master_deck":["Strike_B+1","Strike_B+1","Defend_B","Defend_B","Defend_B","Defend_B","Zap+1","Dualcast","Meteor Strike","Leap","BootSequence","Machine Learning+1","Leap","Skim+1","Buffer+1","Hologram+1","Melter","Meteor Strike","Skim+1","Skim+1","Recycle","Skim+1","Seek+1","Coolheaded+1","Reinforced Body","Madness","Madness","Coolheaded+1","Skim+1"],"max_hp_per_floor":[75,80,80,80,80,80,80,80,80,80,80,80,80,80,80,80,80,80,80,80,80,80,80,80,80,80,80,80,80,80,80,80,80,80,80,80,80,80,80,80,80,80,80,80,80,80,80,80,80,80],"relics":["Cracked Core","Bag of Preparation","Happy Flower","Vajra","Snecko Eye","Cables","Dream Catcher","Darkstone Periapt","Sozu","Bottled Flame","Calipers","Red Mask","Gremlin Horn","Juzu Bracelet","Bronze Scales"],"card_choices":[{"not_picked":["Buffer","Biased Cognition"],"picked":"Meteor Strike","floor":0},{"not_picked":["Beam Cell","Steam"],"picked":"Leap","floor":1},{"not_picked":["Turbo","Go for the Eyes"],"picked":"BootSequence","floor":3},{"not_picked":["Skim","Ball Lightning"],"picked":"Machine Learning","floor":5},{"not_picked":["Ball Lightning","FTL"],"picked":"Leap","floor":8},{"not_picked":["Cold Snap","Tempest"],"picked":"Skim","floor":12},{"not_picked":["Nova","Amplify"],"picked":"Buffer","floor":16},{"not_picked":["Stack","Rebound"],"picked":"Hologram","floor":19},{"not_picked":["Heatsinks","Force Field"],"picked":"Meteor Strike","floor":23},{"not_picked":["Cold Snap","Steam"],"picked":"Skim","floor":25},{"not_picked":["Ball Lightning","Leap"],"picked":"Skim","floor":28},{"not_picked":["Reinforced Body","Skim"],"picked":"Recycle","floor":29},{"not_picked":["Heatsinks","Buffer"],"picked":"Skim","floor":31},{"not_picked":["All For One","Meteor Strike"],"picked":"Seek","floor":33},{"not_picked":["Storm","Sweeping Beam"],"picked":"Coolheaded","floor":35},{"not_picked":["Reprogram","Go for the Eyes"],"picked":"Reinforced Body","floor":36},{"not_picked":["Leap","White Noise"],"picked":"Coolheaded","floor":44},{"not_picked":["Hello World","Blizzard"],"picked":"Skim","floor":48}],"player_experience":60969,"potions_floor_usage":[12,23,29,50,50,50],"damage_taken":[{"damage":1,"enemies":"2 Louse","floor":1,"turns":2},{"damage":2,"enemies":"Small Slimes","floor":3,"turns":3},{"damage":0,"enemies":"Jaw Worm","floor":5,"turns":2},{"damage":44,"enemies":"Gremlin Nob","floor":7,"turns":6},{"damage":0,"enemies":"3 Louse","floor":8,"turns":4},{"damage":5,"enemies":"Lots of Slimes","floor":12,"turns":3},{"damage":27,"enemies":"3 Sentries","floor":14,"turns":8},{"damage":3,"enemies":"The Guardian","floor":16,"turns":14},{"damage":2,"enemies":"3 Byrds","floor":18,"turns":4},{"damage":7,"enemies":"Shell Parasite","floor":19,"turns":4},{"damage":31,"enemies":"Slavers","floor":23,"turns":7},{"damage":0,"enemies":"Gremlin Leader","floor":25,"turns":4},{"damage":0,"enemies":"3 Cultists","floor":28,"turns":3},{"damage":0,"enemies":"Cultist and Chosen","floor":29,"turns":3},{"damage":0,"enemies":"Snake Plant","floor":31,"turns":3},{"damage":0,"enemies":"Champ","floor":33,"turns":2},{"damage":8,"enemies":"3 Darklings","floor":35,"turns":2},{"damage":0,"enemies":"3 Shapes","floor":36,"turns":2},{"damage":0,"enemies":"Mysterious Sphere","floor":38,"turns":3},{"damage":0,"enemies":"Sphere and 2 Shapes","floor":44,"turns":2},{"damage":0,"enemies":"2 Orb Walkers","floor":46,"turns":4},{"damage":0,"enemies":"Maw","floor":48,"turns":2},{"damage":0,"enemies":"Donu and Deca","floor":50,"turns":2}],"event_choices":[{"event_name":"Big Fish","player_choice":"Donut","floor":2,"damage_taken":0},{"event_name":"Shining Light","player_choice":"Entered Light","floor":4,"damage_taken":0},{"event_name":"Golden Idol","player_choice":"Ignored","floor":11,"damage_taken":0},{"event_name":"Accursed Blacksmith","player_choice":"Forge","floor":20,"damage_taken":0},{"event_name":"Vampires","player_choice":"Ignored","floor":22,"damage_taken":0},{"event_name":"Back to Basics","player_choice":"Elegance","floor":30,"damage_taken":0},{"event_name":"Mysterious Sphere","player_choice":"Fight","floor":38,"damage_taken":0},{"event_name":"Tomb of Lord Red Mask","player_choice":"Paid","floor":39,"damage_taken":0},{"event_name":"Winding Halls","player_choice":"Embrace Madness","floor":41,"damage_taken":0}],"boss_relics":[{"not_picked":["Eternal Feather","Black Star"],"picked":"Snecko Eye"},{"not_picked":["Runic Pyramid","Cursed Key"],"picked":"Sozu"}],"potions_floor_spawned":[8,12,14,16,18,28,31,35,36,46],"seed_played":"5183243606330935247","ascension_level":4,"is_trial":false}