{"path_per_floor":["M","?","$","M","M","E","M","R","T","R","M","$","?","M","R","B",null,"M","M","$","M","M","R","E","M","T","?","M","E"],"character_chosen":"IRONCLAD","items_purchased":["Inflame","Shrug It Off","Weak Potion","Metallicize","Shrug It Off"],"gold_per_floor":[113,288,39,50,70,96,113,113,137,137,148,48,48,59,59,158,158,172,182,79,96,110,110,145,164,236,236,246,271,271],"floor_reached":30,"campfire_rested":0,"playtime":1329,"current_hp_per_floor":[72,72,72,72,72,48,43,43,43,43,51,51,51,56,56,35,64,67,65,65,56,49,49,36,29,29,29,25,11,0],"items_purged":["Doubt","Strike_R"],"gold":271,"score":397,"play_id":"f1b36b2b-1493-4b48-832c-bdd248cca309","local_time":"20180406111943","is_prod":false,"is_daily":false,"is_ascension_mode":true,"campfire_upgraded":4,"timestamp":1523006383,"path_taken":["M","?","$","M","?","E","M","R","T","R","M","?","?","M","R","BOSS","M","M","$","M","M","R","E","M","T","?","M","E","M"],"build_version":"2018-04-05v2","purchased_purges":2,"victory":false,"master_deck":["Strike_R","Strike_R","Strike_R","Strike_R","Defend_R","Defend_R","Defend_R","Defend_R","Bash","Fiend Fire+1","Twin Strike","Inflame+1","Shrug It Off","Clothesline","Uppercut+1","Shockwave","Corruption+1","Decay","Disarm","Dark Embrace","Metallicize","Twin Strike+1","Metallicize","Shrug It Off","Shrug It Off","Bludgeon","Infernal Blade+1"],"max_hp_per_floor":[72,72,72,72,72,72,72,72,72,72,74,74,74,74,74,74,74,74,74,74,74,76,76,83,85,85,85,85,87,87],"relics":["Burning Blood","Art of War","Singing Bowl","Velvet Choker","Strawberry","Toolbox","Kunai"],"card_choices":[{"not_picked":["Offering","Berserk"],"picked":"Fiend Fire","floor":0},{"not_picked":["Seeing Red","Wild Strike"],"picked":"Twin Strike","floor":1},{"not_picked":["Armaments","Disarm"],"picked":"Clothesline","floor":4},{"not_picked":["Heavy Blade","Clash"],"picked":"Uppercut","floor":5},{"not_picked":["Rage","Clash"],"picked":"Shockwave","floor":6},{"not_picked":["Rage","Inflame"],"picked":"Corruption","floor":7},{"not_picked":["Pommel Strike","Iron Wave"],"picked":"Disarm","floor":14},{"not_picked":["Barricade","Berserk"],"picked":"Dark Embrace","floor":16},{"not_picked":["Iron Wave","Combust"],"picked":"Metallicize","floor":18},{"not_picked":["Clash","Wild Strike"],"picked":"Twin Strike","floor":19},{"not_picked":["Pommel Strike","Clash"],"picked":"Shrug It Off","floor":21},{"not_picked":["Wild Strike","Flex"],"picked":"Bludgeon","floor":24},{"not_picked":["Twin Strike","Ghostly Armor"],"picked":"Infernal Blade","floor":28}],"player_experience":248995,"potions_floor_usage":[7,11,16,24,29,29],"damage_taken":[{"damage":3,"enemies":"2 Louse","floor":1,"turns":3},{"damage":3,"enemies":"Small Slimes","floor":4,"turns":3},{"damage":4,"enemies":"Cultist","floor":5,"turns":3},{"damage":30,"enemies":"Lagavulin","floor":6,"turns":7},{"damage":11,"enemies":"Exordium Thugs","floor":7,"turns":3},{"damage":0,"enemies":"3 Louse","floor":11,"turns":2},{"damage":1,"enemies":"Exordium Wildlife","floor":14,"turns":2},{"damage":27,"enemies":"Hexaghost","floor":16,"turns":9},{"damage":3,"enemies":"3 Byrds","floor":18,"turns":7},{"damage":8,"enemies":"Chosen","floor":19,"turns":5},{"damage":15,"enemies":"Snake Plant","floor":21,"turns":4},{"damage":15,"enemies":"Centurion and Healer","floor":22,"turns":7},{"damage":26,"enemies":"Gremlin Leader","floor":24,"turns":7},{"damage":15,"enemies":"3 Cultists","floor":25,"turns":6},{"damage":10,"enemies":"Snecko","floor":28,"turns":4},{"damage":22,"enemies":"Slavers","floor":29,"turns":5},{"damage":12,"enemies":"Centurion and Healer","floor":30,"turns":3}],"event_choices":[{"event_name":"Liars Game","player_choice":"agreed","floor":2,"damage_taken":0},{"event_name":"Wheel of Change","player_choice":"Curse","floor":13,"damage_taken":0},{"event_name":"Drug Dealer","player_choice":"Ignored","floor":27,"damage_taken":0}],"boss_relics":[{"not_picked":["Eternal Feather","White Beast Statue"],"picked":"Velvet Choker"}],"potions_floor_spawned":[1,5,7,16,19,21,22,29],"seed_played":"-41994396689269059","killed_by":"Centurion and Healer","ascension_level":9,"is_trial":false}