{"gold_per_floor":[110,110,120,35,55,55,90,108,134,148,148,148,148,166,166,264,264,282,382,134,65,65,65,85,119,143,160,190,190,190,207,207,303,303,322,169,169,183,196,196,124,159,185,202,218,252,252,263,263,263],"floor_reached":51,"playtime":3618,"items_purged":[],"score":796,"play_id":"b83a5421-df58-4f2b-8627-a144581a9e29","local_time":"20190326210230","is_ascension_mode":false,"campfire_choices":[{"data":"Loop","floor":6,"key":"SMITH"},{"floor":11,"key":"REST"},{"data":"Dualcast","floor":13,"key":"SMITH"},{"data":"Defragment","floor":15,"key":"SMITH"},{"data":"Capacitor","floor":23,"key":"SMITH"},{"floor":32,"key":"REST"},{"floor":40,"key":"REST"},{"floor":47,"key":"REST"},{"floor":49,"key":"REST"}],"neow_cost":"NONE","seed_source_timestamp":34091237572100,"circlet_count":0,"master_deck":["Strike_B","Strike_B","Defend_B","Defend_B","Defend_B","Defend_B","Zap","Dualcast+1","Hello World","Ball Lightning","Hello World","Loop+1","Coolheaded","Rebound","Ball Lightning","Conserve Battery","Force Field","Defragment+1","Electrodynamics","Heatsinks","Defragment+1","Capacitor+1","Storm","Coolheaded+1","Static Discharge+1","Rebound","Rebound+1","Echo Form","Ball Lightning","Chill+1","Consume","Chaos+1","Pain","White Noise+1","Glacier+1","Capacitor","Auto Shields+1"],"relics":["Cracked Core","Bag of Marbles","Oddly Smooth Stone","Anchor","Cursed Key","Calipers","Pear","Kunai","Strawberry","Pen Nib","PreservedInsect","Spirit Poop","Fusion Hammer","Happy Flower","Lantern","Dream Catcher","Gremlin Horn"],"potions_floor_usage":[19,33,33,33,50,50,50],"damage_taken":[{"damage":7,"enemies":"2 Louse","floor":1,"turns":2},{"damage":1,"enemies":"Cultist","floor":3,"turns":3},{"damage":7,"enemies":"Jaw Worm","floor":5,"turns":4},{"damage":24,"enemies":"Gremlin Nob","floor":7,"turns":4},{"damage":20,"enemies":"Lots of Slimes","floor":8,"turns":4},{"damage":0,"enemies":"3 Louse","floor":10,"turns":2},{"damage":0,"enemies":"Exordium Thugs","floor":14,"turns":4},{"damage":11,"enemies":"The Guardian","floor":16,"turns":9},{"damage":0,"enemies":"Chosen","floor":18,"turns":3},{"damage":16,"enemies":"Colosseum Slavers","floor":19,"turns":4},{"damage":0,"enemies":"Colosseum Nobs","floor":19,"turns":4},{"damage":2,"enemies":"Shell Parasite","floor":24,"turns":5},{"damage":12,"enemies":"Book of Stabbing","floor":25,"turns":4},{"damage":0,"enemies":"Cultist and Chosen","floor":27,"turns":3},{"damage":27,"enemies":"Gremlin Leader","floor":28,"turns":4},{"damage":10,"enemies":"Chosen and Byrds","floor":31,"turns":3},{"damage":22,"enemies":"Collector","floor":33,"turns":6},{"damage":22,"enemies":"Orb Walker","floor":35,"turns":3},{"damage":2,"enemies":"3 Shapes","floor":38,"turns":2},{"damage":0,"enemies":"Transient","floor":39,"turns":5},{"damage":0,"enemies":"Reptomancer","floor":42,"turns":5},{"damage":13,"enemies":"Sphere and 2 Shapes","floor":44,"turns":3},{"damage":42,"enemies":"Maw","floor":45,"turns":6},{"damage":7,"enemies":"Giant Head","floor":46,"turns":6},{"damage":7,"enemies":"3 Darklings","floor":48,"turns":3},{"damage":40,"enemies":"Awakened One","floor":50,"turns":9}],"seed_played":"670577979231439379","potions_obtained":[{"floor":1,"key":"Dexterity Potion"},{"floor":5,"key":"Swift Potion"},{"floor":7,"key":"Block Potion"},{"floor":28,"key":"EntropicBrew"},{"floor":33,"key":"Dexterity Potion"},{"floor":48,"key":"Fire Potion"}],"is_trial":false,"path_per_floor":["M","?","M","$","M","R","E","M","T","M","R","?","R","M","R","B",null,"M","?","$","$","?","R","M","E","T","M","E","?","?","M","R","B",null,"M","$","?","M","M","R","$","E","T","M","M","E","R","M","R","B",null],"character_chosen":"DEFECT","items_purchased":["Loop","Coolheaded","Kunai","Capacitor","Happy Flower","Consume"],"campfire_rested":5,"item_purchase_floors":[4,4,20,21,36,41],"current_hp_per_floor":[68,68,67,67,60,60,36,16,16,16,38,75,75,75,75,64,75,75,69,69,69,53,53,51,46,46,46,19,51,51,41,70,48,97,75,75,75,73,73,97,97,97,97,84,42,35,64,57,86,46],"gold":263,"neow_bonus":"RANDOM_COMMON_RELIC","is_prod":false,"is_daily":false,"chose_seed":false,"campfire_upgraded":4,"win_rate":0.0,"timestamp":1553648550,"path_taken":["M","?","M","$","M","R","E","?","T","M","R","?","R","?","R","BOSS","M","?","?","$","?","R","M","E","T","M","E","?","?","M","R","BOSS","M","$","?","?","M","R","$","E","T","M","M","E","R","M","R","BOSS"],"build_version":"2019-01-23","purchased_purges":0,"victory":true,"max_hp_per_floor":[75,75,75,75,75,75,75,75,75,75,75,75,75,75,75,75,75,75,85,85,85,90,90,90,97,97,97,97,97,97,97,97,97,97,97,97,97,97,97,97,97,97,97,97,97,97,97,97,97,97],"card_choices":[{"not_picked":["Consume","Cold Snap"],"picked":"Hello World","floor":1},{"not_picked":["Stack","Aggregate"],"picked":"Hello World","floor":3},{"not_picked":["Leap","Go for the Eyes"],"picked":"Rebound","floor":5},{"not_picked":["Coolheaded","Scrape"],"picked":"Ball Lightning","floor":7},{"not_picked":["Steam","Go for the Eyes"],"picked":"Conserve Battery","floor":8},{"not_picked":["Turbo","Steam"],"picked":"Force Field","floor":10},{"not_picked":["BootSequence","Ball Lightning"],"picked":"Defragment","floor":14},{"not_picked":["Machine Learning","Fission"],"picked":"Electrodynamics","floor":16},{"not_picked":["Genetic Algorithm","Coolheaded"],"picked":"Heatsinks","floor":18},{"not_picked":["Coolheaded","Barrage"],"picked":"Defragment+1","floor":19},{"not_picked":["White Noise","Scrape"],"picked":"Storm","floor":24},{"not_picked":["Hello World+1","Thunder Strike"],"picked":"Coolheaded+1","floor":25},{"not_picked":["Capacitor","Leap"],"picked":"Static Discharge+1","floor":27},{"not_picked":["Hello World","Gash"],"picked":"Rebound","floor":28},{"not_picked":["Consume","Go for the Eyes"],"picked":"Rebound+1","floor":31},{"not_picked":["Electrodynamics","Biased Cognition"],"picked":"Echo Form","floor":33},{"not_picked":["Blizzard","Gash"],"picked":"Ball Lightning","floor":35},{"not_picked":["Cold Snap+1","Barrage"],"picked":"Chill+1","floor":38},{"not_picked":["Melter+1","Streamline","Gash"],"picked":"SKIP","floor":39},{"not_picked":["Sweeping Beam+1","Stack+1"],"picked":"Chaos+1","floor":42},{"not_picked":["Electrodynamics","Darkness+1"],"picked":"White Noise+1","floor":44},{"not_picked":["Ball Lightning","Aggregate"],"picked":"Glacier+1","floor":45},{"not_picked":["Cold Snap+1","Leap","Melter+1"],"picked":"SKIP","floor":46},{"not_picked":["Doom and Gloom","Skim+1"],"picked":"Capacitor","floor":47},{"not_picked":["Sunder","FTL","Steam"],"picked":"SKIP","floor":48},{"not_picked":["Sunder+1","Streamline+1"],"picked":"Auto Shields+1","floor":49}],"player_experience":48387,"relics_obtained":[{"floor":7,"key":"Oddly Smooth Stone"},{"floor":9,"key":"Anchor"},{"floor":19,"key":"Calipers"},{"floor":19,"key":"Pear"},{"floor":25,"key":"Strawberry"},{"floor":26,"key":"Pen Nib"},{"floor":28,"key":"PreservedInsect"},{"floor":42,"key":"Lantern"},{"floor":43,"key":"Dream Catcher"},{"floor":46,"key":"Gremlin Horn"}],"event_choices":[{"damage_healed":0,"gold_gain":0,"cards_transformed":["Strike_B"],"player_choice":"Transformed","damage_taken":0,"max_hp_gain":0,"max_hp_loss":0,"event_name":"Transmorgrifier","floor":2,"gold_loss":0,"cards_obtained":["Ball Lightning"]},{"damage_healed":37,"gold_gain":0,"player_choice":"Full Heal","damage_taken":0,"max_hp_gain":0,"max_hp_loss":0,"event_name":"Wheel of Change","floor":12,"gold_loss":0},{"damage_healed":0,"gold_gain":0,"player_choice":"Fight","damage_taken":0,"max_hp_gain":0,"max_hp_loss":0,"event_name":"Colosseum","floor":19,"gold_loss":0},{"damage_healed":0,"gold_gain":0,"player_choice":"Fought Nobs","damage_taken":0,"max_hp_gain":0,"max_hp_loss":0,"event_name":"Colosseum","floor":19,"gold_loss":0},{"damage_healed":0,"gold_gain":0,"player_choice":"Shed Blood","damage_taken":21,"max_hp_gain":5,"max_hp_loss":0,"event_name":"Forgotten Altar","floor":22,"gold_loss":0},{"damage_healed":32,"gold_gain":0,"player_choice":"Heal","damage_taken":0,"max_hp_gain":0,"max_hp_loss":0,"event_name":"The Library","floor":29,"gold_loss":0},{"cards_removed":["Injury"],"damage_healed":0,"gold_gain":0,"player_choice":"Offered Curse","damage_taken":0,"relics_obtained":["Spirit Poop"],"max_hp_gain":0,"max_hp_loss":0,"event_name":"Bonfire Elementals","floor":30,"gold_loss":0},{"cards_removed":["Strike_B"],"damage_healed":0,"gold_gain":0,"player_choice":"Purged","damage_taken":0,"max_hp_gain":0,"max_hp_loss":0,"event_name":"Purifier","floor":37,"gold_loss":0}],"is_beta":false,"boss_relics":[{"not_picked":["Philosopher\u0027s Stone","Lizard Tail"],"picked":"Cursed Key"},{"not_picked":["Coffee Dripper","Eternal Feather"],"picked":"Fusion Hammer"}],"items_purged_floors":[],"is_endless":false,"potions_floor_spawned":[1,5,7,18,28,33,39,44,46,48],"ascension_level":0}