{"gold_per_floor":[116,191,191,212,227,227,241,255,280,316,329,329,175,191,191,280,280,300,121,121,134,134,134,166,184,184,184,484,53,53,53,53,53],"floor_reached":33,"playtime":2403,"items_purged":["Strike_B","Gash","Self Repair"],"score":462,"play_id":"f35798a1-28d6-45c2-9e1e-ef8fb4541f4f","local_time":"20180920043556","is_ascension_mode":true,"campfire_choices":[{"data":"Dualcast","floor":6,"key":"SMITH"},{"floor":12,"key":"REST"},{"data":"Chaos","floor":15,"key":"SMITH"},{"floor":23,"key":"REST"},{"floor":30,"key":"REST"},{"data":"Blizzard","floor":32,"key":"SMITH"}],"neow_cost":"NONE","seed_source_timestamp":400862450757644,"circlet_count":0,"master_deck":["Zap","Dualcast+1","AscendersBane","Cold Snap","Cold Snap","Compile Driver","Chaos+1","Self Repair","Reprogram","Doom and Gloom","Chill","Reboot","Coolheaded","Hologram","Leap","Stack","Defragment","Reinforced Body","FTL+1","Auto Shields","Writhe","Capacitor","Blizzard+1","Capacitor","Reboot","Cold Snap","Ghostly","Ghostly","Ghostly","Ghostly","Ghostly"],"relics":["Cracked Core","Bloody Idol","Dream Catcher","Ancient Tea Set","Pandora\u0027s Box","Blood Vial","The Courier","Old Coin"],"potions_floor_usage":[10,16,24,25,33],"damage_taken":[{"damage":0,"enemies":"Small Slimes","floor":1,"turns":3},{"damage":0,"enemies":"2 Louse","floor":4,"turns":2},{"damage":0,"enemies":"Cultist","floor":5,"turns":3},{"damage":4,"enemies":"3 Louse","floor":7,"turns":4},{"damage":3,"enemies":"2 Fungi Beasts","floor":8,"turns":3},{"damage":29,"enemies":"Gremlin Nob","floor":10,"turns":6},{"damage":8,"enemies":"Looter","floor":11,"turns":3},{"damage":0,"enemies":"Exordium Wildlife","floor":14,"turns":3},{"damage":38,"enemies":"Slime Boss","floor":16,"turns":11},{"damage":7,"enemies":"Chosen","floor":18,"turns":5},{"damage":0,"enemies":"Spheric Guardian","floor":21,"turns":4},{"damage":40,"enemies":"Colosseum Slavers","floor":22,"turns":5},{"damage":40,"enemies":"Gremlin Leader","floor":24,"turns":5},{"damage":14,"enemies":"Snake Plant","floor":25,"turns":7},{"damage":53,"enemies":"Collector","floor":33,"turns":7}],"seed_played":"-6569685581382520883","potions_obtained":[{"floor":7,"key":"Block Potion"},{"floor":10,"key":"Regen Potion"},{"floor":14,"key":"PowerPotion"},{"floor":24,"key":"AttackPotion"}],"is_trial":false,"path_per_floor":["M","?","?","M","M","R","M","M","T","E","M","R","$","M","R","B",null,"M","$","?","M","?","R","E","M","T","$","?","$","R","?","R"],"character_chosen":"DEFECT","items_purchased":["Doom and Gloom","Reinforced Body","Capacitor","Blizzard","Capacitor","Regen Potion","SkillPotion","Reboot"],"campfire_rested":3,"item_purchase_floors":[13,19,29,29,29,29,29,29],"current_hp_per_floor":[75,64,64,64,64,64,60,57,57,35,27,49,49,56,56,32,65,72,72,72,76,50,72,37,44,44,44,49,49,71,38,38,0],"gold":53,"neow_bonus":"TEN_PERCENT_HP_BONUS","is_prod":false,"is_daily":false,"chose_seed":false,"campfire_upgraded":3,"win_rate":0,"timestamp":1537410956,"path_taken":["M","?","?","M","M","R","M","?","T","E","M","R","$","M","R","BOSS","M","$","?","M","?","R","E","M","T","$","?","$","R","?","R","BOSS"],"build_version":"2018-09-06","purchased_purges":3,"victory":false,"max_hp_per_floor":[82,82,76,76,76,76,76,76,76,76,76,76,76,76,76,76,76,76,76,76,76,76,76,76,76,76,76,76,76,76,38,38,38],"card_choices":[{"not_picked":["Redo","Steam"],"picked":"Cold Snap","floor":1},{"not_picked":["Leap","Streamline"],"picked":"Cold Snap","floor":4},{"not_picked":["Rebound","Leap"],"picked":"Compile Driver","floor":5},{"not_picked":["Redo","Barrage"],"picked":"Chaos","floor":7},{"not_picked":["Skim","Creative AI"],"picked":"Self Repair","floor":8},{"not_picked":["Leap","Gash"],"picked":"Reprogram","floor":10},{"not_picked":["Double Energy","Coolheaded","Rebound"],"picked":"SKIP","floor":11},{"not_picked":["Double Energy","Chill","Recycle"],"picked":"SKIP","floor":14},{"not_picked":["Double Energy","Recycle"],"picked":"Chill","floor":14},{"not_picked":["Fission","Machine Learning"],"picked":"Reboot","floor":16},{"not_picked":["Sweeping Beam","Streamline","Steam Power"],"picked":"SKIP","floor":18},{"not_picked":["Steam Power","Leap"],"picked":"FTL+1","floor":21},{"not_picked":["Reprogram","Melter"],"picked":"Auto Shields","floor":24},{"not_picked":["Barrage","Go for the Eyes","Steam"],"picked":"SKIP","floor":25},{"not_picked":["Rip and Tear","Coolheaded+1"],"picked":"Cold Snap","floor":30}],"player_experience":442053,"relics_obtained":[{"floor":9,"key":"Dream Catcher"},{"floor":10,"key":"Ancient Tea Set"},{"floor":24,"key":"Blood Vial"},{"floor":26,"key":"The Courier"}],"event_choices":[{"event_name":"World of Goop","player_choice":"Gather Gold","floor":2,"damage_taken":0},{"event_name":"Golden Idol","player_choice":"Lose Max HP","floor":3,"damage_taken":0},{"event_name":"Forgotten Altar","player_choice":"Gave Idol","floor":20,"damage_taken":0},{"event_name":"Colosseum","player_choice":"Fight","floor":22,"damage_taken":0},{"event_name":"Colosseum","player_choice":"Fled From Nobs","floor":22,"damage_taken":0},{"event_name":"The Mausoleum","player_choice":"Yes","floor":28,"damage_taken":0},{"event_name":"Ghosts","player_choice":"Became a Ghost","floor":31,"damage_taken":0}],"is_beta":false,"boss_relics":[{"not_picked":["Runic Dome","Fusion Hammer"],"picked":"Pandora\u0027s Box"}],"items_purged_floors":[13,19,29],"is_endless":false,"potions_floor_spawned":[7,10,14,22,24],"killed_by":"Collector","ascension_level":13}