{"path_per_floor":["M","?","?","M","?","E","T","M","T","M","M","E","$","?","R","B",null,"M","M","M","?","M","R","$","R","T","R","M","E","?","M","R","B",null,"M","?","M","$","M","R","M","T","T","M","R","?","?","$","R"],"character_chosen":"THE_SILENT","items_purchased":["Escape Plan","Footwork","Panache"],"gold_per_floor":[116,116,116,131,131,171,171,190,190,206,222,258,146,126,126,249,249,268,259,277,277,295,295,122,122,145,145,168,206,206,230,230,353,353,368,368,383,60,76,76,100,100,169,187,187,187,187,37,37],"floor_reached":50,"campfire_rested":2,"playtime":4725,"current_hp_per_floor":[77,77,77,77,77,57,57,57,57,57,57,45,45,45,68,48,77,77,77,70,70,70,70,70,70,70,70,70,70,54,39,62,44,77,77,77,77,77,77,77,74,74,74,74,74,74,74,74,74],"items_purged":["Strike_G","Defend_G","Survivor","Writhe"],"gold":37,"play_id":"1e9ef370-3a17-410e-9c26-c72be554f743","is_prod":false,"is_daily":false,"campfire_rituals":0,"campfire_upgraded":4,"is_hardmode":false,"path_taken":["M","?","?","?","?","E","?","M","T","M","M","E","$","?","R","BOSS","M","M","M","?","M","R","$","R","T","R","M","E","?","?","R","BOSS","M","?","M","$","?","R","M","?","T","M","R","?","?","$","R","BOSS"],"build_version":"2018-01-18-PROD4","purchased_purges":5,"victory":false,"master_deck":["Defend_G","Defend_G","Defend_G","Strike_G","Strike_G","Strike_G","Strike_G","Neutralize","Flying Knee","Blur","Poisoned Stab","Escape Plan","Acrobatics","Poisoned Stab","Escape Plan","A Thousand Cuts","Blur","Prepared","A Thousand Cuts","Slice","Footwork","Parasite","Flying Knee","A Thousand Cuts","Quick Slash","Prepared","Panache","Poisoned Stab","Slice","Writhe","Slice"],"max_hp_per_floor":[77,77,77,77,77,77,77,77,77,77,77,77,77,77,77,77,77,77,77,77,77,77,77,77,77,77,77,77,77,77,77,77,77,77,77,77,77,77,77,77,77,77,77,77,77,77,77,77,77],"relics":["Ring of the Snake","Strawberry","Golden Idol","Anchor","Girya","Thread and Needle","Shovel","Cursed Key","Vajra","Ginger","Nilry\u0027s Codex","Ice Cream","Darkstone Periapt","Gambling Chip"],"campfire_meditates":0,"card_choices":[{"not_picked":["Dodge and Roll","Backstab"],"picked":"Flying Knee"},{"not_picked":["Skewer","Masterful Stab"],"picked":"Blur"},{"not_picked":["Slice","Masterful Stab"],"picked":"Poisoned Stab"},{"not_picked":["Backflip","Deflect"],"picked":"Escape Plan"},{"not_picked":["Eviscerate","All Out Attack"],"picked":"Acrobatics"},{"not_picked":["Quick Slash","Cloak And Dagger"],"picked":"Poisoned Stab"},{"not_picked":["Tactician","Phantasmal Killer"],"picked":"A Thousand Cuts"},{"not_picked":["Sucker Punch","Quick Slash"],"picked":"Blur"},{"not_picked":["Backflip","Dagger Spray"],"picked":"Prepared"},{"not_picked":["Dagger Throw","Bane"],"picked":"A Thousand Cuts"},{"not_picked":["Riddle With Holes","Backstab"],"picked":"Slice"},{"not_picked":["Deadly Poison","Outmaneuver"],"picked":"Flying Knee"},{"not_picked":["Corpse Explosion","Doppelganger"],"picked":"A Thousand Cuts"},{"not_picked":["Flying Knee","Masterful Stab"],"picked":"Quick Slash"},{"not_picked":["Dash","Leg Sweep"],"picked":"Prepared"},{"not_picked":["Malaise","Blade Dance"],"picked":"Poisoned Stab"},{"not_picked":["Cloak And Dagger","Blade Dance"],"picked":"Slice"},{"not_picked":["Unload","Deadly Poison"],"picked":"Slice"}],"player_experience":87007,"potions_floor_usage":[16,28,29,50,50],"damage_taken":[{"damage":0,"enemies":"2 Louse","floor":1,"turns":3},{"damage":0,"enemies":"Jaw Worm","floor":4,"turns":4},{"damage":20,"enemies":"Gremlin Nob","floor":6,"turns":5},{"damage":0,"enemies":"Cultist","floor":8,"turns":3},{"damage":0,"enemies":"Red Slaver","floor":10,"turns":3},{"damage":0,"enemies":"3 Louse","floor":11,"turns":4},{"damage":12,"enemies":"3 Sentries","floor":12,"turns":10},{"damage":20,"enemies":"The Guardian","floor":16,"turns":14},{"damage":0,"enemies":"Chosen","floor":18,"turns":5},{"damage":0,"enemies":"2 Thieves","floor":19,"turns":4},{"damage":7,"enemies":"Snake Plant","floor":20,"turns":5},{"damage":0,"enemies":"Centurion and Healer","floor":22,"turns":6},{"damage":0,"enemies":"3 Cultists","floor":28,"turns":3},{"damage":0,"enemies":"Slavers","floor":29,"turns":4},{"damage":15,"enemies":"Chosen and Byrds","floor":31,"turns":5},{"damage":18,"enemies":"Automaton","floor":33,"turns":11},{"damage":0,"enemies":"Orb Walker","floor":35,"turns":4},{"damage":0,"enemies":"3 Shapes","floor":37,"turns":4},{"damage":0,"enemies":"3 Darklings","floor":39,"turns":5},{"damage":3,"enemies":"Sphere and 2 Shapes","floor":41,"turns":4},{"damage":0,"enemies":"4 Shapes","floor":44,"turns":5},{"damage":79,"enemies":"Time Eater","floor":50,"turns":9}],"event_choices":[{"event_name":"Golden Idol","player_choice":"Take Wound","floor":2,"damage_taken":0},{"event_name":"Accursed Blacksmith","player_choice":"Forge","floor":3,"damage_taken":0},{"event_name":"Fountain of Cleansing","player_choice":"Removed Curse","floor":5,"damage_taken":0},{"event_name":"World of Goop","player_choice":"Left","floor":14,"damage_taken":0},{"event_name":"Back to Basics","player_choice":"Simplicity","floor":21,"damage_taken":0},{"event_name":"Cursed Tome","player_choice":"Obtained Book","floor":30,"damage_taken":0},{"event_name":"Tomb of Lord Red Mask","player_choice":"Ignored","floor":36,"damage_taken":0},{"event_name":"Mysterious Sphere","player_choice":"Ignore","floor":46,"damage_taken":0}],"boss_relics":[{"not_picked":["Tiny House","Astrolabe"],"picked":"Cursed Key"},{"not_picked":["Runic Dome","Orrery","Runic Pyramid"]}],"potions_floor_spawned":[10,16,19,22,31,33,35,44],"seed_played":"-763282183395390667","killed_by":"Time Eater","is_trial":false}