{"gold_per_floor":[110,35,35,53,16,16,16,16,16,16,32,32,48,58,58,154,154,164,64,76,76,93,93,93],"floor_reached":24,"playtime":810,"items_purged":["Strike_B","Aggregate"],"score":298,"play_id":"fdbc0c04-f35b-4b40-a5eb-0129375b6ff7","local_time":"20180919021328","is_ascension_mode":true,"campfire_choices":[{"data":"Static Discharge","floor":6,"key":"SMITH"},{"data":"Dualcast","floor":8,"key":"SMITH"},{"data":"Steam","floor":10,"key":"SMITH"},{"floor":12,"key":"REST"},{"data":"Redo","floor":15,"key":"SMITH"},{"floor":23,"key":"REST"}],"neow_cost":"NONE","seed_source_timestamp":307506161656526,"circlet_count":0,"master_deck":["Strike_B","Strike_B","Defend_B","Defend_B","Defend_B","Defend_B","Zap+1","Dualcast+1","AscendersBane","Steam+1","Static Discharge+1","Redo+1","Ball Lightning","Seek","Steam+1","FTL","Necronomicurse","Redo"],"relics":["Cracked Core","Happy Flower","Nuclear Battery","Necronomicon"],"potions_floor_usage":[16,16,20],"damage_taken":[{"damage":8,"enemies":"2 Louse","floor":1,"turns":3},{"damage":1,"enemies":"Cultist","floor":4,"turns":3},{"damage":7,"enemies":"Small Slimes","floor":11,"turns":4},{"damage":4,"enemies":"Red Slaver","floor":13,"turns":3},{"damage":7,"enemies":"Looter","floor":14,"turns":2},{"damage":5,"enemies":"The Guardian","floor":16,"turns":7},{"damage":15,"enemies":"Chosen","floor":18,"turns":5},{"damage":13,"enemies":"Spheric Guardian","floor":20,"turns":4},{"damage":24,"enemies":"Snake Plant","floor":22,"turns":3},{"damage":25,"enemies":"Sentry and Sphere","floor":24,"turns":3}],"seed_played":"6766941799210285310","potions_obtained":[{"floor":1,"key":"FocusPotion"},{"floor":13,"key":"GamblersBrew"},{"floor":18,"key":"Poison Potion"}],"is_trial":false,"path_per_floor":["M","$","?","M","?","R","$","R","T","R","M","R","M","M","R","B",null,"M","$","M","?","M","R"],"character_chosen":"DEFECT","items_purchased":[],"campfire_rested":2,"item_purchase_floors":[],"current_hp_per_floor":[60,60,60,59,59,59,59,59,59,59,52,74,70,63,63,58,71,56,56,43,27,3,25,0],"gold":93,"neow_bonus":"UPGRADE_CARD","is_prod":false,"is_daily":false,"chose_seed":false,"campfire_upgraded":4,"win_rate":0,"timestamp":1537316008,"path_taken":["M","$","?","?","?","R","$","R","T","R","M","R","M","?","R","BOSS","M","$","M","?","M","R","M"],"build_version":"2018-09-06","purchased_purges":2,"victory":false,"max_hp_per_floor":[75,75,75,75,75,75,75,75,75,75,75,75,75,75,75,75,75,75,75,75,75,75,75,75],"card_choices":[{"not_picked":["Doom and Gloom","Stack"],"picked":"Steam","floor":1},{"not_picked":["Defragment","Glacier"],"picked":"Static Discharge","floor":4},{"not_picked":["Turbo","Gash","Skim"],"picked":"SKIP","floor":11},{"not_picked":["Fusion","Auto Shields"],"picked":"Redo","floor":13},{"not_picked":["Aggregate","Chill"],"picked":"Ball Lightning","floor":14},{"not_picked":["Biased Cognition","Rainbow"],"picked":"Seek","floor":16},{"not_picked":["Reprogram","Tempest"],"picked":"Steam+1","floor":18},{"not_picked":["Darkness","Glacier"],"picked":"FTL","floor":20},{"not_picked":["Hologram","Compile Driver"],"picked":"Redo","floor":22}],"player_experience":383815,"relics_obtained":[{"floor":9,"key":"Happy Flower"},{"floor":21,"key":"Necronomicon"}],"event_choices":[{"event_name":"Transmorgrifier","player_choice":"Transform","floor":3,"damage_taken":0},{"event_name":"World of Goop","player_choice":"Left","floor":5,"damage_taken":0},{"event_name":"Cursed Tome","player_choice":"Obtained Book","floor":21,"damage_taken":0}],"is_beta":false,"boss_relics":[{"not_picked":["Inserter","Velvet Choker"],"picked":"Nuclear Battery"}],"items_purged_floors":[2,19],"is_endless":false,"potions_floor_spawned":[1,13,18],"killed_by":"Sentry and Sphere","ascension_level":12}