{"gold_per_floor":[159,219,69,129,189,294,28,93,93,24,114,126,183,255,267,579,591,648,585,642,654,731,853,865,922,934,971,983,995,1097,1154,1166,1478,1640,1697,2060,2117,1229,1274,1274,1339,1399,1399,1399,1444,1444,1489,1594,1594,1594],"floor_reached":50,"playtime":2817,"items_purged":["Enlightenment+1","Strike_R"],"score":728,"play_id":"40ce971f-f134-470c-8eb3-7889790af548","local_time":"20180829190959","daily_mods":["Allstar","Cursed Run","Midas"],"is_ascension_mode":false,"campfire_choices":[{"floor":12,"key":"REST"},{"floor":15,"key":"REST"},{"floor":24,"key":"REST"},{"floor":29,"key":"REST"},{"floor":32,"key":"REST"},{"floor":40,"key":"REST"},{"floor":46,"key":"REST"},{"floor":49,"key":"REST"}],"neow_cost":"","seed_source_timestamp":0,"circlet_count":0,"master_deck":["Strike_R","Strike_R","Strike_R+1","Strike_R","Defend_R","Defend_R","Defend_R","Bash","Trip","Dark Shackles","Good Instincts+1","HandOfGreed","Shrug It Off","Sword Boomerang","Flex","Apotheosis","Cleave","Parasite","Uppercut+1","Shrug It Off","Flex","Double Tap","Shockwave+1","Shame","Injury","Shame","Doubt","Offering","Magnetism","Clothesline+1","Inflame","Normality"],"special_seed":17773,"relics":["Cursed Key","Darkstone Periapt","Du-Vu Doll","Pen Nib","War Paint","Molten Egg 2","MawBank","Velvet Choker","Dodecahedron","Juzu Bracelet","Meat on the Bone","Anchor","Strawberry","Tiny House","Old Coin","Lantern","Orichalcum","MealTicket","Art of War"],"potions_floor_usage":[6,20,30,33,36,39,42,50,50,50],"damage_taken":[{"damage":1,"enemies":"Cultist","floor":1,"turns":3},{"damage":0,"enemies":"Small Slimes","floor":2,"turns":3},{"damage":0,"enemies":"2 Louse","floor":4,"turns":4},{"damage":7,"enemies":"Blue Slaver","floor":5,"turns":4},{"damage":17,"enemies":"3 Sentries","floor":6,"turns":8},{"damage":0,"enemies":"3 Louse","floor":8,"turns":3},{"damage":7,"enemies":"Gremlin Nob","floor":11,"turns":3},{"damage":0,"enemies":"2 Fungi Beasts","floor":13,"turns":2},{"damage":0,"enemies":"Exordium Thugs","floor":14,"turns":2},{"damage":6,"enemies":"The Guardian","floor":16,"turns":8},{"damage":3,"enemies":"Chosen","floor":18,"turns":3},{"damage":10,"enemies":"3 Byrds","floor":20,"turns":4},{"damage":9,"enemies":"Snake Plant","floor":22,"turns":4},{"damage":23,"enemies":"Book of Stabbing","floor":23,"turns":5},{"damage":9,"enemies":"Snecko","floor":25,"turns":4},{"damage":6,"enemies":"Gremlin Leader","floor":30,"turns":6},{"damage":20,"enemies":"Chosen and Byrds","floor":31,"turns":5},{"damage":45,"enemies":"Champ","floor":33,"turns":10},{"damage":9,"enemies":"3 Shapes","floor":35,"turns":5},{"damage":11,"enemies":"Mysterious Sphere","floor":36,"turns":4},{"damage":7,"enemies":"Orb Walker","floor":37,"turns":3},{"damage":17,"enemies":"Maw","floor":39,"turns":7},{"damage":23,"enemies":"Spire Growth","floor":41,"turns":4},{"damage":17,"enemies":"Sphere and 2 Shapes","floor":42,"turns":5},{"damage":33,"enemies":"Maw","floor":45,"turns":6},{"damage":11,"enemies":"Flame Bruiser 2 Orb","floor":47,"turns":4},{"damage":23,"enemies":"2 Orb Walkers","floor":48,"turns":4},{"damage":147,"enemies":"Awakened One","floor":50,"turns":9}],"seed_played":"8318791093423734901","potions_obtained":[{"floor":1,"key":"BloodPotion"},{"floor":5,"key":"Weak Potion"},{"floor":11,"key":"Explosive Potion"},{"floor":16,"key":"FearPotion"},{"floor":23,"key":"Block Potion"},{"floor":30,"key":"GamblersBrew"},{"floor":33,"key":"SteroidPotion"},{"floor":34,"key":"LiquidBronze"},{"floor":41,"key":"Block Potion"},{"floor":42,"key":"Swift Potion"}],"is_trial":false,"path_per_floor":["M","M","$","M","M","E","$","M","T","$","E","R","M","M","R","B",null,"M","?","M","?","M","E","R","M","T","T","?","R","E","M","R","B",null,"M","?","M","$","M","R","M","M","T","?","M","R","M","E","R"],"character_chosen":"IRONCLAD","items_purchased":["Pen Nib","Apotheosis","Uppercut+1","Lantern","Orichalcum","Magnetism","Clothesline+1","FearPotion","MealTicket"],"campfire_rested":8,"item_purchase_floors":[3,7,10,38,38,38,38,38,38],"current_hp_per_floor":[79,79,79,79,72,63,63,63,69,69,62,86,86,86,86,86,92,89,89,79,85,76,53,82,73,79,85,62,96,97,77,113,74,133,124,113,106,106,89,128,105,88,94,94,73,114,103,80,121,0],"gold":1594,"neow_bonus":"","is_prod":false,"is_daily":true,"chose_seed":false,"campfire_upgraded":0,"win_rate":0,"timestamp":1535594999,"path_taken":["M","M","$","M","M","E","?","M","T","$","E","R","M","M","R","BOSS","M","?","M","?","M","E","R","M","T","?","?","R","E","M","R","BOSS","M","?","M","$","M","R","M","M","T","?","M","R","M","E","R","BOSS"],"build_version":"2018-08-23v2","purchased_purges":2,"victory":false,"max_hp_per_floor":[80,80,80,80,80,80,80,80,86,86,86,86,86,86,86,92,92,92,92,92,98,98,98,98,98,104,110,115,115,122,122,122,128,133,133,133,133,133,133,133,133,133,139,139,139,139,139,139,139,139],"card_choices":[{"not_picked":["Perfected Strike","Warcry"],"picked":"Shrug It Off","floor":1},{"not_picked":["Clash","Headbutt"],"picked":"Sword Boomerang","floor":2},{"not_picked":["Clash","True Grit","Warcry"],"picked":"SKIP","floor":4},{"not_picked":["Power Through","Bloodletting"],"picked":"Flex","floor":5},{"not_picked":["Anger","Impervious","Second Wind"],"picked":"SKIP","floor":6},{"not_picked":["Havoc","Clash"],"picked":"Cleave","floor":8},{"not_picked":["Headbutt+1","Burning Pact","Corruption"],"picked":"SKIP","floor":11},{"not_picked":["True Grit","Disarm"],"picked":"Shrug It Off","floor":13},{"not_picked":["Disarm","Sword Boomerang+1"],"picked":"Flex","floor":14},{"not_picked":["Demon Form","Dark Embrace"],"picked":"Double Tap","floor":16},{"not_picked":["Anger+1","Infernal Blade"],"picked":"Shockwave+1","floor":18},{"not_picked":["Perfected Strike+1","Headbutt+1","Sword Boomerang+1"],"picked":"SKIP","floor":20},{"not_picked":["True Grit+1","Clash+1","Twin Strike+1"],"picked":"SKIP","floor":22},{"not_picked":["Carnage+1","Body Slam+1","Armaments+1"],"picked":"SKIP","floor":23},{"not_picked":["Thunderclap+1","Iron Wave+1","Flame Barrier"],"picked":"SKIP","floor":25},{"not_picked":["Combust","Flex","Searing Blow+1"],"picked":"SKIP","floor":30},{"not_picked":["Iron Wave+1","Rupture","Shockwave"],"picked":"SKIP","floor":31},{"not_picked":["Barricade","Dark Embrace"],"picked":"Offering","floor":33},{"not_picked":["Twin Strike+1","Searing Blow+1","Clash+1"],"picked":"SKIP","floor":35},{"not_picked":["Fire Breathing","Sword Boomerang+1","Searing Blow+1"],"picked":"SKIP","floor":37},{"not_picked":["Headbutt+1","Sword Boomerang+1"],"picked":"Inflame","floor":39},{"not_picked":["Heavy Blade+1","Twin Strike+1","Headbutt+1"],"picked":"SKIP","floor":41},{"not_picked":["Sentinel","Wild Strike+1","Sever Soul+1"],"picked":"SKIP","floor":42},{"not_picked":["Intimidate","Clothesline+1","Brutality"],"picked":"SKIP","floor":45},{"not_picked":["Warcry","Pommel Strike+1","Rage"],"picked":"SKIP","floor":47},{"not_picked":["Anger+1","Clothesline+1","Armaments"],"picked":"SKIP","floor":48}],"player_experience":450249,"relics_obtained":[{"floor":6,"key":"War Paint"},{"floor":9,"key":"Molten Egg 2"},{"floor":11,"key":"MawBank"},{"floor":23,"key":"Juzu Bracelet"},{"floor":26,"key":"Meat on the Bone"},{"floor":27,"key":"Anchor"},{"floor":30,"key":"Strawberry"},{"floor":36,"key":"Old Coin"},{"floor":43,"key":"Art of War"}],"event_choices":[{"event_name":"Beggar","player_choice":"Gave Gold","floor":19,"damage_taken":0},{"event_name":"Addict","player_choice":"Stole Relic","floor":21,"damage_taken":0},{"event_name":"Forgotten Altar","player_choice":"Shed Blood","floor":28,"damage_taken":0},{"event_name":"Mysterious Sphere","player_choice":"Fight","floor":36,"damage_taken":0},{"event_name":"Falling","player_choice":"Removed Skill","floor":44,"damage_taken":0}],"is_beta":false,"boss_relics":[{"not_picked":["Ectoplasm","Astrolabe"],"picked":"Velvet Choker"},{"not_picked":["Mark of Pain","Coffee Dripper"],"picked":"Tiny House"}],"items_purged_floors":[7,38],"is_endless":false,"potions_floor_spawned":[1,5,11,16,23,30,31,33,41,42,48],"killed_by":"Awakened One","ascension_level":0}