{"path_per_floor":["M","M","M","M","M","R","?","M","T","?","M","E","R","$","R","B",null,"M","M","M","?","$","R","M","M","T","R","M","?","R","M","R","B",null,"M","?","$","?","M","R","M","M","T","R","?","M","R","$","R","B"],"character_chosen":"THE_SILENT","items_purchased":["Purity","Blood Vial","Expertise","Calculated Gamble"],"gold_per_floor":[18,29,39,58,74,74,74,89,89,153,173,200,200,22,22,122,122,136,156,167,167,24,24,42,59,59,59,79,79,79,90,90,190,190,207,207,90,90,105,105,123,135,135,135,0,16,16,16,16,16],"floor_reached":51,"campfire_rested":2,"playtime":5768,"current_hp_per_floor":[70,70,70,58,58,58,58,55,55,47,47,47,47,47,47,42,70,68,62,47,47,47,47,35,41,41,41,41,41,41,47,68,40,70,69,69,69,69,64,64,55,41,41,41,41,40,40,40,61,15],"items_purged":["Strike_G"],"gold":16,"score":478,"play_id":"fd8e6abe-e388-438b-9d0a-1d114998fcdc","is_prod":false,"is_daily":false,"is_ascension_mode":false,"campfire_upgraded":9,"path_taken":["M","M","M","M","M","R","?","M","T","?","M","E","R","?","R","BOSS","M","M","?","?","?","R","M","M","T","R","?","?","R","?","R","BOSS","M","?","?","?","M","R","M","M","T","R","?","M","R","$","R","BOSS"],"build_version":"2018-02-15-PROD1","purchased_purges":1,"victory":true,"master_deck":["Defend_G","Defend_G","Defend_G","Defend_G","Survivor","Neutralize","Unload","Poisoned Stab","Poisoned Stab","Catalyst+1","Die Die Die","Noxious Fumes+1","Poisoned Stab","Backflip","After Image","Noxious Fumes+1","Purity+1","Tools of the Trade+1","Prepared+1","Crippling Poison+1","Dodge and Roll+1","Outmaneuver+1","Wraith Form+1","Predator+1","Outmaneuver+1","Expertise","Calculated Gamble+1","PiercingWail","Footwork+1"],"max_hp_per_floor":[70,70,70,70,70,70,70,70,70,70,70,70,70,70,70,70,70,70,70,70,70,70,70,70,70,70,70,70,70,70,70,70,70,70,70,70,70,70,70,70,70,70,70,70,70,70,70,70,70,70],"relics":["Ring of the Snake","Sundial","Gremlin Horn","Meat on the Bone","Sozu","Blood Vial","Bronze Scales","Astrolabe","Ice Cream","Red Mask"],"card_choices":[{"not_picked":["Wraith Form","Venomology"],"picked":"Unload"},{"not_picked":["Dagger Spray","Quick Slash"],"picked":"Poisoned Stab"},{"not_picked":["PiercingWail","Bane"],"picked":"Poisoned Stab"},{"not_picked":["Quick Slash","Dash"],"picked":"Catalyst"},{"not_picked":["Deflect","Slice"],"picked":"Die Die Die"},{"not_picked":["Quick Slash","Escape Plan"],"picked":"Noxious Fumes"},{"not_picked":["Quick Slash","Deflect"],"picked":"Poisoned Stab"},{"not_picked":["Acrobatics","Eviscerate"],"picked":"Backflip"},{"not_picked":["Flying Knee","Dodge and Roll"],"picked":"After Image"},{"not_picked":["Glass Knife","Dagger Spray"],"picked":"Noxious Fumes"},{"not_picked":["After Image","Burst"],"picked":"Tools of the Trade"},{"not_picked":["Poisoned Stab","Well Laid Plans"],"picked":"Prepared"},{"not_picked":["Finisher","Caltrops"],"picked":"Dodge and Roll"},{"not_picked":["Dagger Throw","Quick Slash"],"picked":"Outmaneuver"},{"not_picked":["Flying Knee","Dagger Spray"],"picked":"Outmaneuver"},{"not_picked":["Slice","Bane"],"picked":"PiercingWail"},{"not_picked":["Dagger Spray","Acrobatics"],"picked":"Footwork"}],"player_experience":25914,"potions_floor_usage":[10,12],"damage_taken":[{"damage":0,"enemies":"Small Slimes","floor":1,"turns":4},{"damage":0,"enemies":"2 Louse","floor":2,"turns":4},{"damage":0,"enemies":"Jaw Worm","floor":3,"turns":4},{"damage":12,"enemies":"3 Louse","floor":4,"turns":3},{"damage":0,"enemies":"Blue Slaver","floor":5,"turns":5},{"damage":3,"enemies":"Lots of Slimes","floor":8,"turns":2},{"damage":8,"enemies":"Gremlin Nob","floor":10,"turns":3},{"damage":0,"enemies":"Exordium Thugs","floor":11,"turns":5},{"damage":0,"enemies":"Gremlin Nob","floor":12,"turns":4},{"damage":17,"enemies":"Slime Boss","floor":16,"turns":9},{"damage":2,"enemies":"Chosen","floor":18,"turns":4},{"damage":6,"enemies":"Shell Parasite","floor":19,"turns":5},{"damage":15,"enemies":"Snecko","floor":20,"turns":5},{"damage":26,"enemies":"Chosen and Byrds","floor":24,"turns":6},{"damage":8,"enemies":"Centurion and Healer","floor":25,"turns":6},{"damage":2,"enemies":"Sentry and Sphere","floor":28,"turns":5},{"damage":8,"enemies":"Snake Plant","floor":31,"turns":4},{"damage":42,"enemies":"Collector","floor":33,"turns":7},{"damage":1,"enemies":"Orb Walker","floor":35,"turns":5},{"damage":6,"enemies":"3 Shapes","floor":39,"turns":6},{"damage":11,"enemies":"3 Darklings","floor":41,"turns":5},{"damage":28,"enemies":"4 Shapes","floor":42,"turns":6},{"damage":3,"enemies":"Sphere and 2 Shapes","floor":46,"turns":4},{"damage":60,"enemies":"Donu and Deca","floor":50,"turns":8}],"event_choices":[{"event_name":"Living Wall","player_choice":"Forget","floor":7,"damage_taken":0},{"event_name":"Dead Adventurer","player_choice":"Searched \u00272\u0027 times","floor":10,"damage_taken":0},{"event_name":"The Library","player_choice":"Read","floor":21,"damage_taken":0},{"event_name":"Match and Keep!","player_choice":"0 cards matched","floor":29,"damage_taken":0},{"event_name":"Wheel of Change","player_choice":"Card Removal","floor":38,"damage_taken":0},{"event_name":"Tomb of Lord Red Mask","player_choice":"Paid","floor":45,"damage_taken":0}],"boss_relics":[{"not_picked":["Philosopher\u0027s Stone","Calling Bell"],"picked":"Sozu"},{"not_picked":["Runic Dome","White Beast Statue"],"picked":"Astrolabe"}],"potions_floor_spawned":[1,5,8,10,11,12,16,19,24,25,31,35,41],"seed_played":"-4739324684617716582","ascension_level":0,"is_trial":false}