{"path_per_floor":["M","M","?","M","M","R","E","R","T","E","R","M","E","M","R"],"character_chosen":"THE_SILENT","items_purchased":[],"gold_per_floor":[111,127,127,138,154,154,189,189,269,300,300,314,340,353,353],"floor_reached":16,"campfire_rested":2,"playtime":1385,"current_hp_per_floor":[63,63,63,61,58,58,42,42,42,15,36,24,17,16,37],"items_purged":[],"gold":353,"play_id":"80225ff7-356f-46ae-96d4-b35fdfae1d7e","is_prod":false,"is_daily":false,"is_ascension_mode":false,"campfire_upgraded":2,"path_taken":["M","M","?","M","M","R","E","R","T","E","R","M","E","M","R","BOSS"],"build_version":"2018-01-25-PROD3","purchased_purges":0,"victory":false,"master_deck":["Defend_G","Defend_G","Defend_G","Defend_G","Defend_G","Strike_G","Strike_G","Strike_G","Strike_G","Strike_G","Survivor","Neutralize+1","Heel Hook","Sucker Punch+1","Regret","Sucker Punch","Blade Dance","Outmaneuver","Deflect","Dodge and Roll","Dodge and Roll","Backflip"],"max_hp_per_floor":[70,70,70,70,70,70,70,70,70,70,70,70,70,70,70],"relics":["Ring of the Snake","Bag of Preparation","Omamori","Dodecahedron","Gremlin Horn","Oddly Smooth Stone"],"card_choices":[{"not_picked":["Dodge and Roll","Quick Slash"],"picked":"Heel Hook"},{"not_picked":["Dagger Throw","Bullet Time"],"picked":"Sucker Punch"},{"not_picked":["Dodge and Roll","Outmaneuver"],"picked":"Sucker Punch"},{"not_picked":["Distraction","Malaise"],"picked":"Blade Dance"},{"not_picked":["Slice","Crippling Poison"],"picked":"Outmaneuver"},{"not_picked":["PiercingWail","Sucker Punch"],"picked":"Deflect"},{"not_picked":["Terror","Phantasmal Killer"],"picked":"Dodge and Roll"},{"not_picked":["Outmaneuver","Well Laid Plans"],"picked":"Dodge and Roll"},{"not_picked":["Prepared","Slice"],"picked":"Backflip"}],"player_experience":20267,"potions_floor_usage":[13,13,13],"damage_taken":[{"damage":7,"enemies":"Blue Slaver","floor":1,"turns":6},{"damage":0,"enemies":"Small Slimes","floor":2,"turns":3},{"damage":2,"enemies":"Jaw Worm","floor":4,"turns":4},{"damage":3,"enemies":"2 Fungi Beasts","floor":5,"turns":4},{"damage":16,"enemies":"3 Sentries","floor":7,"turns":8},{"damage":27,"enemies":"Gremlin Nob","floor":10,"turns":5},{"damage":12,"enemies":"Gremlin Gang","floor":12,"turns":5},{"damage":7,"enemies":"Lagavulin","floor":13,"turns":6},{"damage":1,"enemies":"Exordium Thugs","floor":14,"turns":5},{"damage":38,"enemies":"The Guardian","floor":16,"turns":12}],"event_choices":[{"event_name":"Big Fish","player_choice":"Box","floor":3,"damage_taken":0}],"boss_relics":[],"potions_floor_spawned":[2,7,12],"seed_played":"536928309559457982","killed_by":"The Guardian","ascension_level":0,"is_trial":false}