{"gold_per_floor":[117,192,192,192,208,251,251,295,320,343,343,361,140,160,160,289,289,302,302,320,340,364,407,407,407],"floor_reached":25,"playtime":1179,"items_purged":["Strike_B"],"score":361,"play_id":"f8fcf79d-6f67-436f-8388-aeabab49d2b4","local_time":"20181108203954","is_ascension_mode":true,"campfire_choices":[{"data":"Defragment","floor":7,"key":"SMITH"},{"data":"Sunder","floor":11,"key":"SMITH"},{"floor":15,"key":"REST"},{"data":"Coolheaded","floor":24,"key":"SMITH"}],"neow_cost":"NONE","seed_source_timestamp":22636959895311,"circlet_count":0,"master_deck":["Strike_B","Strike_B","Defend_B","Defend_B","Defend_B","Defend_B","Zap","Dualcast","Sweeping Beam","Core Surge","Defragment+1","Cold Snap","Sunder+1","Electrodynamics","Chill","BootSequence","Steam","Reboot","Barrage+1","Streamline","Coolheaded+1"],"relics":["Cracked Core","NeowsBlessing","Golden Idol","DataDisk","Pen Nib","Bag of Preparation","Coffee Dripper","Shuriken","Potion Belt"],"potions_floor_usage":[21,23],"damage_taken":[{"damage":0,"enemies":"Small Slimes","floor":1,"turns":1},{"damage":0,"enemies":"Jaw Worm","floor":5,"turns":1},{"damage":0,"enemies":"Lagavulin","floor":6,"turns":1},{"damage":16,"enemies":"Gremlin Nob","floor":8,"turns":4},{"damage":0,"enemies":"2 Louse","floor":10,"turns":1},{"damage":4,"enemies":"Red Slaver","floor":12,"turns":3},{"damage":1,"enemies":"Looter","floor":14,"turns":2},{"damage":13,"enemies":"The Guardian","floor":16,"turns":9},{"damage":19,"enemies":"2 Thieves","floor":18,"turns":3},{"damage":5,"enemies":"Shell Parasite","floor":20,"turns":5},{"damage":0,"enemies":"Snake Plant","floor":21,"turns":2},{"damage":7,"enemies":"Centurion and Healer","floor":22,"turns":5},{"damage":21,"enemies":"Slavers","floor":23,"turns":2},{"damage":14,"enemies":"Book of Stabbing","floor":25,"turns":5}],"seed_played":"-769524743346040560","potions_obtained":[{"floor":5,"key":"Explosive Potion"},{"floor":6,"key":"Dexterity Potion"},{"floor":12,"key":"PowerPotion"},{"floor":20,"key":"Energy Potion"},{"floor":21,"key":"Explosive Potion"}],"is_trial":false,"path_per_floor":["M","?","?","?","M","E","R","E","T","M","R","M","$","M","R","B",null,"M","?","M","M","M","E","R","E"],"character_chosen":"DEFECT","items_purchased":["Chill","BootSequence"],"campfire_rested":1,"item_purchase_floors":[13,13],"current_hp_per_floor":[68,57,57,57,57,57,57,41,41,41,41,37,37,36,56,43,63,44,44,39,39,32,11,11,0],"gold":407,"neow_bonus":"THREE_ENEMY_KILL","is_prod":false,"is_daily":false,"chose_seed":false,"campfire_upgraded":3,"win_rate":0,"timestamp":1541727594,"path_taken":["M","?","?","?","M","E","R","E","T","M","R","M","$","?","R","BOSS","M","?","?","M","M","E","R","E"],"build_version":"2018-11-01","purchased_purges":1,"victory":false,"max_hp_per_floor":[75,75,69,69,69,69,69,69,69,69,69,69,69,69,69,69,69,69,69,69,69,69,69,69,69],"card_choices":[{"not_picked":["Compile Driver","Beam Cell"],"picked":"Sweeping Beam","floor":1},{"not_picked":["Sunder","Double Energy"],"picked":"Defragment","floor":5},{"not_picked":["Steam","Fusion"],"picked":"Cold Snap","floor":6},{"not_picked":["Cold Snap","Chill"],"picked":"Sunder","floor":8},{"not_picked":["Sweeping Beam","Stack"],"picked":"Electrodynamics","floor":10},{"not_picked":["Rebound","Sweeping Beam","Skim"],"picked":"SKIP","floor":12},{"not_picked":["Gash","Barrage"],"picked":"Steam","floor":14},{"not_picked":["Multi-Cast","Meteor Strike"],"picked":"Reboot","floor":16},{"not_picked":["Stack","Rebound"],"picked":"Barrage+1","floor":18},{"not_picked":["Leap+1","Tempest+1"],"picked":"Streamline","floor":20},{"not_picked":["Steam","Barrage","Stack"],"picked":"SKIP","floor":21},{"not_picked":["BootSequence","Scrape","Storm"],"picked":"SKIP","floor":22},{"not_picked":["Lockon+1","Consume"],"picked":"Coolheaded","floor":23}],"player_experience":195096,"relics_obtained":[{"floor":6,"key":"DataDisk"},{"floor":8,"key":"Pen Nib"},{"floor":9,"key":"Bag of Preparation"},{"floor":19,"key":"Shuriken"},{"floor":23,"key":"Potion Belt"}],"event_choices":[{"damage_healed":0,"gold_gain":75,"player_choice":"Gather Gold","damage_taken":11,"max_hp_gain":0,"max_hp_loss":0,"event_name":"World of Goop","floor":2,"gold_loss":0},{"damage_healed":0,"gold_gain":0,"player_choice":"Lose Max HP","damage_taken":0,"relics_obtained":["Golden Idol"],"max_hp_gain":0,"max_hp_loss":6,"event_name":"Golden Idol","floor":3,"gold_loss":0},{"damage_healed":0,"gold_gain":0,"cards_transformed":["Strike_B"],"player_choice":"Transformed","damage_taken":0,"max_hp_gain":0,"max_hp_loss":0,"event_name":"Transmorgrifier","floor":4,"gold_loss":0,"cards_obtained":["Core Surge"]},{"damage_healed":0,"gold_gain":0,"player_choice":"Relic","damage_taken":0,"max_hp_gain":0,"max_hp_loss":0,"event_name":"Wheel of Change","floor":19,"gold_loss":0}],"is_beta":false,"boss_relics":[{"not_picked":["Orrery","Astrolabe"],"picked":"Coffee Dripper"}],"items_purged_floors":[13],"is_endless":false,"potions_floor_spawned":[5,6,12,20,21],"killed_by":"Book of Stabbing","ascension_level":8}