{"gold_per_floor":[109,129,129,154,154,194,194,238,264,264,288,288,10,10,10,129,129,149,74,94,94,113,113,113],"floor_reached":24,"playtime":773,"items_purged":["Strike_R"],"score":275,"play_id":"d6ce0600-dd32-4dcc-bee0-add799434c1d","local_time":"20181008130240","is_ascension_mode":true,"campfire_choices":[{"data":"Inflame","floor":7,"key":"SMITH"},{"data":"Armaments","floor":10,"key":"SMITH"},{"data":"Bludgeon","floor":12,"key":"SMITH"},{"floor":15,"key":"REST"},{"data":"Corruption","floor":23,"key":"SMITH"}],"neow_cost":"NONE","seed_source_timestamp":258632793425375,"circlet_count":0,"master_deck":["Strike_R+1","Strike_R+1","Defend_R","Bash+1","Corruption+1","Thunderclap","Inflame+1","Shrug It Off","Armaments+1","Bludgeon+1","True Grit","Feed","Headbutt","Ghostly Armor","Spot Weakness"],"relics":["Burning Blood","Golden Idol","Strawberry","Happy Flower","Juzu Bracelet","Whetstone","Empty Cage"],"potions_floor_usage":[8,18,24],"damage_taken":[{"damage":7,"enemies":"Jaw Worm","floor":1,"turns":3},{"damage":0,"enemies":"2 Louse","floor":2,"turns":5},{"damage":0,"enemies":"Small Slimes","floor":4,"turns":4},{"damage":37,"enemies":"Gremlin Nob","floor":6,"turns":5},{"damage":34,"enemies":"3 Sentries","floor":8,"turns":6},{"damage":3,"enemies":"Blue Slaver","floor":11,"turns":5},{"damage":24,"enemies":"The Guardian","floor":16,"turns":9},{"damage":46,"enemies":"3 Byrds","floor":18,"turns":8},{"damage":0,"enemies":"Chosen","floor":20,"turns":3},{"damage":0,"enemies":"Snecko","floor":22,"turns":3},{"damage":48,"enemies":"Book of Stabbing","floor":24,"turns":4}],"seed_played":"2171860985151747579","potions_obtained":[{"floor":2,"key":"FearPotion"},{"floor":6,"key":"SneckoOil"},{"floor":11,"key":"Weak Potion"},{"floor":20,"key":"Explosive Potion"}],"is_trial":false,"path_per_floor":["M","M","?","M","?","E","R","E","T","R","M","R","$","?","R","B",null,"M","?","M","?","M","R"],"character_chosen":"IRONCLAD","items_purchased":["True Grit","Whetstone"],"campfire_rested":1,"item_purchase_floors":[13,13],"current_hp_per_floor":[71,77,57,63,63,39,39,11,11,11,14,14,14,14,40,22,71,31,31,37,37,46,46,0],"gold":113,"neow_bonus":"UPGRADE_CARD","is_prod":false,"is_daily":false,"chose_seed":false,"campfire_upgraded":4,"win_rate":0,"timestamp":1538996560,"path_taken":["M","M","?","M","?","E","R","E","T","R","M","R","$","?","R","BOSS","M","?","M","?","M","R","E"],"build_version":"2018-10-04","purchased_purges":1,"victory":false,"max_hp_per_floor":[80,80,80,80,80,87,87,87,87,87,87,87,87,87,87,87,87,87,87,87,87,90,90,90],"card_choices":[{"not_picked":["Anger","Seeing Red"],"picked":"Corruption","floor":1},{"not_picked":["Blood for Blood","Wild Strike"],"picked":"Thunderclap","floor":2},{"not_picked":["Clash","Cleave"],"picked":"Inflame","floor":4},{"not_picked":["Armaments","Anger"],"picked":"Shrug It Off","floor":6},{"not_picked":["Combust","Thunderclap"],"picked":"Armaments","floor":8},{"not_picked":["Rampage","True Grit"],"picked":"Bludgeon","floor":11},{"not_picked":["Exhume","Offering"],"picked":"Feed","floor":16},{"not_picked":["Clothesline","Thunderclap"],"picked":"Headbutt","floor":18},{"not_picked":["Perfected Strike","Cleave"],"picked":"Ghostly Armor","floor":20},{"not_picked":["Headbutt","Body Slam"],"picked":"Spot Weakness","floor":22}],"player_experience":188298,"relics_obtained":[{"floor":6,"key":"Strawberry"},{"floor":8,"key":"Happy Flower"},{"floor":9,"key":"Juzu Bracelet"}],"event_choices":[{"event_name":"Golden Idol","player_choice":"Take Damage","floor":3,"damage_taken":0},{"event_name":"Living Wall","player_choice":"Forget","floor":5,"damage_taken":0},{"event_name":"The Cleric","player_choice":"Leave","floor":14,"damage_taken":0},{"event_name":"Beggar","player_choice":"Gave Gold","floor":19,"damage_taken":0},{"event_name":"Purifier","player_choice":"One Purge","floor":21,"damage_taken":0}],"is_beta":true,"boss_relics":[{"not_picked":["Pandora\u0027s Box","Runic Cube"],"picked":"Empty Cage"}],"items_purged_floors":[13],"is_endless":false,"potions_floor_spawned":[2,6,11,20],"killed_by":"Book of Stabbing","ascension_level":7}