{"gold_per_floor":[118,137,148,160,85,85,116,171,171,204,204,1,15,50,50,152,152,162,46,65,78,95,95,109,109,109,109,124,124,141,66,66,170,170,190,190,27,47,47,78,78,0,0,11,37,53,53,53,53,53],"floor_reached":51,"playtime":5881,"items_purged":["Strike_G","Strike_G","Strike_G"],"score":1166,"play_id":"cd9f7f0c-516e-4683-8295-7cb4b3928a6a","local_time":"20190326133348","is_ascension_mode":true,"campfire_choices":[{"data":"Neutralize","floor":6.0,"key":"SMITH"},{"data":"Prepared","floor":15.0,"key":"SMITH"},{"data":"Tools of the Trade","floor":23.0,"key":"SMITH"},{"floor":25.0,"key":"REST"},{"data":"Well Laid Plans","floor":29.0,"key":"SMITH"},{"floor":32.0,"key":"REST"},{"data":"Tactician","floor":41.0,"key":"SMITH"},{"data":"Prepared","floor":49.0,"key":"SMITH"}],"neow_cost":"TEN_PERCENT_HP_LOSS","seed_source_timestamp":434266180445057,"circlet_count":0,"master_deck":["AscendersBane","Defend_G","Defend_G","Defend_G","Defend_G","Strike_G","Survivor","Neutralize+1","Backstab","Bane","Deadly Poison","Crippling Poison","Prepared+1","Quick Slash","Reflex","Blur","Die Die Die","Tools of the Trade+1","Deflect+1","Well Laid Plans+1","Noxious Fumes","Prepared+1","Acrobatics+1","Grand Finale","Backflip","Tactician+1","Escape Plan+1","Bandage Up"],"special_seed":0,"relics":["Ring of the Snake","Orichalcum","Mummified Hand","Strawberry","Tingsha","Pen Nib","Calling Bell","Happy Flower","The Courier","Tough Bandages","Mango","Boot","Lizard Tail","Oddly Smooth Stone","Red Mask","Pocketwatch","Dream Catcher"],"potions_floor_usage":[50,50],"damage_taken":[{"damage":7.0,"enemies":"Cultist","floor":1.0,"turns":5.0},{"damage":0.0,"enemies":"Small Slimes","floor":2.0,"turns":3.0},{"damage":0.0,"enemies":"Jaw Worm","floor":3.0,"turns":5.0},{"damage":0.0,"enemies":"Blue Slaver","floor":4.0,"turns":2.0},{"damage":15.0,"enemies":"Lagavulin","floor":7.0,"turns":9.0},{"damage":16.0,"enemies":"Lagavulin Event","floor":8.0,"turns":7.0},{"damage":10.0,"enemies":"Gremlin Nob","floor":10.0,"turns":4.0},{"damage":0.0,"enemies":"Large Slime","floor":13.0,"turns":4.0},{"damage":17.0,"enemies":"3 Sentries","floor":14.0,"turns":9.0},{"damage":0.0,"enemies":"Slime Boss","floor":16.0,"turns":5.0},{"damage":1.0,"enemies":"Shell Parasite","floor":18.0,"turns":6.0},{"damage":15.0,"enemies":"3 Byrds","floor":20.0,"turns":5.0},{"damage":11.0,"enemies":"Snake Plant","floor":21.0,"turns":4.0},{"damage":9.0,"enemies":"Centurion and Healer","floor":22.0,"turns":6.0},{"damage":14.0,"enemies":"Sentry and Sphere","floor":24.0,"turns":5.0},{"damage":20.0,"enemies":"Cultist and Chosen","floor":28.0,"turns":7.0},{"damage":11.0,"enemies":"3 Cultists","floor":30.0,"turns":5.0},{"damage":11.0,"enemies":"Automaton","floor":33.0,"turns":12.0},{"damage":5.0,"enemies":"3 Shapes","floor":35.0,"turns":5.0},{"damage":5.0,"enemies":"Orb Walker","floor":38.0,"turns":5.0},{"damage":15.0,"enemies":"Nemesis","floor":40.0,"turns":9.0},{"damage":8.0,"enemies":"4 Shapes","floor":44.0,"turns":5.0},{"damage":0.0,"enemies":"Giant Head","floor":45.0,"turns":6.0},{"damage":0.0,"enemies":"Maw","floor":46.0,"turns":7.0},{"damage":17,"enemies":"Awakened One","floor":50,"turns":17}],"seed_played":"-3867383954093989380","potions_obtained":[{"floor":1.0,"key":"EntropicBrew"},{"floor":8.0,"key":"SkillPotion"},{"floor":10.0,"key":"Ancient Potion"},{"floor":11.0,"key":"Dexterity Potion"},{"floor":11.0,"key":"FearPotion"},{"floor":13.0,"key":"Explosive Potion"},{"floor":14.0,"key":"Fire Potion"},{"floor":20.0,"key":"PowerPotion"},{"floor":22.0,"key":"Weak Potion"},{"floor":33.0,"key":"SteroidPotion"},{"floor":40.0,"key":"SkillPotion"},{"floor":45.0,"key":"Dexterity Potion"}],"is_trial":false,"path_per_floor":["M","M","M","M","$","R","E","?","T","E","?","$","M","E","R","B",null,"M","$","M","M","M","R","M","R","T","?","M","R","M","?","R","B",null,"M","?","$","M","$","E","R","?","T","M","E","M","$","?","R","B",null],"character_chosen":"THE_SILENT","items_purchased":["Reflex","Blur","Well Laid Plans","Noxious Fumes","Tactician"],"campfire_rested":2,"item_purchase_floors":[12,12,19,19,37],"current_hp_per_floor":[56,56,56,56,56,56,41,25,32,22,22,22,22,5,5,5,54,53,53,38,27,18,18,4,25,39,39,19,19,8,8,33,22,69,64,64,64,59,59,44,44,44,44,36,36,36,36,36,36,23],"gold":53,"neow_bonus":"REMOVE_TWO","is_prod":false,"is_daily":false,"chose_seed":false,"campfire_upgraded":6,"win_rate":0,"timestamp":1553574828,"path_taken":["M","?","M","M","$","R","E","?","T","E","?","$","?","E","R","BOSS","M","$","M","?","M","R","M","R","T","?","M","R","M","?","R","BOSS","M","?","$","?","$","E","R","?","T","M","E","M","$","?","R","BOSS"],"build_version":"2019-01-23","purchased_purges":3,"victory":true,"max_hp_per_floor":[63,63,63,63,63,63,63,63,70,70,70,70,70,70,70,70,70,70,70,70,70,70,70,70,70,84,84,84,84,84,84,84,84,84,84,84,84,84,84,84,84,84,84,84,84,84,84,84,84,84],"card_choices":[{"not_picked":["Endless Agony","Bouncing Flask"],"picked":"Backstab","floor":1.0},{"not_picked":["Dodge and Roll","Bane","Eviscerate"],"picked":"SKIP","floor":2.0},{"not_picked":["Riddle With Holes","Flying Knee"],"picked":"Bane","floor":3.0},{"not_picked":["Caltrops","Finisher"],"picked":"Deadly Poison","floor":4.0},{"not_picked":["Blade Dance","Accuracy"],"picked":"Crippling Poison","floor":7.0},{"not_picked":["Slice","Choke"],"picked":"Prepared","floor":8.0},{"not_picked":["Underhanded Strike","Finisher"],"picked":"Quick Slash","floor":10.0},{"not_picked":["Flechettes","Bouncing Flask","Choke"],"picked":"SKIP","floor":13.0},{"not_picked":["Bouncing Flask","Bane"],"picked":"Die Die Die","floor":14.0},{"not_picked":["Die Die Die","Bullet Time"],"picked":"Tools of the Trade","floor":16.0},{"not_picked":["Infinite Blades","Outmaneuver"],"picked":"Deflect+1","floor":18.0},{"not_picked":["Finisher","Poisoned Stab"],"picked":"Prepared","floor":20.0},{"not_picked":["Setup","Night Terror","Flying Knee"],"picked":"SKIP","floor":21.0},{"not_picked":["Outmaneuver+1","Distraction"],"picked":"Acrobatics+1","floor":22.0},{"not_picked":["Cloak And Dagger","Flying Knee","Dagger Spray+1"],"picked":"SKIP","floor":24.0},{"not_picked":["Accuracy+1","Sucker Punch","Predator"],"picked":"SKIP","floor":28.0},{"not_picked":["Expertise","Masterful Stab","Sucker Punch"],"picked":"SKIP","floor":30.0},{"not_picked":["Glass Knife","Unload"],"picked":"Grand Finale","floor":33.0},{"not_picked":["Sucker Punch+1","Slice"],"picked":"Backflip","floor":35.0},{"not_picked":["Prepared+1","Poisoned Stab","Dagger Throw"],"picked":"SKIP","floor":38.0},{"not_picked":["Acrobatics","Prepared"],"picked":"Escape Plan+1","floor":40.0},{"not_picked":["Backflip+1","Expertise","Deadly Poison"],"picked":"SKIP","floor":44.0},{"not_picked":["Sucker Punch","Eviscerate","Quick Slash+1"],"picked":"SKIP","floor":45.0},{"not_picked":["Catalyst+1","Accuracy","Outmaneuver"],"picked":"SKIP","floor":46.0},{"not_picked":["Swift Strike","Violence"],"picked":"Bandage Up","floor":48.0}],"player_experience":598757,"relics_obtained":[{"floor":7.0,"key":"Orichalcum"},{"floor":8.0,"key":"Mummified Hand"},{"floor":9.0,"key":"Strawberry"},{"floor":10.0,"key":"Tingsha"},{"floor":14.0,"key":"Pen Nib"},{"floor":17.0,"key":"Happy Flower"},{"floor":17.0,"key":"The Courier"},{"floor":17.0,"key":"Tough Bandages"},{"floor":26.0,"key":"Mango"},{"floor":40.0,"key":"Oddly Smooth Stone"},{"floor":43.0,"key":"Pocketwatch"},{"floor":45.0,"key":"Dream Catcher"}],"event_choices":[{"damage_healed":0.0,"max_hp_gain":0.0,"max_hp_loss":0.0,"gold_gain":0.0,"event_name":"Dead Adventurer","player_choice":"Searched \u00272\u0027 times","floor":8.0,"gold_loss":0.0,"damage_taken":0.0},{"damage_healed":0.0,"max_hp_gain":0.0,"max_hp_loss":0.0,"gold_gain":0.0,"event_name":"Lab","player_choice":"Got Potions","floor":11.0,"gold_loss":0.0,"damage_taken":0.0},{"damage_healed":0.0,"max_hp_gain":0.0,"max_hp_loss":0.0,"gold_gain":0.0,"event_name":"Addict","player_choice":"Stole Relic","floor":27.0,"gold_loss":0.0,"damage_taken":0.0,"relics_obtained":["Boot"],"cards_obtained":["Shame"]},{"cards_removed":["Pain"],"damage_healed":0.0,"max_hp_gain":0.0,"max_hp_loss":0.0,"gold_gain":0.0,"event_name":"Beggar","player_choice":"Gave Gold","floor":31.0,"gold_loss":75.0,"damage_taken":0.0},{"cards_removed":["Shame","Doubt","Writhe"],"damage_healed":0.0,"max_hp_gain":0.0,"max_hp_loss":0.0,"gold_gain":0.0,"event_name":"Fountain of Cleansing","player_choice":"Removed Curses","floor":36.0,"gold_loss":0.0,"damage_taken":0.0},{"damage_healed":0.0,"max_hp_gain":0.0,"max_hp_loss":0.0,"gold_gain":0.0,"event_name":"Tomb of Lord Red Mask","player_choice":"Paid","floor":42.0,"gold_loss":78.0,"damage_taken":0.0,"relics_obtained":["Red Mask"]},{"damage_healed":0.0,"max_hp_gain":0.0,"max_hp_loss":0.0,"gold_gain":0.0,"event_name":"SensoryStone","player_choice":"Memory 1","floor":48.0,"gold_loss":0.0,"damage_taken":0.0}],"is_beta":false,"boss_relics":[{"not_picked":["Eternal Feather","Philosopher\u0027s Stone"],"picked":"Calling Bell"},{"not_picked":["Runic Dome","Velvet Choker"],"picked":"Lizard Tail"}],"items_purged_floors":[5,12,37],"is_endless":false,"potions_floor_spawned":[1,8,10,13,14,20,22,33,40,45],"ascension_level":10}