{"gold_per_floor":[118,137,153,173,192,192,204,204,204,229,229,260,276,287,287,287],"floor_reached":16,"playtime":777,"items_purged":[],"score":180,"play_id":"a3b65645-6bd5-46bc-99a3-d971cb01244d","local_time":"20181015153226","is_ascension_mode":true,"campfire_choices":[{"data":"Uppercut","floor":6,"key":"SMITH"},{"data":"Bash","floor":8,"key":"SMITH"},{"data":"Havoc","floor":11,"key":"SMITH"},{"floor":15,"key":"REST"}],"neow_cost":"","seed_source_timestamp":191773670050930,"circlet_count":0,"master_deck":["Strike_R","Strike_R","Strike_R","Strike_R","Strike_R","Defend_R","Defend_R","Defend_R","Defend_R","Bash+1","AscendersBane","Clothesline","Uppercut+1","Havoc+1","Reckless Charge","Anger","Feel No Pain"],"relics":["Burning Blood","Ornamental Fan","Happy Flower","Singing Bowl"],"potions_floor_usage":[7,7,10,12],"damage_taken":[{"damage":0,"enemies":"Small Slimes","floor":1,"turns":3},{"damage":9,"enemies":"Jaw Worm","floor":2,"turns":4},{"damage":0,"enemies":"Cultist","floor":3,"turns":3},{"damage":7,"enemies":"Looter","floor":4,"turns":3},{"damage":15,"enemies":"Large Slime","floor":5,"turns":7},{"damage":26,"enemies":"Exordium Thugs","floor":7,"turns":7},{"damage":38,"enemies":"3 Sentries","floor":10,"turns":10},{"damage":20,"enemies":"Lagavulin","floor":12,"turns":4},{"damage":11,"enemies":"Gremlin Gang","floor":13,"turns":4},{"damage":4,"enemies":"Lots of Slimes","floor":14,"turns":4},{"damage":39,"enemies":"The Guardian","floor":16,"turns":8}],"seed_played":"-1707685073761035917","potions_obtained":[{"floor":4,"key":"Swift Potion"},{"floor":5,"key":"BloodPotion"},{"floor":7,"key":"Block Potion"},{"floor":10,"key":"Poison Potion"}],"is_trial":false,"path_per_floor":["M","M","M","M","M","R","M","R","T","E","R","E","M","M","R"],"character_chosen":"IRONCLAD","items_purchased":[],"campfire_rested":1,"item_purchase_floors":[],"current_hp_per_floor":[78,75,80,79,70,70,58,58,58,26,26,14,11,13,38,0],"gold":287,"neow_bonus":"","is_prod":false,"is_daily":false,"chose_seed":false,"campfire_upgraded":3,"win_rate":0,"timestamp":1539610346,"path_taken":["M","M","M","M","M","R","M","R","T","E","R","E","M","M","R","BOSS"],"build_version":"2018-10-11","purchased_purges":0,"victory":false,"max_hp_per_floor":[80,80,80,80,80,80,80,80,80,80,80,82,84,84,84,84],"card_choices":[{"not_picked":["Headbutt","Disarm"],"picked":"Clothesline","floor":1},{"not_picked":["Cleave","Dropkick"],"picked":"Uppercut","floor":2},{"not_picked":["Dual Wield","Body Slam"],"picked":"Havoc","floor":3},{"not_picked":["Havoc","Burning Pact"],"picked":"Reckless Charge","floor":4},{"not_picked":["Metallicize","Dropkick","Headbutt"],"picked":"SKIP","floor":5},{"not_picked":["Rage","Bloodletting","Heavy Blade"],"picked":"SKIP","floor":7},{"not_picked":["Perfected Strike","Thunderclap"],"picked":"Anger","floor":10},{"not_picked":["Disarm","Uppercut","Brutality"],"picked":"Singing Bowl","floor":12},{"not_picked":["Rage","Thunderclap","Reckless Charge"],"picked":"Singing Bowl","floor":13},{"not_picked":["Sever Soul","Cleave"],"picked":"Feel No Pain","floor":14}],"player_experience":238843,"relics_obtained":[{"floor":9,"key":"Ornamental Fan"},{"floor":10,"key":"Happy Flower"},{"floor":12,"key":"Singing Bowl"}],"event_choices":[],"is_beta":true,"boss_relics":[],"items_purged_floors":[],"is_endless":false,"potions_floor_spawned":[4,5,7,10],"killed_by":"The Guardian","ascension_level":11}