{"gold_per_floor":[211,222,222,222,222,222,247,262,315,40,60,70,36,48,48,149,149,163,11,11,28,28,28,45,45,72,90,90,90,90,106,106,205,205,218,230,230,230,245,245,245],"floor_reached":41,"playtime":3522,"items_purged":[],"score":629,"play_id":"fd675877-cdec-4a5c-b0d0-5ea821c8c38c","local_time":"20180918154152","is_ascension_mode":true,"campfire_choices":[{"floor":6,"key":"REST"},{"floor":15,"key":"REST"},{"floor":23,"key":"REST"},{"floor":25,"key":"REST"},{"data":"1","floor":29,"key":"LIFT"},{"floor":32,"key":"REST"},{"floor":40,"key":"REST"}],"neow_cost":"NONE","seed_source_timestamp":266896739048365,"circlet_count":0,"master_deck":["Strike_B","Strike_B","Strike_B","Defend_B","Defend_B+1","Defend_B","Defend_B","Zap","Dualcast","AscendersBane","Conserve Battery","Storm+1","BootSequence","Storm","Melter","Self Repair","Darkness","Go for the Eyes","Seek","Reinforced Body","Clumsy","Writhe","Self Repair","Creative AI","Sunder","Leap+1","Apotheosis","Double Energy+1"],"relics":["Cracked Core","Oddly Smooth Stone","Girya","Pen Nib","Bronze Scales","Cursed Key","PreservedInsect","Centennial Puzzle","Emotion Chip","Sozu","Prayer Wheel"],"potions_floor_usage":[16,16,24,31,35],"damage_taken":[{"damage":17,"enemies":"Small Slimes","floor":1,"turns":5},{"damage":0,"enemies":"Cultist","floor":2,"turns":3},{"damage":32,"enemies":"Lagavulin","floor":7,"turns":8},{"damage":0,"enemies":"2 Louse","floor":8,"turns":2},{"damage":4,"enemies":"Blue Slaver","floor":11,"turns":4},{"damage":0,"enemies":"2 Fungi Beasts","floor":12,"turns":3},{"damage":4,"enemies":"3 Louse","floor":14,"turns":3},{"damage":16,"enemies":"Slime Boss","floor":16,"turns":7},{"damage":24,"enemies":"2 Thieves","floor":18,"turns":4},{"damage":18,"enemies":"3 Byrds","floor":21,"turns":4},{"damage":4,"enemies":"Sentry and Sphere","floor":24,"turns":3},{"damage":7,"enemies":"Snake Plant","floor":27,"turns":3},{"damage":25,"enemies":"Centurion and Healer","floor":31,"turns":10},{"damage":75,"enemies":"Champ","floor":33,"turns":12},{"damage":27,"enemies":"3 Darklings","floor":35,"turns":5},{"damage":15,"enemies":"Orb Walker","floor":36,"turns":3},{"damage":30,"enemies":"Mind Bloom Boss Battle","floor":38,"turns":4},{"damage":13,"enemies":"4 Shapes","floor":39,"turns":5},{"damage":76,"enemies":"Transient","floor":41,"turns":5}],"seed_played":"2280303875945976266","potions_obtained":[{"floor":8,"key":"EssenceOfSteel"},{"floor":11,"key":"FearPotion"},{"floor":21,"key":"GamblersBrew"},{"floor":27,"key":"SpeedPotion"},{"floor":33,"key":"Block Potion"}],"is_trial":false,"path_per_floor":["M","M","?","?","?","R","E","M","T","$","M","M","?","M","R","B",null,"M","$","?","M","$","R","M","R","T","M","?","R","?","M","R","B",null,"M","M","?","?","M","R"],"character_chosen":"DEFECT","items_purchased":["Storm","Bronze Scales","Melter","PreservedInsect"],"campfire_rested":6,"item_purchase_floors":[10,10,10,19],"current_hp_per_floor":[51,51,51,44,29,51,19,19,19,19,15,22,22,18,40,31,64,47,47,33,22,22,46,49,73,73,73,73,73,73,55,79,18,65,52,51,51,35,29,53,0],"gold":245,"neow_bonus":"HUNDRED_GOLD","is_prod":false,"is_daily":false,"chose_seed":false,"campfire_upgraded":0,"win_rate":0,"timestamp":1537278112,"path_taken":["M","M","?","?","?","R","E","M","T","$","M","M","?","M","R","BOSS","M","$","?","M","$","R","M","R","T","M","?","R","?","?","R","BOSS","M","M","?","?","M","R","M"],"build_version":"2018-09-06","purchased_purges":0,"victory":false,"max_hp_per_floor":[75,75,75,75,75,75,75,75,75,75,75,75,75,75,75,75,75,75,75,80,80,80,80,80,80,80,80,80,80,80,80,80,80,80,80,80,80,80,80,80,80],"card_choices":[{"not_picked":["Stack","Rebound"],"picked":"Conserve Battery","floor":1},{"not_picked":["Lockon","Darkness"],"picked":"Storm","floor":2},{"not_picked":["Gash","Ball Lightning"],"picked":"BootSequence","floor":7},{"not_picked":["Streamline","Gash"],"picked":"Self Repair","floor":11},{"not_picked":["Streamline","Ball Lightning"],"picked":"Darkness","floor":12},{"not_picked":["Reprogram","Rebound"],"picked":"Go for the Eyes","floor":14},{"not_picked":["Amplify","All For One"],"picked":"Seek","floor":16},{"not_picked":["Chaos","Coolheaded","Redo"],"picked":"SKIP","floor":18},{"not_picked":["Gash+1","Conserve Battery"],"picked":"Reinforced Body","floor":21},{"not_picked":["Ball Lightning+1","Cold Snap","Melter"],"picked":"SKIP","floor":24},{"not_picked":["Barrage","Steam","Darkness"],"picked":"SKIP","floor":27},{"not_picked":["Leap","Streamline"],"picked":"Self Repair","floor":31},{"not_picked":["Buffer","Fission"],"picked":"Creative AI","floor":33},{"not_picked":["Go for the Eyes","Force Field"],"picked":"Sunder","floor":35},{"not_picked":["Fusion","Stack+1"],"picked":"Leap+1","floor":36},{"not_picked":["Mayhem","Thinking Ahead"],"picked":"Apotheosis","floor":37},{"not_picked":["Hologram","Stack"],"picked":"Double Energy+1","floor":39},{"not_picked":["Streamline","Ball Lightning+1","Heatsinks"],"picked":"SKIP","floor":39}],"player_experience":344336,"relics_obtained":[{"floor":7,"key":"Girya"},{"floor":9,"key":"Pen Nib"},{"floor":26,"key":"Centennial Puzzle"},{"floor":38,"key":"Prayer Wheel"}],"event_choices":[{"event_name":"Purifier","player_choice":"One Purge","floor":3,"damage_taken":0},{"event_name":"Scrap Ooze","player_choice":"success","floor":4,"damage_taken":7},{"event_name":"Shining Light","player_choice":"Entered Light","floor":5,"damage_taken":0},{"event_name":"World of Goop","player_choice":"Left","floor":13,"damage_taken":0},{"event_name":"Forgotten Altar","player_choice":"Shed Blood","floor":20,"damage_taken":0},{"event_name":"The Mausoleum","player_choice":"Yes","floor":28,"damage_taken":0},{"event_name":"Ghosts","player_choice":"Ignored","floor":30,"damage_taken":0},{"event_name":"SensoryStone","player_choice":"Memory 1","floor":37,"damage_taken":0},{"event_name":"MindBloom","player_choice":"Fight","floor":38,"damage_taken":0}],"is_beta":false,"boss_relics":[{"not_picked":["Pandora\u0027s Box","Runic Pyramid"],"picked":"Cursed Key"},{"not_picked":["Velvet Choker","Inserter"],"picked":"Sozu"}],"items_purged_floors":[],"is_endless":false,"potions_floor_spawned":[8,11,12,14,21,27,33,38],"killed_by":"Transient","ascension_level":12}