{"gold_per_floor":[114,128,128,142,159,186,186,221,245,245,100,66,66,76,76,175,175,187,187,59,59,79,107,181,181,181,181,200,234,254,264,264,365,365,376,390,415,415],"floor_reached":38,"playtime":2105,"items_purged":["Strike_B"],"score":782,"play_id":"b4d6d615-02d8-4855-813a-67c274210963","local_time":"20190212130242","is_ascension_mode":true,"campfire_choices":[{"floor":7,"key":"REST"},{"floor":10,"key":"REST"},{"data":"Defragment","floor":13,"key":"SMITH"},{"floor":15,"key":"REST"},{"floor":25,"key":"REST"},{"data":"Defragment","floor":27,"key":"SMITH"},{"floor":32,"key":"REST"}],"neow_cost":"NONE","seed_source_timestamp":1322442674400,"circlet_count":0,"master_deck":["AscendersBane","Strike_B","Strike_B","Defend_B","Defend_B","Defend_B","Defend_B","Zap","Dualcast","Hologram","Sweeping Beam","Glacier","Chaos","Defragment+1","Capacitor","Chill","Echo Form","Reinforced Body+1","Defragment+1","Coolheaded","Writhe","Darkness","Darkness","Capacitor","Storm","Defragment","Amplify+1","Parasite","Decay","Normality","Tempest+1"],"relics":["Cracked Core","Vajra","Regal Pillow","Lantern","Philosopher\u0027s Stone","Bag of Preparation","Meat on the Bone","Question Card","Dodecahedron","Toxic Egg 2","Calling Bell","Bag of Marbles","Matryoshka","Emotion Chip","Dream Catcher","Centennial Puzzle"],"potions_floor_usage":[8,14,23,30,35],"damage_taken":[{"damage":1,"enemies":"2 Louse","floor":1,"turns":3},{"damage":2,"enemies":"Jaw Worm","floor":2,"turns":3},{"damage":0,"enemies":"Small Slimes","floor":4,"turns":3},{"damage":8,"enemies":"Blue Slaver","floor":5,"turns":4},{"damage":49,"enemies":"Lagavulin","floor":6,"turns":7},{"damage":14,"enemies":"3 Sentries","floor":8,"turns":9},{"damage":22,"enemies":"Exordium Thugs","floor":12,"turns":6},{"damage":23,"enemies":"Gremlin Gang","floor":14,"turns":4},{"damage":31,"enemies":"Hexaghost","floor":16,"turns":11},{"damage":10,"enemies":"Shell Parasite","floor":18,"turns":7},{"damage":9,"enemies":"Spheric Guardian","floor":22,"turns":7},{"damage":25,"enemies":"Book of Stabbing","floor":23,"turns":8},{"damage":30,"enemies":"Cultist and Chosen","floor":28,"turns":11},{"damage":19,"enemies":"Gremlin Leader","floor":29,"turns":10},{"damage":9,"enemies":"Snake Plant","floor":30,"turns":6},{"damage":15,"enemies":"Chosen and Byrds","floor":31,"turns":4},{"damage":22,"enemies":"Collector","floor":33,"turns":10},{"damage":8,"enemies":"3 Darklings","floor":35,"turns":7},{"damage":24,"enemies":"Orb Walker","floor":36,"turns":3},{"damage":45,"enemies":"Writhing Mass","floor":38,"turns":4}],"seed_played":"7419970629476937918","potions_obtained":[{"floor":1,"key":"AttackPotion"},{"floor":4,"key":"Energy Potion"},{"floor":6,"key":"SneckoOil"},{"floor":12,"key":"SkillPotion"},{"floor":23,"key":"Energy Potion"},{"floor":28,"key":"SteroidPotion"},{"floor":33,"key":"Swift Potion"},{"floor":36,"key":"EssenceOfSteel"}],"is_trial":false,"path_per_floor":["M","M","?","M","M","E","R","E","T","R","$","M","R","M","R","B",null,"M","?","$","?","M","E","T","R","T","R","M","E","M","M","R","B",null,"M","M","T","M"],"character_chosen":"DEFECT","items_purchased":["Defragment","Defragment","Coolheaded"],"campfire_rested":5,"item_purchase_floors":[11,20,20],"current_hp_per_floor":[67,65,70,70,62,13,37,23,23,62,62,40,40,17,56,25,66,56,41,41,41,32,7,7,47,47,47,29,22,25,22,62,52,77,69,45,45,0],"gold":415,"neow_bonus":"REMOVE_CARD","is_prod":false,"is_daily":false,"chose_seed":false,"campfire_upgraded":2,"win_rate":0,"timestamp":1550005362,"path_taken":["M","M","?","M","M","E","R","E","T","R","$","M","R","M","R","BOSS","M","?","$","?","M","E","?","R","T","R","?","E","M","?","R","BOSS","M","M","?","?"],"build_version":"2019-01-23","purchased_purges":1,"victory":false,"max_hp_per_floor":[75,75,80,80,80,80,80,80,80,80,80,80,80,80,80,80,80,80,85,85,85,85,85,85,85,85,85,85,85,85,85,85,85,85,85,85,85,85],"card_choices":[{"not_picked":["Reprogram","BootSequence","Skim"],"picked":"SKIP","floor":1},{"not_picked":["White Noise","Barrage"],"picked":"Hologram","floor":2},{"not_picked":["Coolheaded","Redo"],"picked":"Sweeping Beam","floor":4},{"not_picked":["Force Field","Rebound","Turbo"],"picked":"SKIP","floor":5},{"not_picked":["Capacitor","Rebound"],"picked":"Glacier","floor":6},{"not_picked":["Auto Shields","Amplify"],"picked":"Chaos","floor":8},{"not_picked":["Beam Cell","Go for the Eyes"],"picked":"Capacitor","floor":12},{"not_picked":["Compile Driver","Skim"],"picked":"Chill","floor":14},{"not_picked":["Amplify","All For One"],"picked":"Echo Form","floor":16},{"not_picked":["Darkness","Redo"],"picked":"Reinforced Body+1","floor":18},{"not_picked":["Rebound","Cold Snap"],"picked":"Darkness","floor":22},{"not_picked":["Skim","Beam Cell"],"picked":"Darkness","floor":23},{"not_picked":["Stack","Leap","Conserve Battery","Chill"],"picked":"SKIP","floor":28},{"not_picked":["Gash","Redo","Reprogram"],"picked":"Capacitor","floor":29},{"not_picked":["Redo+1","Stack+1","Go for the Eyes"],"picked":"Storm","floor":30},{"not_picked":["Leap+1","Rip and Tear","Beam Cell"],"picked":"Defragment","floor":31},{"not_picked":["Rainbow+1","Reboot+1","Electrodynamics"],"picked":"Amplify+1","floor":33},{"not_picked":["Compile Driver","Barrage","Leap+1","Blizzard+1"],"picked":"SKIP","floor":35},{"not_picked":["Sweeping Beam","Leap+1","All For One"],"picked":"Tempest+1","floor":36}],"player_experience":635456,"relics_obtained":[{"floor":6,"key":"Vajra"},{"floor":8,"key":"Regal Pillow"},{"floor":9,"key":"Lantern"},{"floor":23,"key":"Meat on the Bone"},{"floor":24,"key":"Question Card"},{"floor":26,"key":"Dodecahedron"},{"floor":29,"key":"Toxic Egg 2"},{"floor":34,"key":"Bag of Marbles"},{"floor":34,"key":"Matryoshka"},{"floor":34,"key":"Emotion Chip"},{"floor":37,"key":"Dream Catcher"},{"floor":37,"key":"Centennial Puzzle"}],"event_choices":[{"damage_healed":0,"gold_gain":0,"player_choice":"Donut","damage_taken":0,"max_hp_gain":5,"max_hp_loss":0,"event_name":"Big Fish","floor":3,"gold_loss":0},{"damage_healed":0,"gold_gain":0,"player_choice":"Shed Blood","damage_taken":20,"max_hp_gain":5,"max_hp_loss":0,"event_name":"Forgotten Altar","floor":19,"gold_loss":0},{"damage_healed":0,"gold_gain":0,"player_choice":"Opened","damage_taken":0,"relics_obtained":["Bag of Preparation"],"max_hp_gain":0,"max_hp_loss":0,"event_name":"The Mausoleum","floor":21,"gold_loss":0,"cards_obtained":["Writhe"]}],"is_beta":false,"boss_relics":[{"not_picked":["Black Star","Snecko Eye"],"picked":"Philosopher\u0027s Stone"},{"not_picked":["Runic Pyramid","Eternal Feather"],"picked":"Calling Bell"}],"items_purged_floors":[11],"is_endless":false,"potions_floor_spawned":[1,4,6,12,23,28,29,33,36],"killed_by":"Writhing Mass","ascension_level":12}