{"gold_per_floor":[110,110,126,139,139,139,174,185,208,236,236,247,247,1,1,100,100,111,91,102,102],"floor_reached":21,"playtime":1069,"items_purged":[],"score":220,"play_id":"d5930cb7-3ecd-45c7-8121-920b3104d639","local_time":"20180906185729","is_ascension_mode":true,"campfire_choices":[{"data":"Dualcast","floor":6,"key":"SMITH"},{"floor":11,"key":"REST"},{"data":"Amplify","floor":13,"key":"SMITH"},{"floor":15,"key":"REST"}],"neow_cost":"NONE","seed_source_timestamp":531088812455392,"circlet_count":0,"master_deck":["Strike_B","Strike_B","Strike_B","Strike_B","Defend_B","Defend_B","Defend_B","Defend_B","Zap","Dualcast+1","BootSequence","Rip and Tear","Conserve Battery","Ball Lightning","Amplify+1","Beam Cell","Steam","Storm","Secret Technique","Buffer","Go for the Eyes","Go for the Eyes+1","Auto Shields+1"],"relics":["Cracked Core","Bag of Marbles","Gambling Chip","Potion Belt","The Courier","Oddly Smooth Stone","Ancient Tea Set","Cursed Key"],"potions_floor_usage":[7,12,16,16,18,21],"damage_taken":[{"damage":0,"enemies":"2 Louse","floor":1,"turns":2},{"damage":0,"enemies":"Jaw Worm","floor":3,"turns":4},{"damage":0,"enemies":"Cultist","floor":4,"turns":3},{"damage":15,"enemies":"Gremlin Nob","floor":7,"turns":3},{"damage":20,"enemies":"Gremlin Gang","floor":8,"turns":5},{"damage":20,"enemies":"3 Sentries","floor":10,"turns":7},{"damage":8,"enemies":"Lots of Slimes","floor":12,"turns":5},{"damage":14,"enemies":"Slime Boss","floor":16,"turns":9},{"damage":7,"enemies":"Shell Parasite","floor":18,"turns":5},{"damage":11,"enemies":"2 Thieves","floor":19,"turns":4},{"damage":39,"enemies":"Cultist and Chosen","floor":20,"turns":8},{"damage":20,"enemies":"Centurion and Healer","floor":21,"turns":5}],"seed_played":"5249840809653646641","potions_obtained":[{"floor":4,"key":"Poison Potion"},{"floor":10,"key":"Dexterity Potion"},{"floor":12,"key":"Explosive Potion"},{"floor":16,"key":"SpeedPotion"},{"floor":20,"key":"EssenceOfSteel"}],"is_trial":false,"path_per_floor":["M","?","M","M","T","R","E","M","T","E","R","M","R","$","R","B",null,"M","M","M"],"character_chosen":"DEFECT","items_purchased":["Storm","Secret Technique","Fire Potion"],"campfire_rested":2,"item_purchase_floors":[14,14,14],"current_hp_per_floor":[75,72,72,72,72,72,57,37,37,17,39,31,31,31,53,39,75,68,57,18,0],"gold":102,"neow_bonus":"RANDOM_COMMON_RELIC","is_prod":false,"is_daily":false,"chose_seed":false,"campfire_upgraded":2,"win_rate":0,"timestamp":1536253049,"path_taken":["M","?","?","?","?","R","E","M","T","E","R","M","R","?","R","BOSS","M","M","M","M"],"build_version":"2018-08-30","purchased_purges":0,"victory":false,"max_hp_per_floor":[75,75,75,75,75,75,75,75,75,75,75,75,75,75,75,75,75,75,75,75,75],"card_choices":[{"not_picked":["Cold Snap","Leap"],"picked":"BootSequence","floor":1},{"not_picked":["Hologram","Darkness"],"picked":"Rip and Tear","floor":3},{"not_picked":["Steam","Melter"],"picked":"Conserve Battery","floor":4},{"not_picked":["Streamline","Melter"],"picked":"Ball Lightning","floor":7},{"not_picked":["Coolheaded","Conserve Battery"],"picked":"Amplify","floor":8},{"not_picked":["Reprogram","Lockon"],"picked":"Beam Cell","floor":10},{"not_picked":["Streamline","Coolheaded"],"picked":"Steam","floor":12},{"not_picked":["Fission","Thunder Strike"],"picked":"Buffer","floor":16},{"not_picked":["Streamline","Hologram"],"picked":"Go for the Eyes","floor":18},{"not_picked":["Rip and Tear+1","Conserve Battery"],"picked":"Go for the Eyes+1","floor":19},{"not_picked":["Cold Snap","Hologram"],"picked":"Auto Shields+1","floor":20}],"player_experience":133117,"relics_obtained":[{"floor":5,"key":"Potion Belt"},{"floor":7,"key":"The Courier"},{"floor":9,"key":"Oddly Smooth Stone"},{"floor":10,"key":"Ancient Tea Set"}],"event_choices":[{"event_name":"Scrap Ooze","player_choice":"success","floor":2,"damage_taken":3}],"is_beta":false,"boss_relics":[{"not_picked":["Tiny House","Astrolabe"],"picked":"Cursed Key"}],"items_purged_floors":[],"is_endless":false,"potions_floor_spawned":[4,10,12,16,20],"killed_by":"Centurion and Healer","ascension_level":3}