{"gold_per_floor":[114,114,114,129,129,159,174,174,174,204,219,234,234,249,249,349,399,414,324,13,28,43,73,73,88,88,88,118,118,218,233,233,333,333,348,348,363,378,393,393,408,438,438,162,177,192,192,0,0,0],"floor_reached":51,"playtime":2668,"items_purged":["Strike_R"],"score":881,"play_id":"2c13cd6e-6598-4a0f-bdad-8ae412bc836f","local_time":"20181106221834","daily_mods":["Allstar","ControlledChaos","Careless"],"is_ascension_mode":false,"campfire_choices":[{"data":"Mind Blast","floor":8,"key":"SMITH"},{"data":"Shockwave","floor":15,"key":"SMITH"},{"floor":24,"key":"REST"},{"data":"Bandage Up","floor":27,"key":"SMITH"},{"data":"1","floor":32,"key":"LIFT"},{"data":"2","floor":40,"key":"LIFT"},{"floor":47,"key":"REST"},{"floor":49,"key":"REST"}],"neow_cost":"","seed_source_timestamp":0,"circlet_count":0,"master_deck":["Strike_R+1","Defend_R+1","Defend_R","Defend_R","Defend_R+1","Bash+1","Enlightenment","Thinking Ahead+1","Mind Blast+1","Mind Blast","Pommel Strike","Pommel Strike","Pommel Strike","Shockwave+1","Thunderclap","Pommel Strike","Bandage Up+1","Offering","Perfected Strike+1","Perfected Strike+1","Double Tap","Body Slam","Perfected Strike","Shrug It Off","Shrug It Off+1"],"special_seed":17842,"relics":["Burning Blood","Frozen Eye","Singing Bowl","War Paint","Bottled Lightning","Thread and Needle","Tiny House","Bronze Scales","Calipers","Mummified Hand","Dream Catcher","Oddly Smooth Stone","Girya","Pear","Eternal Feather","Blue Candle","Ginger","Meat on the Bone","Red Mask"],"potions_floor_usage":[16,22,30,30,33,39,41,50,50],"damage_taken":[{"damage":4,"enemies":"Small Slimes","floor":1,"turns":3},{"damage":0,"enemies":"Cultist","floor":4,"turns":1},{"damage":0,"enemies":"Gremlin Nob","floor":6,"turns":2},{"damage":1,"enemies":"Jaw Worm","floor":7,"turns":4},{"damage":23,"enemies":"Lagavulin","floor":10,"turns":5},{"damage":0,"enemies":"Exordium Wildlife","floor":11,"turns":2},{"damage":9,"enemies":"Gremlin Gang","floor":12,"turns":2},{"damage":0,"enemies":"3 Louse","floor":14,"turns":2},{"damage":0,"enemies":"Slime Boss","floor":16,"turns":6},{"damage":8,"enemies":"2 Thieves","floor":18,"turns":5},{"damage":8,"enemies":"Shell Parasite","floor":21,"turns":2},{"damage":25,"enemies":"Shelled Parasite and Fungi","floor":22,"turns":4},{"damage":44,"enemies":"Gremlin Leader","floor":23,"turns":6},{"damage":6,"enemies":"Snecko","floor":25,"turns":2},{"damage":33,"enemies":"Book of Stabbing","floor":28,"turns":4},{"damage":6,"enemies":"Colosseum Slavers","floor":30,"turns":2},{"damage":12,"enemies":"Colosseum Nobs","floor":30,"turns":3},{"damage":2,"enemies":"3 Cultists","floor":31,"turns":4},{"damage":54,"enemies":"Automaton","floor":33,"turns":9},{"damage":24,"enemies":"3 Darklings","floor":35,"turns":4},{"damage":0,"enemies":"3 Shapes","floor":37,"turns":3},{"damage":18,"enemies":"Spire Growth","floor":38,"turns":3},{"damage":42,"enemies":"Maw","floor":39,"turns":6},{"damage":22,"enemies":"Transient","floor":41,"turns":5},{"damage":64,"enemies":"Reptomancer","floor":42,"turns":4},{"damage":0,"enemies":"Jaw Worm Horde","floor":45,"turns":4},{"damage":52,"enemies":"Writhing Mass","floor":46,"turns":3},{"damage":99,"enemies":"Time Eater","floor":50,"turns":12}],"seed_played":"-6234912146634211093","potions_obtained":[{"floor":1,"key":"LiquidBronze"},{"floor":10,"key":"GamblersBrew"},{"floor":11,"key":"PowerPotion"},{"floor":16,"key":"Ancient Potion"},{"floor":28,"key":"BloodPotion"},{"floor":30,"key":"Block Potion"},{"floor":31,"key":"SteroidPotion"},{"floor":35,"key":"PowerPotion"},{"floor":42,"key":"EssenceOfSteel"}],"is_trial":false,"path_per_floor":["M","?","?","M","?","E","M","R","T","E","M","M","T","M","R","B",null,"M","?","$","M","M","E","R","M","T","R","E","?","?","M","R","B",null,"M","?","M","M","M","R","M","E","T","$","M","M","R","?","R","B",null],"character_chosen":"IRONCLAD","items_purchased":["Bronze Scales","Bandage Up","Meat on the Bone","Shrug It Off"],"campfire_rested":3,"item_purchase_floors":[20,20,44,44],"current_hp_per_floor":[80,64,64,70,70,76,82,82,82,67,73,70,70,76,76,84,91,91,91,91,93,76,42,70,72,72,72,51,51,72,84,84,42,111,95,95,103,99,69,81,73,23,23,23,47,21,74,74,127,52],"gold":0,"neow_bonus":"","is_prod":false,"is_daily":true,"chose_seed":false,"campfire_upgraded":3,"win_rate":0,"timestamp":1541571514,"path_taken":["M","?","?","M","?","E","M","R","T","E","?","M","?","M","R","BOSS","M","?","$","M","?","E","R","M","T","R","E","?","?","M","R","BOSS","M","?","M","M","M","R","M","E","T","$","?","M","R","?","R","BOSS"],"build_version":"2018-11-01","purchased_purges":1,"victory":true,"max_hp_per_floor":[80,80,80,80,80,80,82,82,82,84,84,84,84,84,84,86,91,93,93,93,95,95,95,95,97,97,97,97,97,109,111,111,111,111,113,113,115,117,117,117,119,121,121,121,121,123,125,125,127,127],"card_choices":[{"not_picked":["Cleave","Wild Strike","Heavy Blade"],"picked":"SKIP","floor":1},{"not_picked":["Twin Strike","Bloodletting"],"picked":"Pommel Strike","floor":4},{"not_picked":["Warcry","Havoc"],"picked":"Pommel Strike","floor":6},{"not_picked":["Iron Wave","Sword Boomerang","Twin Strike"],"picked":"Singing Bowl","floor":7},{"not_picked":["Perfected Strike","Body Slam","Bloodletting"],"picked":"Singing Bowl","floor":10},{"not_picked":["Body Slam","Pummel"],"picked":"Pommel Strike","floor":11},{"not_picked":["True Grit","Rampage"],"picked":"Shockwave","floor":12},{"not_picked":["Havoc","Body Slam"],"picked":"Thunderclap","floor":14},{"not_picked":["Bludgeon","Brutality","Limit Break"],"picked":"Singing Bowl","floor":16},{"not_picked":["Iron Wave","Hemokinesis"],"picked":"Pommel Strike","floor":17},{"not_picked":["Infernal Blade","Clothesline+1","Flex"],"picked":"Singing Bowl","floor":18},{"not_picked":["Seeing Red+1","Armaments","Havoc+1"],"picked":"Singing Bowl","floor":21},{"not_picked":["True Grit+1","Sword Boomerang"],"picked":"Offering","floor":22},{"not_picked":["Twin Strike","Uppercut+1"],"picked":"Perfected Strike+1","floor":23},{"not_picked":["Offering","Warcry","Second Wind"],"picked":"Singing Bowl","floor":25},{"not_picked":["Reckless Charge","Havoc"],"picked":"Perfected Strike+1","floor":28},{"not_picked":["Sever Soul","Sword Boomerang+1","Body Slam"],"picked":"Singing Bowl","floor":30},{"not_picked":["Cleave","Havoc","Feel No Pain"],"picked":"Singing Bowl","floor":31},{"not_picked":["Fiend Fire","Demon Form"],"picked":"Double Tap","floor":33},{"not_picked":["Heavy Blade","Warcry","Bloodletting"],"picked":"Singing Bowl","floor":35},{"not_picked":["Body Slam+1","Iron Wave","Battle Trance"],"picked":"Singing Bowl","floor":37},{"not_picked":["Clash+1","Thunderclap+1","Warcry"],"picked":"Singing Bowl","floor":38},{"not_picked":["Reckless Charge","Cleave+1"],"picked":"Perfected Strike","floor":39},{"not_picked":["Flex","Whirlwind","Battle Trance"],"picked":"Singing Bowl","floor":41},{"not_picked":["Sentinel","Combust","Warcry+1"],"picked":"Singing Bowl","floor":42},{"not_picked":["Uppercut+1","Iron Wave"],"picked":"Shrug It Off+1","floor":45},{"not_picked":["Combust+1","Bloodletting+1","True Grit+1"],"picked":"Singing Bowl","floor":46},{"not_picked":["Shockwave+1","Berserk","Headbutt+1"],"picked":"Singing Bowl","floor":47},{"not_picked":["Clash","Entrench+1","Thunderclap+1"],"picked":"Singing Bowl","floor":49}],"player_experience":534677,"relics_obtained":[{"floor":6,"key":"Singing Bowl"},{"floor":9,"key":"War Paint"},{"floor":10,"key":"Bottled Lightning"},{"floor":13,"key":"Thread and Needle"},{"floor":23,"key":"Calipers"},{"floor":26,"key":"Mummified Hand"},{"floor":28,"key":"Dream Catcher"},{"floor":30,"key":"Girya"},{"floor":30,"key":"Pear"},{"floor":42,"key":"Blue Candle"},{"floor":43,"key":"Ginger"}],"event_choices":[{"damage_healed":0,"gold_gain":0,"player_choice":"Entered Light","damage_taken":16,"max_hp_gain":0,"max_hp_loss":0,"event_name":"Shining Light","floor":2,"gold_loss":0,"cards_upgraded":["Strike_R","Strike_R"]},{"cards_removed":["Metamorphosis"],"damage_healed":0,"gold_gain":0,"player_choice":"Forget","damage_taken":0,"max_hp_gain":0,"max_hp_loss":0,"event_name":"Living Wall","floor":3,"gold_loss":0},{"cards_removed":["Strike_R"],"damage_healed":0,"gold_gain":0,"player_choice":"Purged","damage_taken":0,"max_hp_gain":0,"max_hp_loss":0,"event_name":"Purifier","floor":5,"gold_loss":0},{"cards_removed":["Strike_R"],"damage_healed":0,"gold_gain":0,"player_choice":"Upgrade and Remove","damage_taken":0,"max_hp_gain":0,"max_hp_loss":0,"event_name":"Designer","floor":19,"gold_loss":90,"cards_upgraded":["Thinking Ahead"]},{"damage_healed":0,"gold_gain":0,"player_choice":"Opened","damage_taken":0,"relics_obtained":["Oddly Smooth Stone"],"max_hp_gain":0,"max_hp_loss":0,"event_name":"The Mausoleum","floor":29,"gold_loss":0},{"damage_healed":0,"gold_gain":0,"player_choice":"Fight","damage_taken":0,"max_hp_gain":0,"max_hp_loss":0,"event_name":"Colosseum","floor":30,"gold_loss":0},{"damage_healed":0,"gold_gain":0,"player_choice":"Fought Nobs","damage_taken":0,"max_hp_gain":0,"max_hp_loss":0,"event_name":"Colosseum","floor":30,"gold_loss":0},{"damage_healed":0,"gold_gain":0,"cards_transformed":["Strike_R"],"player_choice":"Transformed","damage_taken":0,"max_hp_gain":0,"max_hp_loss":0,"event_name":"Transmorgrifier","floor":36,"gold_loss":0,"cards_obtained":["Body Slam"]},{"damage_healed":0,"gold_gain":0,"player_choice":"Paid","damage_taken":0,"relics_obtained":["Red Mask"],"max_hp_gain":0,"max_hp_loss":0,"event_name":"Tomb of Lord Red Mask","floor":48,"gold_loss":192}],"is_beta":false,"boss_relics":[{"not_picked":["Busted Crown","Runic Pyramid"],"picked":"Tiny House"},{"not_picked":["White Beast Statue","Philosopher\u0027s Stone"],"picked":"Eternal Feather"}],"items_purged_floors":[20],"is_endless":false,"potions_floor_spawned":[1,10,11,16,18,28,30,30,31,35,37,42],"ascension_level":0}