{"path_per_floor":["M","?","$","M","M","R","E","R","T","?","?","?","M","?","R","B",null,"M","?","$","?","?","R","$","R","T","M","M","?","$","M","R"],"character_chosen":"DEFECT","items_purchased":["Tiny Chest","Loop","Thread and Needle"],"gold_per_floor":[110,285,11,24,42,42,74,74,120,120,195,195,205,205,205,304,304,322,322,20,20,20,20,20,20,99,114,133,133,33,46,46,46],"floor_reached":33,"campfire_rested":3,"playtime":1263,"item_purchase_floors":[3,3,20],"current_hp_per_floor":[75,75,75,68,68,68,27,49,49,42,31,49,28,21,43,23,75,49,49,49,33,33,33,33,33,33,19,11,11,11,6,21,0],"items_purged":["Doubt","Defend_B"],"gold":46,"score":266,"play_id":"d0042dc3-31b0-421a-b910-49b3636e3889","local_time":"20180521182358","is_prod":false,"is_daily":false,"chose_seed":false,"is_ascension_mode":false,"campfire_upgraded":3,"timestamp":1526952238,"campfire_choices":[{"data":"Loop","floor":6,"key":"SMITH"},{"floor":8,"key":"REST"},{"floor":15,"key":"REST"},{"data":"Electrodynamics","floor":23,"key":"SMITH"},{"data":"Darkness","floor":25,"key":"SMITH"},{"floor":32,"key":"REST"}],"path_taken":["BOSS","M","?","?","M","M","R","E","R","T","?","?","?","M","?","R","BOSS","M","?","$","?","?","R","$","R","T","M","M","?","$","M","R","BOSS"],"build_version":"2018-05-18","seed_source_timestamp":0,"purchased_purges":2,"victory":false,"master_deck":["Defend_B","Defend_B","Defend_B","Zap","Dualcast","Go for the Eyes","Loop+1","Darkness+1","Capacitor","Seek","Genetic Algorithm","Electrodynamics+1","Capacitor+1","Coolheaded","Hologram+1","Bite","Bite","Bite","Bite","Bite","Cold Snap"],"max_hp_per_floor":[75,75,75,75,75,75,75,75,75,75,75,75,75,75,75,75,75,75,75,75,75,75,75,75,75,75,75,75,52,52,52,52,52],"relics":["Cracked Core","Tiny Chest","Omamori","Juzu Bracelet","Sozu","Thread and Needle","Enchiridion","Darkstone Periapt","Ornamental Fan"],"card_choices":[{"not_picked":["BootSequence","Turbo"],"picked":"Go for the Eyes","floor":1},{"not_picked":["Fusion","Ball Lightning"],"picked":"Darkness","floor":4},{"not_picked":["Storm","Rebound"],"picked":"Capacitor","floor":5},{"not_picked":["Capacitor","Rebound"],"picked":"Seek","floor":7},{"not_picked":["Steam Power","Lockon"],"picked":"Genetic Algorithm","floor":13},{"not_picked":["Reboot","Amplify"],"picked":"Electrodynamics","floor":16},{"not_picked":["Barrage","Steam+1"],"picked":"Capacitor+1","floor":18},{"not_picked":["Rip and Tear","Static Discharge+1"],"picked":"Coolheaded","floor":27},{"not_picked":["Steam","Chaos"],"picked":"Hologram+1","floor":28},{"not_picked":["Barrage","Darkness"],"picked":"Cold Snap","floor":31}],"player_experience":108463,"potions_floor_usage":[16,33,33,33],"damage_taken":[{"damage":0,"enemies":"Small Slimes","floor":1,"turns":2},{"damage":7,"enemies":"Jaw Worm","floor":4,"turns":3},{"damage":0,"enemies":"Cultist","floor":5,"turns":4},{"damage":41,"enemies":"Gremlin Nob","floor":7,"turns":5},{"damage":21,"enemies":"Exordium Thugs","floor":13,"turns":5},{"damage":20,"enemies":"Slime Boss","floor":16,"turns":5},{"damage":26,"enemies":"2 Thieves","floor":18,"turns":3},{"damage":14,"enemies":"Shell Parasite","floor":27,"turns":5},{"damage":8,"enemies":"Snecko","floor":28,"turns":4},{"damage":11,"enemies":"3 Cultists","floor":31,"turns":4},{"damage":40,"enemies":"Collector","floor":33,"turns":6}],"relics_obtained":[{"floor":7,"key":"Omamori"},{"floor":9,"key":"Juzu Bracelet"},{"floor":21,"key":"Enchiridion"},{"floor":26,"key":"Ornamental Fan"}],"event_choices":[{"event_name":"Liars Game","player_choice":"agreed","floor":2,"damage_taken":0},{"event_name":"Wheel of Change","player_choice":"Damage","floor":10,"damage_taken":0},{"event_name":"World of Goop","player_choice":"Gather Gold","floor":11,"damage_taken":0},{"event_name":"Mushrooms","player_choice":"Healed and dodged fight","floor":12,"damage_taken":0},{"event_name":"Golden Wing","player_choice":"Card Removal","floor":14,"damage_taken":0},{"event_name":"The Woman in Blue","player_choice":"Bought 0 Potions","floor":19,"damage_taken":0},{"event_name":"Cursed Tome","player_choice":"Obtained Book","floor":21,"damage_taken":0},{"event_name":"The Mausoleum","player_choice":"Yes","floor":22,"damage_taken":0},{"event_name":"Vampires","player_choice":"Became a vampire","floor":29,"damage_taken":0}],"boss_relics":[{"not_picked":["Eternal Feather","Philosopher\u0027s Stone"],"picked":"Sozu"}],"items_purged_floors":[3,30],"potions_floor_spawned":[1,4,5,16,27,31],"seed_played":"-4760285133096549480","killed_by":"Collector","ascension_level":0,"potions_obtained":[{"floor":1,"key":"Swift Potion"},{"floor":4,"key":"Dexterity Potion"},{"floor":5,"key":"FocusPotion"},{"floor":16,"key":"EssenceOfSteel"}],"is_trial":false}