{"gold_per_floor":[117,137,153,228,244,244,261,261,261,261,261,273,290,319,319,319],"floor_reached":16,"playtime":788,"items_purged":[],"score":156,"play_id":"84d3a6bf-3a3b-48fd-ae16-b281cc079415","local_time":"20190102001703","is_ascension_mode":true,"campfire_choices":[{"data":"Corruption","floor":6,"key":"SMITH"},{"floor":8,"key":"RECALL"},{"floor":11,"key":"REST"},{"floor":15,"key":"REST"}],"neow_cost":"NONE","seed_source_timestamp":786982455620247,"circlet_count":0,"master_deck":["AscendersBane","Strike_R","Strike_R","Strike_R","Strike_R","Strike_R","Defend_R","Defend_R","Defend_R","Defend_R","Bash","Pommel Strike","Corruption+1","Seeing Red","Shrug It Off","Seeing Red","Intimidate","Carnage"],"relics":["Burning Blood","Vajra","Art of War"],"potions_floor_usage":[14,16],"damage_taken":[{"damage":7,"enemies":"Small Slimes","floor":1,"turns":4},{"damage":8,"enemies":"Jaw Worm","floor":2,"turns":4},{"damage":0,"enemies":"2 Louse","floor":3,"turns":3},{"damage":7,"enemies":"Looter","floor":5,"turns":4},{"damage":31,"enemies":"Exordium Thugs","floor":7,"turns":6},{"damage":14,"enemies":"Exordium Wildlife","floor":12,"turns":4},{"damage":28,"enemies":"Lots of Slimes","floor":13,"turns":6},{"damage":30,"enemies":"3 Sentries","floor":14,"turns":8},{"damage":48,"enemies":"Hexaghost","floor":16,"turns":9}],"seed_played":"5236304436213870738","potions_obtained":[{"floor":3,"key":"AttackPotion"},{"floor":5,"key":"SteroidPotion"}],"is_trial":false,"path_per_floor":["M","M","M","?","M","R","M","R","T","?","R","M","M","E","R","B"],"character_chosen":"IRONCLAD","items_purchased":[],"campfire_rested":2,"item_purchase_floors":[],"current_hp_per_floor":[79,77,83,72,71,71,46,46,46,46,72,64,42,18,44,0],"gold":319,"neow_bonus":"TEN_PERCENT_HP_BONUS","is_prod":false,"is_daily":false,"chose_seed":false,"campfire_upgraded":1,"win_rate":0,"timestamp":1546409823,"path_taken":["M","M","M","?","M","R","M","R","T","?","R","M","M","E","R","BOSS"],"build_version":"2018-12-20","purchased_purges":0,"victory":false,"max_hp_per_floor":[88,88,88,88,88,88,88,88,88,88,88,88,88,88,88,88],"card_choices":[{"not_picked":["Burning Pact","Twin Strike"],"picked":"Pommel Strike","floor":1},{"not_picked":["Perfected Strike","Twin Strike"],"picked":"Corruption","floor":2},{"not_picked":["Sword Boomerang","Dual Wield"],"picked":"Seeing Red","floor":3},{"not_picked":["Iron Wave","Berserk"],"picked":"Shrug It Off","floor":5},{"not_picked":["Warcry","Dual Wield","Flex"],"picked":"SKIP","floor":7},{"not_picked":["Clash","Corruption"],"picked":"Seeing Red","floor":12},{"not_picked":["Clash","Seeing Red"],"picked":"Intimidate","floor":13},{"not_picked":["Heavy Blade","Entrench"],"picked":"Carnage","floor":14}],"player_experience":367321,"relics_obtained":[{"floor":9,"key":"Vajra"},{"floor":14,"key":"Art of War"}],"event_choices":[{"damage_healed":0,"gold_gain":75,"player_choice":"Gather Gold","damage_taken":11,"max_hp_gain":0,"max_hp_loss":0,"event_name":"World of Goop","floor":4,"gold_loss":0},{"damage_healed":0,"gold_gain":0,"player_choice":"Ignored","damage_taken":0,"max_hp_gain":0,"max_hp_loss":0,"event_name":"Liars Game","floor":10,"gold_loss":0}],"is_beta":false,"boss_relics":[],"items_purged_floors":[],"is_endless":false,"potions_floor_spawned":[3,5],"killed_by":"Hexaghost","ascension_level":10}