{"gold_per_floor":[110,121,132,147,166,166,183,198,198,148,162,180,193,213,213,316,316,326,338,358,375,393,393,393,393,393,37,52,72,72],"floor_reached":30,"playtime":2048,"items_purged":["Strike_B"],"score":334,"play_id":"fe76a21d-ed07-4822-bc8f-bbb733a05c33","local_time":"20180916021400","is_ascension_mode":true,"campfire_choices":[{"floor":6,"key":"REST"},{"floor":15,"key":"REST"},{"floor":23,"key":"REST"},{"floor":25,"key":"REST"}],"neow_cost":"NONE","seed_source_timestamp":47097815947782,"circlet_count":0,"master_deck":["Strike_B","Strike_B","Defend_B","Defend_B","Defend_B","Defend_B","Zap","Dualcast","All For One","Go for the Eyes","Steam","Rebound","FTL","Go for the Eyes","Seek","Gash","White Noise","Sweeping Beam","Gash","Buffer","Chill+1","Leap","Steam+1","Gash","Defragment","Self Repair+1","Gash"],"relics":["Cracked Core","Cables","Nuclear Battery","Question Card","Pantograph"],"potions_floor_usage":[4,4,4,12,13,16,18,20,21,24,30],"damage_taken":[{"damage":2,"enemies":"Jaw Worm","floor":1,"turns":3},{"damage":0,"enemies":"2 Louse","floor":2,"turns":3},{"damage":0,"enemies":"Cultist","floor":3,"turns":3},{"damage":1,"enemies":"Gremlin Gang","floor":4,"turns":3},{"damage":12,"enemies":"Exordium Wildlife","floor":5,"turns":3},{"damage":5,"enemies":"Exordium Thugs","floor":7,"turns":5},{"damage":0,"enemies":"Blue Slaver","floor":8,"turns":2},{"damage":1,"enemies":"Large Slime","floor":11,"turns":4},{"damage":11,"enemies":"Looter","floor":12,"turns":2},{"damage":0,"enemies":"Exordium Wildlife","floor":13,"turns":2},{"damage":15,"enemies":"Large Slime","floor":14,"turns":4},{"damage":7,"enemies":"Slime Boss","floor":16,"turns":6},{"damage":7,"enemies":"3 Byrds","floor":18,"turns":3},{"damage":22,"enemies":"2 Thieves","floor":19,"turns":5},{"damage":14,"enemies":"Sentry and Sphere","floor":20,"turns":6},{"damage":18,"enemies":"Cultist and Chosen","floor":21,"turns":6},{"damage":9,"enemies":"Centurion and Healer","floor":22,"turns":8},{"damage":8,"enemies":"Snecko","floor":24,"turns":5},{"damage":20,"enemies":"3 Cultists","floor":28,"turns":7},{"damage":22,"enemies":"Sentry and Sphere","floor":29,"turns":8},{"damage":37,"enemies":"Snake Plant","floor":30,"turns":2}],"seed_played":"6668369191419303504","potions_obtained":[{"floor":2,"key":"EntropicBrew"},{"floor":4,"key":"Strength Potion"},{"floor":8,"key":"Dexterity Potion"},{"floor":13,"key":"SmokeBomb"},{"floor":14,"key":"Poison Potion"},{"floor":16,"key":"Explosive Potion"},{"floor":19,"key":"FairyPotion"},{"floor":20,"key":"Regen Potion"},{"floor":29,"key":"Regen Potion"}],"is_trial":false,"path_per_floor":["M","M","M","M","M","R","M","M","T","?","M","M","M","M","R","B",null,"M","M","M","M","M","R","M","R","T","$","M","M"],"character_chosen":"DEFECT","items_purchased":["Pantograph","Defragment"],"campfire_rested":4,"item_purchase_floors":[27,27],"current_hp_per_floor":[66,66,66,65,53,75,70,70,70,70,69,58,58,43,65,58,71,64,42,28,25,16,38,30,52,52,52,32,20,0],"gold":72,"neow_bonus":"ONE_RANDOM_RARE_CARD","is_prod":false,"is_daily":false,"chose_seed":false,"campfire_upgraded":0,"win_rate":0,"timestamp":1537056840,"path_taken":["M","M","M","M","M","R","M","M","T","?","M","?","M","M","R","BOSS","M","M","M","M","M","R","M","R","T","$","M","M","M"],"build_version":"2018-09-06","purchased_purges":1,"victory":false,"max_hp_per_floor":[75,75,75,75,75,75,75,75,75,75,75,75,75,75,75,75,75,75,75,75,75,75,75,75,75,75,75,75,75,75],"card_choices":[{"not_picked":["Rebound","Genetic Algorithm"],"picked":"Go for the Eyes","floor":1},{"not_picked":["Double Energy","Cold Snap"],"picked":"Steam","floor":2},{"not_picked":["Redo","Cold Snap"],"picked":"Rebound","floor":3},{"not_picked":["Beam Cell","Ball Lightning"],"picked":"FTL","floor":4},{"not_picked":["Barrage","Steam"],"picked":"Go for the Eyes","floor":5},{"not_picked":["Turbo","Stack"],"picked":"Seek","floor":7},{"not_picked":["Auto Shields","Sweeping Beam"],"picked":"Gash","floor":8},{"not_picked":["Chill","Redo"],"picked":"White Noise","floor":11},{"not_picked":["Coolheaded","Double Energy"],"picked":"Sweeping Beam","floor":12},{"not_picked":["Hologram","Steam"],"picked":"Gash","floor":13},{"not_picked":["Compile Driver","Doom and Gloom","Rip and Tear"],"picked":"SKIP","floor":14},{"not_picked":["Multi-Cast","Fission"],"picked":"Buffer","floor":16},{"not_picked":["Coolheaded","Force Field"],"picked":"Chill+1","floor":18},{"not_picked":["Reinforced Body","Auto Shields","Sweeping Beam"],"picked":"SKIP","floor":19},{"not_picked":["Ball Lightning","Coolheaded"],"picked":"Leap","floor":20},{"not_picked":["Go for the Eyes","Rebound"],"picked":"Steam+1","floor":21},{"not_picked":["Scrape","Glacier"],"picked":"Gash","floor":22},{"not_picked":["Capacitor","Steam+1","Sweeping Beam"],"picked":"Self Repair+1","floor":28},{"not_picked":["Beam Cell+1","Rebound","Undo+1"],"picked":"Gash","floor":29}],"player_experience":212250,"relics_obtained":[{"floor":9,"key":"Cables"},{"floor":26,"key":"Question Card"}],"event_choices":[{"event_name":"The Cleric","player_choice":"Card Removal","floor":10,"damage_taken":0}],"is_beta":false,"boss_relics":[{"not_picked":["Pandora\u0027s Box","Coffee Dripper"],"picked":"Nuclear Battery"}],"items_purged_floors":[27],"is_endless":false,"potions_floor_spawned":[2,4,8,13,14,16,19,20,24,29],"killed_by":"Snake Plant","ascension_level":6}