{"path_per_floor":["M","?","?","?","M","E","R","M","T","M","E","$","?","M","R","B",null,"M","?","?","$","M","R","E","M","T","E","R","$","?","M","R","B",null,"M","?","M","?","$","E","?","E","T","M","M","E","R","E","R","B"],"character_chosen":"IRONCLAD","items_purchased":["Rampage","Feel No Pain","Searing Blow","Feel No Pain","Fiend Fire","Happy Flower"],"gold_per_floor":[18,18,18,18,34,67,67,85,85,108,152,27,27,48,48,139,139,162,62,62,12,32,32,72,87,159,200,200,36,36,56,56,152,152,175,175,196,529,117,142,193,225,225,243,262,294,294,319,319,319],"floor_reached":51,"campfire_rested":2,"playtime":3364,"current_hp_per_floor":[72,72,72,72,74,42,42,48,48,51,52,52,36,33,33,10,63,69,69,40,40,40,40,40,40,40,40,40,40,24,29,40,40,40,40,30,34,34,34,38,54,54,54,54,54,54,54,25,41,39],"items_purged":["Strike_R","Strike_R","Strike_R","Defend_R"],"gold":319,"score":1687,"play_id":"a1975406-d649-43d7-875b-eb56f535bc93","local_time":"20180411184621","is_prod":false,"is_daily":false,"is_ascension_mode":true,"campfire_upgraded":5,"timestamp":1523465181,"path_taken":["M","?","?","?","M","E","R","M","T","M","E","?","?","M","R","BOSS","M","?","?","$","M","R","E","M","T","E","R","$","?","M","R","BOSS","M","?","M","?","$","E","?","E","T","?","M","E","R","E","R","BOSS"],"build_version":"2018-04-05v2","purchased_purges":4,"victory":true,"master_deck":["Strike_R+1","Bash+1","AscendersBane","True Grit","Seeing Red+1","Corruption+1","Headbutt","Feel No Pain+1","Rampage+1","Carnage","Limit Break","True Grit","J.A.X.","Ghostly","Ghostly","Ghostly","Ghostly","Ghostly","Limit Break","Exhume","Feel No Pain","Searing Blow","Flame Barrier","Juggernaut","Pummel+1","Ghostly Armor+1","Heavy Blade+1","Twin Strike+1","Panacea","Jack Of All Trades","Apotheosis","Corruption","Feel No Pain","Fiend Fire+1","Inflame+1","Heavy Blade","Carnage"],"max_hp_per_floor":[80,74,74,74,74,74,74,74,74,74,81,81,81,81,81,81,81,81,81,40,40,40,40,40,40,40,40,40,40,40,40,40,40,40,40,40,40,40,40,40,54,54,54,54,54,54,54,54,54,54],"relics":["Burning Blood","Smiling Mask","Charon\u0027s Ashes","Strawberry","Snecko Eye","Gremlin Horn","Self Forming Clay","Vajra","Enchiridion","Astrolabe","Happy Flower","Omamori","Mango","Bottled Lightning","Oddly Smooth Stone","Lantern","Bag of Marbles"],"card_choices":[{"not_picked":["Anger","Second Wind"],"picked":"True Grit","floor":1},{"not_picked":["Metallicize","Thunderclap"],"picked":"Corruption","floor":5},{"not_picked":["Evolve","Cleave"],"picked":"Armaments","floor":6},{"not_picked":["Cleave","Intimidate"],"picked":"Headbutt","floor":8},{"not_picked":["Warcry","Body Slam"],"picked":"Feel No Pain","floor":10},{"not_picked":["Rupture","Juggernaut"],"picked":"Warcry","floor":11},{"not_picked":["Pommel Strike","Flex"],"picked":"Carnage","floor":14},{"not_picked":["Juggernaut","Berserk"],"picked":"Limit Break","floor":16},{"not_picked":["Reckless Charge","Headbutt"],"picked":"True Grit","floor":18},{"not_picked":["Anger","Dropkick"],"picked":"Limit Break","floor":24},{"not_picked":["Cleave","Thunderclap"],"picked":"Exhume","floor":27},{"not_picked":["Havoc","Seeing Red"],"picked":"Flame Barrier","floor":31},{"not_picked":["Reaper","Offering"],"picked":"Juggernaut","floor":33},{"not_picked":["Warcry","Wild Strike"],"picked":"Twin Strike","floor":35},{"not_picked":["Finesse","Deep Breath"],"picked":"Panacea","floor":36},{"not_picked":["Finesse","Transmutation"],"picked":"Jack Of All Trades","floor":36},{"not_picked":["Transmutation","Trip"],"picked":"Apotheosis","floor":36},{"not_picked":["Pommel Strike","Wild Strike"],"picked":"Corruption","floor":37},{"not_picked":["Armaments","Pummel"],"picked":"Inflame","floor":40},{"not_picked":["Wild Strike","Uppercut"],"picked":"Heavy Blade","floor":41},{"not_picked":["Combust","Entrench"],"picked":"Carnage","floor":42}],"player_experience":286838,"potions_floor_usage":[6,6,10,11,16,16,33,50,50,50],"damage_taken":[{"damage":6,"enemies":"2 Louse","floor":1,"turns":5},{"damage":1,"enemies":"Cultist","floor":5,"turns":3},{"damage":38,"enemies":"3 Sentries","floor":6,"turns":9},{"damage":0,"enemies":"Small Slimes","floor":8,"turns":3},{"damage":3,"enemies":"Gremlin Gang","floor":10,"turns":4},{"damage":12,"enemies":"Lagavulin","floor":11,"turns":6},{"damage":9,"enemies":"Lots of Slimes","floor":14,"turns":4},{"damage":41,"enemies":"The Guardian","floor":16,"turns":9},{"damage":0,"enemies":"Chosen","floor":18,"turns":3},{"damage":3,"enemies":"Shell Parasite","floor":22,"turns":3},{"damage":1,"enemies":"Gremlin Leader","floor":24,"turns":5},{"damage":2,"enemies":"Centurion and Healer","floor":25,"turns":5},{"damage":1,"enemies":"Book of Stabbing","floor":27,"turns":5},{"damage":1,"enemies":"Snake Plant","floor":31,"turns":3},{"damage":3,"enemies":"Collector","floor":33,"turns":7},{"damage":4,"enemies":"3 Shapes","floor":35,"turns":3},{"damage":2,"enemies":"3 Darklings","floor":37,"turns":4},{"damage":2,"enemies":"Giant Head","floor":40,"turns":5},{"damage":3,"enemies":"Mysterious Sphere","floor":41,"turns":2},{"damage":3,"enemies":"2 Orb Walkers","floor":42,"turns":4},{"damage":0,"enemies":"Sphere and 2 Shapes","floor":44,"turns":3},{"damage":2,"enemies":"4 Shapes","floor":45,"turns":3},{"damage":1,"enemies":"Nemesis","floor":46,"turns":5},{"damage":35,"enemies":"2 Orb Walkers","floor":48,"turns":3},{"damage":8,"enemies":"Time Eater","floor":50,"turns":6}],"event_choices":[{"event_name":"Golden Idol","player_choice":"Lose Max HP","floor":2,"damage_taken":0},{"event_name":"Transmorgrifier","player_choice":"Transform","floor":3,"damage_taken":0},{"event_name":"The Lab","player_choice":"Got Potions","floor":4,"damage_taken":0},{"event_name":"Shining Light","player_choice":"Entered Light","floor":13,"damage_taken":0},{"event_name":"Drug Dealer","player_choice":"Got JAXXED","floor":19,"damage_taken":0},{"event_name":"Ghosts","player_choice":"Became a Ghost","floor":20,"damage_taken":0},{"event_name":"Cursed Tome","player_choice":"Obtained Book","floor":30,"damage_taken":0},{"event_name":"SensoryStone","player_choice":"Memory 3","floor":36,"damage_taken":0},{"event_name":"The Moai Head","player_choice":"Gave Idol","floor":38,"damage_taken":0},{"event_name":"Mysterious Sphere","player_choice":"Fight","floor":41,"damage_taken":0}],"boss_relics":[{"not_picked":["White Beast Statue","Philosopher\u0027s Stone"],"picked":"Snecko Eye"},{"not_picked":["Calling Bell","Lizard Tail"],"picked":"Astrolabe"}],"potions_floor_spawned":[5,6,10,11,18,27,31,33,35,40,44,45],"seed_played":"-7739650323051403465","ascension_level":13,"is_trial":false}