{"gold_per_floor":[109,109,127,140,140,140,166,146,192,208,208,208,226,242,242,242],"floor_reached":16,"playtime":624,"items_purged":[],"score":296,"play_id":"242b7acd-1915-421d-a5aa-b7382e4af074","local_time":"20181220063058","is_ascension_mode":true,"campfire_choices":[{"floor":6,"key":"REST"},{"floor":11,"key":"REST"},{"floor":15,"key":"REST"}],"neow_cost":"NONE","seed_source_timestamp":490410855877055,"circlet_count":0,"master_deck":["AscendersBane","Strike_B","Strike_B","Strike_B","Defend_B","Defend_B","Defend_B","Defend_B","Zap","Dualcast","Cold Snap","Cold Snap","Doom and Gloom","Ball Lightning","Capacitor","Electrodynamics","Capacitor","Loop","Ball Lightning"],"special_seed":0,"relics":["Orrery","WarpedTongs","Juzu Bracelet","PreservedInsect"],"potions_floor_usage":[10,10,16],"damage_taken":[{"damage":0,"enemies":"Cultist","floor":1,"turns":3},{"damage":11,"enemies":"2 Louse","floor":3,"turns":2},{"damage":0,"enemies":"Small Slimes","floor":4,"turns":2},{"damage":30,"enemies":"3 Sentries","floor":7,"turns":6},{"damage":3,"enemies":"Gremlin Gang","floor":10,"turns":4},{"damage":12,"enemies":"Lots of Slimes","floor":13,"turns":2},{"damage":6,"enemies":"2 Fungi Beasts","floor":14,"turns":4},{"damage":65,"enemies":"Hexaghost","floor":16,"turns":9}],"seed_played":"-4450991636591402041","potions_obtained":[{"floor":7,"key":"Fire Potion"},{"floor":8,"key":"EssenceOfSteel"},{"floor":10,"key":"FearPotion"}],"is_trial":false,"path_per_floor":["M","?","M","M","?","R","E","?","T","M","R","?","M","M","R","B"],"character_chosen":"DEFECT","items_purchased":[],"campfire_rested":3,"item_purchase_floors":[],"current_hp_per_floor":[64,64,53,53,53,71,41,41,41,38,59,59,47,41,62,0],"gold":242,"neow_bonus":"BOSS_RELIC","is_prod":false,"is_daily":false,"chose_seed":false,"campfire_upgraded":0,"win_rate":0,"timestamp":1545283858,"path_taken":["M","?","?","?","?","R","E","?","T","M","R","?","M","M","R","BOSS"],"build_version":"2018-12-13","purchased_purges":0,"victory":false,"max_hp_per_floor":[71,71,71,71,71,71,71,71,71,71,71,71,71,71,71,71],"card_choices":[{"not_picked":["Go for the Eyes","Leap"],"picked":"Cold Snap","floor":0.0},{"not_picked":["Static Discharge","Barrage"],"picked":"Cold Snap","floor":0.0},{"not_picked":["Force Field","Aggregate"],"picked":"Doom and Gloom","floor":0.0},{"not_picked":["Auto Shields","Hologram"],"picked":"Ball Lightning","floor":1},{"not_picked":["Conserve Battery","Barrage"],"picked":"Capacitor","floor":3},{"not_picked":["Cold Snap","Conserve Battery"],"picked":"Electrodynamics","floor":4},{"not_picked":["Cold Snap","Coolheaded"],"picked":"Capacitor","floor":7},{"not_picked":["Go for the Eyes","Gash"],"picked":"Loop","floor":10},{"not_picked":["Fusion","Turbo","All For One"],"picked":"SKIP","floor":13},{"not_picked":["Recycle","Sweeping Beam"],"picked":"Ball Lightning","floor":14}],"player_experience":760107,"relics_obtained":[{"floor":7,"key":"Juzu Bracelet"},{"floor":9,"key":"PreservedInsect"}],"event_choices":[{"damage_healed":0,"gold_gain":0,"player_choice":"Rummage","damage_taken":0,"relics_obtained":["WarpedTongs"],"max_hp_gain":0,"max_hp_loss":0,"event_name":"Accursed Blacksmith","floor":2,"gold_loss":0,"cards_obtained":["Pain"]},{"cards_removed":["Pain"],"damage_healed":0,"gold_gain":0,"player_choice":"Forget","damage_taken":0,"max_hp_gain":0,"max_hp_loss":0,"event_name":"Living Wall","floor":5,"gold_loss":0},{"damage_healed":0,"gold_gain":0,"player_choice":"Bought 1 Potion","damage_taken":0,"max_hp_gain":0,"max_hp_loss":0,"event_name":"The Woman in Blue","floor":8,"gold_loss":0},{"cards_removed":["Strike_B"],"damage_healed":0,"gold_gain":0,"player_choice":"Purged","damage_taken":0,"max_hp_gain":0,"max_hp_loss":0,"event_name":"Purifier","floor":12,"gold_loss":0}],"is_beta":false,"boss_relics":[],"items_purged_floors":[],"is_endless":false,"potions_floor_spawned":[7,10],"killed_by":"Hexaghost","ascension_level":19}