{"path_per_floor":["M","$","M","?","$","R","M","R","T","R","?","M","M","M","R","B",null,"M","$","?","M","?","R","M","T","T","M","M","M","M","M","R"],"character_chosen":"IRONCLAD","items_purchased":["Dark Shackles","Inflame","Seeing Red","Warcry","Inflame","Whirlwind"],"gold_per_floor":[365,189,204,379,129,129,143,143,218,218,218,232,242,255,255,359,359,378,87,87,107,32,32,52,52,52,67,80,97,110,128,128],"floor_reached":33,"campfire_rested":0,"playtime":2432,"current_hp_per_floor":[72,72,72,72,72,72,72,72,72,72,72,72,72,72,72,41,72,72,72,72,68,68,68,72,72,72,41,38,40,39,45,45],"items_purged":["Bash","Doubt","Writhe"],"gold":128,"play_id":"f4420dbc-ee79-46a6-af25-8a1d5d4089cd","is_prod":false,"is_daily":false,"campfire_rituals":0,"campfire_upgraded":6,"is_hardmode":false,"path_taken":["M","$","M","?","$","R","M","R","T","R","?","M","?","M","R","BOSS","M","$","?","M","?","R","M","?","T","M","M","M","M","M","R","BOSS"],"build_version":"2018-01-18-PROD2","purchased_purges":3,"victory":false,"master_deck":["Strike_R","Strike_R","Strike_R","Strike_R","Defend_R","Defend_R","Defend_R","Defend_R","Twin Strike","Dark Shackles","Battle Trance","Inflame","Seeing Red","Shrug It Off","Second Wind","Barricade","Shrug It Off","Warcry","Inflame","Whirlwind","Battle Trance","Shrug It Off","Pummel","Flex","Whirlwind","Body Slam"],"max_hp_per_floor":[72,72,72,72,72,72,72,72,72,72,72,72,72,72,72,72,72,72,72,72,72,72,72,72,72,72,72,72,72,72,72,72],"relics":["Burning Blood","Bottled Lightning","Cursed Key"],"campfire_meditates":0,"card_choices":[{"not_picked":["Anger","Searing Blow"],"picked":"Twin Strike"},{"not_picked":["Blood for Blood","Perfected Strike"],"picked":"Battle Trance"},{"not_picked":["Twin Strike","Rampage"],"picked":"Shrug It Off"},{"not_picked":["Combust","Clash"],"picked":"Second Wind"},{"not_picked":["Dark Embrace","Demon Form"],"picked":"Barricade"},{"not_picked":["Pommel Strike","Disarm"],"picked":"Shrug It Off"},{"not_picked":["Shockwave","Anger"],"picked":"Shrug It Off"},{"not_picked":["Anger","True Grit"],"picked":"Pummel"},{"not_picked":["Sever Soul","Iron Wave"],"picked":"Flex"},{"not_picked":["Clash","Iron Wave"],"picked":"Whirlwind"},{"not_picked":["Rampage","Impervious"],"picked":"Body Slam"}],"player_experience":11146,"potions_floor_usage":[13,13,28,28,29,33],"damage_taken":[{"damage":2,"enemies":"2 Louse","floor":1,"turns":3},{"damage":0,"enemies":"Small Slimes","floor":3,"turns":3},{"damage":4,"enemies":"Blue Slaver","floor":7,"turns":3},{"damage":0,"enemies":"Exordium Wildlife","floor":12,"turns":3},{"damage":4,"enemies":"Gremlin Gang","floor":13,"turns":3},{"damage":4,"enemies":"3 Louse","floor":14,"turns":3},{"damage":37,"enemies":"Slime Boss","floor":16,"turns":13},{"damage":2,"enemies":"2 Thieves","floor":18,"turns":4},{"damage":10,"enemies":"3 Byrds","floor":21,"turns":4},{"damage":0,"enemies":"Centurion and Healer","floor":24,"turns":5},{"damage":37,"enemies":"Snake Plant","floor":27,"turns":6},{"damage":9,"enemies":"Slaver and Parasite","floor":28,"turns":6},{"damage":4,"enemies":"Snecko","floor":29,"turns":5},{"damage":7,"enemies":"Centurion and Healer","floor":30,"turns":6},{"damage":0,"enemies":"Sentry and Sphere","floor":31,"turns":4},{"damage":46,"enemies":"Automaton","floor":33,"turns":6}],"event_choices":[{"event_name":"Liars Game","player_choice":"agreed","floor":4,"damage_taken":0},{"event_name":"Match and Keep!","player_choice":"1 cards matched","floor":11,"damage_taken":0},{"event_name":"Duplicator","player_choice":"One dupe","floor":20,"damage_taken":0},{"event_name":"Beggar","player_choice":"Gave Gold","floor":22,"damage_taken":0}],"boss_relics":[{"not_picked":["Snecko Eye","Runic Pyramid"],"picked":"Cursed Key"}],"potions_floor_spawned":[7,12,14,21,27,28,29],"seed_played":"-4481206484250726171","killed_by":"Automaton","is_trial":false}