{"gold_per_floor":[116,130,130,130,130,130,157,157,210,210,244,244,244,259,259,360,360,379,99,198,198,213,213,213,213,213,223,223],"floor_reached":28,"playtime":722,"items_purged":["Regret"],"score":383,"play_id":"8711bc58-2059-4c33-8139-58b179769c5a","local_time":"20190103022545","is_ascension_mode":true,"campfire_choices":[{"data":"Zap","floor":6,"key":"SMITH"},{"data":"Defragment","floor":8,"key":"SMITH"},{"floor":10,"key":"REST"},{"floor":12,"key":"REST"},{"floor":15,"key":"REST"},{"floor":23,"key":"REST"},{"data":"Darkness","floor":25,"key":"SMITH"}],"neow_cost":"NONE","seed_source_timestamp":1077700190512052,"circlet_count":0,"master_deck":["Strike_B","Strike_B","Strike_B","Strike_B","Defend_B","Defend_B","Defend_B","Defend_B","Zap+1","Dualcast","Auto Shields+1","Gash","Defragment+1","Beam Cell","Darkness+1","Seek","Writhe","Injury","Melter","Hologram+1","Intimidate+1"],"relics":["Cracked Core","NeowsBlessing","Dodecahedron","Centennial Puzzle","Darkstone Periapt","Calling Bell","Omamori","Kunai","Gambling Chip","PrismaticShard","Blue Candle"],"potions_floor_usage":[16,18,28],"damage_taken":[{"damage":0,"enemies":"2 Louse","floor":1,"turns":1},{"damage":0,"enemies":"Jaw Worm","floor":2,"turns":1},{"damage":0,"enemies":"Gremlin Nob","floor":7,"turns":1},{"damage":30,"enemies":"3 Sentries","floor":11,"turns":7},{"damage":7,"enemies":"Small Slimes","floor":14,"turns":2},{"damage":2,"enemies":"The Guardian","floor":16,"turns":9},{"damage":6,"enemies":"Chosen","floor":18,"turns":5},{"damage":23,"enemies":"2 Thieves","floor":22,"turns":4},{"damage":44,"enemies":"Snake Plant","floor":27,"turns":5},{"damage":43,"enemies":"Book of Stabbing","floor":28,"turns":5}],"seed_played":"7976669343467533427","potions_obtained":[{"floor":7,"key":"SteroidPotion"},{"floor":11,"key":"Swift Potion"},{"floor":14,"key":"Weak Potion"},{"floor":22,"key":"GamblersBrew"}],"is_trial":false,"path_per_floor":["M","M","?","$","?","R","E","R","T","R","E","R","?","M","R","B",null,"M","$","?","?","M","R","?","R","T","M","E"],"character_chosen":"DEFECT","items_purchased":["PrismaticShard"],"campfire_rested":4,"item_purchase_floors":[19],"current_hp_per_floor":[68,68,68,68,68,68,68,68,68,75,45,67,67,60,75,73,93,87,87,87,87,64,91,91,91,91,47,4],"gold":223,"neow_bonus":"THREE_ENEMY_KILL","is_prod":false,"is_daily":false,"chose_seed":false,"campfire_upgraded":3,"win_rate":0,"timestamp":1546478745,"path_taken":["M","M","?","$","?","R","E","R","T","R","E","R","?","?","R","BOSS","M","$","?","?","M","R","?","R","T","M","E"],"build_version":"2018-12-20","purchased_purges":1,"victory":false,"max_hp_per_floor":[75,75,75,75,75,75,75,75,75,75,75,75,75,75,75,75,93,93,93,93,93,93,93,93,93,93,93,93],"card_choices":[{"not_picked":["Beam Cell","Genetic Algorithm"],"picked":"Auto Shields","floor":1},{"not_picked":["Sweeping Beam","Reprogram"],"picked":"Gash","floor":2},{"not_picked":["Gash","Turbo"],"picked":"Defragment","floor":7},{"not_picked":["Fission","Aggregate"],"picked":"Beam Cell","floor":11},{"not_picked":["Compile Driver","Coolheaded"],"picked":"Darkness","floor":14},{"not_picked":["Biased Cognition","Reboot"],"picked":"Seek","floor":16},{"not_picked":["Ball Lightning+1","Conserve Battery"],"picked":"Melter","floor":18},{"not_picked":["Stack","Deflect"],"picked":"Hologram+1","floor":22},{"not_picked":["Turbo+1","Meteor Strike"],"picked":"Intimidate+1","floor":27}],"player_experience":499345,"relics_obtained":[{"floor":7,"key":"Dodecahedron"},{"floor":9,"key":"Centennial Puzzle"},{"floor":11,"key":"Darkstone Periapt"},{"floor":17,"key":"Omamori"},{"floor":17,"key":"Kunai"},{"floor":17,"key":"Gambling Chip"},{"floor":26,"key":"Blue Candle"}],"event_choices":[{"damage_healed":0,"gold_gain":0,"player_choice":"Grow","damage_taken":0,"max_hp_gain":0,"max_hp_loss":0,"event_name":"Living Wall","floor":3,"gold_loss":0,"cards_upgraded":["Auto Shields"]},{"damage_healed":0,"gold_gain":0,"player_choice":"Leave","damage_taken":0,"max_hp_gain":0,"max_hp_loss":0,"event_name":"The Cleric","floor":5,"gold_loss":0},{"damage_healed":0,"gold_gain":0,"player_choice":"Ignored","damage_taken":0,"max_hp_gain":0,"max_hp_loss":0,"event_name":"Shining Light","floor":13,"gold_loss":0},{"damage_healed":0,"gold_gain":99,"player_choice":"Stole From Cult","damage_taken":0,"max_hp_gain":0,"max_hp_loss":0,"event_name":"Nest","floor":20,"gold_loss":0},{"damage_healed":0,"gold_gain":0,"player_choice":"Ignored","damage_taken":0,"max_hp_gain":0,"max_hp_loss":0,"event_name":"Ghosts","floor":21,"gold_loss":0},{"damage_healed":0,"gold_gain":0,"player_choice":"Cursed","damage_taken":0,"max_hp_gain":0,"max_hp_loss":0,"event_name":"Wheel of Change","floor":24,"gold_loss":0,"cards_obtained":["Decay"]}],"is_beta":false,"boss_relics":[{"not_picked":["Tiny House","Black Star"],"picked":"Calling Bell"}],"items_purged_floors":[19],"is_endless":false,"potions_floor_spawned":[7,11,14,22],"killed_by":"Book of Stabbing","ascension_level":9}