{"gold_per_floor":[115,126,51,66,66,93,93,113,113,126,160,160,85,85,85,162,162,173,173,184,109,124,124,138,138,191,191],"floor_reached":27,"playtime":2514,"items_purged":["Strike_B"],"score":413,"play_id":"188dfb80-e2df-4532-befa-e20e156d68d7","local_time":"20190111154644","is_ascension_mode":true,"campfire_choices":[{"floor":7,"key":"REST"},{"data":"Defragment","floor":15,"key":"SMITH"},{"data":"Zap","floor":23,"key":"SMITH"},{"floor":25,"key":"REST"}],"neow_cost":"NONE","seed_source_timestamp":1006581143587703,"circlet_count":0,"master_deck":["AscendersBane","Defend_B","Defend_B","Defend_B","Defend_B","Zap+1","Dualcast","Biased Cognition","Coolheaded","Defragment+1","Glacier","Coolheaded","Go for the Eyes","Stack","Rebound","Buffer","Doom and Gloom","Barrage+1","Cold Snap","Hologram"],"relics":["Cracked Core","Omamori","Sundial","Incense Burner","Cursed Key"],"potions_floor_usage":[6,11,16,20,27],"damage_taken":[{"damage":6,"enemies":"Small Slimes","floor":1,"turns":4},{"damage":7,"enemies":"Jaw Worm","floor":2,"turns":4},{"damage":0,"enemies":"Cultist","floor":4,"turns":3},{"damage":28,"enemies":"3 Sentries","floor":6,"turns":16},{"damage":2,"enemies":"3 Louse","floor":8,"turns":3},{"damage":0,"enemies":"Looter","floor":10,"turns":4},{"damage":13,"enemies":"Lagavulin","floor":11,"turns":14},{"damage":12,"enemies":"Slime Boss","floor":16,"turns":21},{"damage":0,"enemies":"Spheric Guardian","floor":18,"turns":10},{"damage":5,"enemies":"Chosen","floor":20,"turns":4},{"damage":0,"enemies":"Snecko","floor":22,"turns":5},{"damage":18,"enemies":"Shelled Parasite and Fungi","floor":24,"turns":7},{"damage":39,"enemies":"Gremlin Leader","floor":27,"turns":11}],"seed_played":"-7166124525825156532","potions_obtained":[{"floor":2,"key":"GamblersBrew"},{"floor":5,"key":"Strength Potion"},{"floor":6,"key":"Energy Potion"},{"floor":10,"key":"Regen Potion"},{"floor":11,"key":"Strength Potion"},{"floor":18,"key":"PowerPotion"}],"is_trial":false,"path_per_floor":["M","M","?","M","?","E","R","M","T","M","E","?","$","?","R","B",null,"M","?","M","?","M","R","M","R","T","E"],"character_chosen":"DEFECT","items_purchased":[],"campfire_rested":2,"item_purchase_floors":[],"current_hp_per_floor":[58,51,51,51,51,23,44,42,42,42,44,37,37,37,37,25,60,60,40,35,35,35,35,17,39,39,0],"gold":191,"neow_bonus":"ONE_RANDOM_RARE_CARD","is_prod":false,"is_daily":false,"chose_seed":false,"campfire_upgraded":2,"win_rate":0,"timestamp":1547239604,"path_taken":["M","M","?","M","?","E","R","M","T","?","E","?","$","?","R","BOSS","M","?","M","?","M","R","M","R","T","E"],"build_version":"2019-01-10","purchased_purges":1,"victory":false,"max_hp_per_floor":[71,71,71,71,71,71,71,71,71,71,71,71,71,71,71,71,71,71,76,76,76,76,76,76,76,76,76],"card_choices":[{"not_picked":["Steam","Barrage"],"picked":"Coolheaded","floor":1},{"not_picked":["Steam","Coolheaded"],"picked":"Defragment","floor":2},{"not_picked":["Undo","Go for the Eyes"],"picked":"Glacier","floor":4},{"not_picked":["Lockon","Aggregate"],"picked":"Coolheaded","floor":6},{"not_picked":["Static Discharge","Sweeping Beam"],"picked":"Go for the Eyes","floor":8},{"not_picked":["Thunder Strike","Coolheaded"],"picked":"Stack","floor":10},{"not_picked":["Go for the Eyes","Storm"],"picked":"Rebound","floor":11},{"not_picked":["Creative AI","All For One"],"picked":"Buffer","floor":16},{"not_picked":["Turbo","Gash"],"picked":"Doom and Gloom","floor":18},{"not_picked":["Undo","Stack"],"picked":"Barrage+1","floor":20},{"not_picked":["Conserve Battery","Steam Power"],"picked":"Cold Snap","floor":22},{"not_picked":["Heatsinks","Gash"],"picked":"Hologram","floor":24}],"player_experience":455210,"relics_obtained":[{"floor":6,"key":"Omamori"},{"floor":9,"key":"Sundial"},{"floor":11,"key":"Incense Burner"}],"event_choices":[{"cards_removed":["Strike_B"],"damage_healed":0,"gold_gain":0,"player_choice":"Card Removal","damage_taken":0,"max_hp_gain":0,"max_hp_loss":0,"event_name":"The Cleric","floor":3,"gold_loss":75},{"damage_healed":0,"gold_gain":0,"player_choice":"Got Potions","damage_taken":0,"max_hp_gain":0,"max_hp_loss":0,"event_name":"Lab","floor":5,"gold_loss":0},{"cards_removed":["Strike_B"],"damage_healed":0,"gold_gain":0,"player_choice":"Card Removal","damage_taken":7,"max_hp_gain":0,"max_hp_loss":0,"event_name":"Golden Wing","floor":12,"gold_loss":0},{"damage_healed":0,"gold_gain":0,"player_choice":"Searched \u00271\u0027 times","damage_taken":0,"max_hp_gain":0,"max_hp_loss":0,"event_name":"Dead Adventurer","floor":14,"gold_loss":0},{"damage_healed":0,"gold_gain":0,"player_choice":"Shed Blood","damage_taken":25,"max_hp_gain":5,"max_hp_loss":0,"event_name":"Forgotten Altar","floor":19,"gold_loss":0},{"cards_removed":["Strike_B"],"damage_healed":0,"gold_gain":0,"player_choice":"Gave Gold","damage_taken":0,"max_hp_gain":0,"max_hp_loss":0,"event_name":"Beggar","floor":21,"gold_loss":75}],"is_beta":false,"boss_relics":[{"not_picked":["Sozu","Black Star"],"picked":"Cursed Key"}],"items_purged_floors":[13],"is_endless":false,"potions_floor_spawned":[2,6,10,11,18],"killed_by":"Gremlin Leader","ascension_level":17}