{"gold_per_floor":[113,113,113,131,156,196,196,236,263,281,237,237,255,255,255,350,350,369,389,242,258,274,274,310,310,310,310,329,352,352,368,368,368],"floor_reached":33,"playtime":1508,"items_purged":["Strike_B"],"score":517,"play_id":"0d7b71db-bb12-4a8e-8076-763dd28eb223","local_time":"20181009180901","is_ascension_mode":true,"campfire_choices":[{"data":"Zap","floor":7,"key":"SMITH"},{"floor":12,"key":"REST"},{"data":"Beam Cell","floor":15,"key":"SMITH"},{"data":"Go for the Eyes","floor":23,"key":"SMITH"},{"floor":25,"key":"REST"},{"data":"Reinforced Body","floor":30,"key":"SMITH"},{"floor":32,"key":"REST"}],"neow_cost":"PERCENT_DAMAGE","seed_source_timestamp":17634873816902,"circlet_count":0,"master_deck":["Strike_B","Strike_B","Defend_B","Defend_B","Defend_B+1","Defend_B+1","Zap+1","Dualcast","AscendersBane","Beam Cell+1","Go for the Eyes+1","Leap+1","Biased Cognition","Ball Lightning","Steam","Core Surge","Reinforced Body+1","Lockon","Melter","Doom and Gloom","Coolheaded","Reinforced Body+1","Conserve Battery"],"relics":["Cracked Core","Incense Burner","Golden Idol","Lantern","War Paint","Pen Nib","Velvet Choker","Ancient Tea Set","Bottled Lightning"],"potions_floor_usage":[6,8,16,24,24,31],"damage_taken":[{"damage":4,"enemies":"Jaw Worm","floor":1,"turns":3},{"damage":0,"enemies":"2 Louse","floor":4,"turns":2},{"damage":0,"enemies":"Cultist","floor":5,"turns":3},{"damage":24,"enemies":"Gremlin Nob","floor":6,"turns":4},{"damage":23,"enemies":"3 Sentries","floor":8,"turns":9},{"damage":1,"enemies":"2 Fungi Beasts","floor":10,"turns":2},{"damage":2,"enemies":"Blue Slaver","floor":13,"turns":3},{"damage":17,"enemies":"The Guardian","floor":16,"turns":10},{"damage":0,"enemies":"Chosen","floor":18,"turns":4},{"damage":10,"enemies":"3 Byrds","floor":19,"turns":5},{"damage":1,"enemies":"Cultist and Chosen","floor":21,"turns":5},{"damage":12,"enemies":"3 Cultists","floor":22,"turns":5},{"damage":15,"enemies":"Slavers","floor":24,"turns":4},{"damage":3,"enemies":"Shelled Parasite and Fungi","floor":28,"turns":4},{"damage":0,"enemies":"Snake Plant","floor":29,"turns":4},{"damage":27,"enemies":"Snecko","floor":31,"turns":4},{"damage":38,"enemies":"Champ","floor":33,"turns":16}],"seed_played":"2046989432103507732","potions_obtained":[{"floor":5,"key":"Regen Potion"},{"floor":6,"key":"Poison Potion"},{"floor":10,"key":"Regen Potion"},{"floor":18,"key":"FearPotion"},{"floor":19,"key":"Fire Potion"},{"floor":24,"key":"LiquidBronze"},{"floor":29,"key":"FocusPotion"}],"is_trial":false,"path_per_floor":["M","?","?","M","M","E","R","E","T","M","?","R","M","?","R","B",null,"M","M","$","M","M","R","E","R","T","?","M","M","R","M","R"],"character_chosen":"DEFECT","items_purchased":["Melter"],"campfire_rested":3,"item_purchase_floors":[20],"current_hp_per_floor":[42,42,42,42,42,30,30,7,7,6,6,25,23,23,23,21,55,55,45,45,44,32,32,17,36,36,36,33,33,33,6,25,0],"gold":368,"neow_bonus":"ONE_RARE_RELIC","is_prod":false,"is_daily":false,"chose_seed":false,"campfire_upgraded":4,"win_rate":0,"timestamp":1539101341,"path_taken":["M","?","?","M","?","E","R","E","T","M","?","R","M","?","R","BOSS","M","M","$","M","M","R","E","R","T","?","M","M","R","?","R","BOSS"],"build_version":"2018-10-08","purchased_purges":1,"victory":false,"max_hp_per_floor":[71,66,66,66,66,66,66,66,66,66,66,66,66,66,66,66,66,66,66,66,66,66,66,66,66,66,66,66,66,66,66,66,66],"card_choices":[{"not_picked":["Reinforced Body","Aggregate"],"picked":"Beam Cell","floor":1},{"not_picked":["Hello World","Steam"],"picked":"Go for the Eyes","floor":4},{"not_picked":["Steam","Hello World"],"picked":"Leap","floor":5},{"not_picked":["Turbo","Gash"],"picked":"Biased Cognition","floor":6},{"not_picked":["Steam","Hologram"],"picked":"Ball Lightning","floor":8},{"not_picked":["Steam Power","Rebound"],"picked":"Steam","floor":10},{"not_picked":["Stack","Steam","Leap"],"picked":"SKIP","floor":13},{"not_picked":["Amplify","Seek"],"picked":"Core Surge","floor":16},{"not_picked":["Hologram","Compile Driver"],"picked":"Reinforced Body+1","floor":18},{"not_picked":["Steam","Stack+1"],"picked":"Lockon","floor":19},{"not_picked":["Scrape","Beam Cell"],"picked":"Doom and Gloom","floor":21},{"not_picked":["Rebound","Steam","Gash"],"picked":"SKIP","floor":22},{"not_picked":["Leap","Ball Lightning","Sweeping Beam"],"picked":"SKIP","floor":24},{"not_picked":["Blizzard","Sunder"],"picked":"Coolheaded","floor":28},{"not_picked":["Leap+1","White Noise+1"],"picked":"Reinforced Body","floor":29},{"not_picked":["Fusion","Undo"],"picked":"Conserve Battery","floor":31}],"player_experience":199702,"relics_obtained":[{"floor":6,"key":"Lantern"},{"floor":8,"key":"War Paint"},{"floor":9,"key":"Pen Nib"},{"floor":24,"key":"Ancient Tea Set"},{"floor":26,"key":"Bottled Lightning"}],"event_choices":[{"event_name":"Golden Idol","player_choice":"Lose Max HP","floor":2,"damage_taken":0},{"event_name":"Liars Game","player_choice":"disagreed","floor":3,"damage_taken":0},{"event_name":"World of Goop","player_choice":"Left","floor":11,"damage_taken":0},{"event_name":"Purifier","player_choice":"One Purge","floor":14,"damage_taken":0},{"event_name":"Accursed Blacksmith","player_choice":"Forge","floor":27,"damage_taken":0}],"is_beta":true,"boss_relics":[{"not_picked":["Calling Bell","Tiny House"],"picked":"Velvet Choker"}],"items_purged_floors":[20],"is_endless":false,"potions_floor_spawned":[5,6,10,18,19,24,29],"killed_by":"Champ","ascension_level":14}