{"gold_per_floor":[116,126,126,142,142,142,162,6,6,20,37,49,49,67,67,140,140,159,159,159,170,19,46,46,76,154,173,173,48,48,62,62,62],"floor_reached":33,"playtime":2026,"items_purged":["Strike_B","Defend_B","Strike_B"],"score":460,"play_id":"7af4f23c-5412-4e63-babe-0fe3e8a254f8","local_time":"20180922074010","is_ascension_mode":true,"campfire_choices":[{"data":"Zap","floor":6,"key":"SMITH"},{"floor":13,"key":"REST"},{"data":"Static Discharge","floor":15,"key":"SMITH"},{"floor":24,"key":"REST"},{"floor":28,"key":"REST"},{"floor":30,"key":"REST"},{"floor":32,"key":"REST"}],"neow_cost":"","seed_source_timestamp":585095863355875,"circlet_count":0,"master_deck":["Strike_B","Defend_B","Defend_B","Zap+1","Dualcast","AscendersBane","Auto Shields","Steam Power","Ball Lightning","Static Discharge+1","Steam","Consume","Conserve Battery","Loop","Static Discharge","Melter","Ball Lightning","BootSequence","Electrodynamics"],"relics":["Cracked Core","Symbiotic Virus","Lizard Tail","Emotion Chip","Darkstone Periapt","Happy Flower","Gremlin Horn"],"potions_floor_usage":[14,23],"damage_taken":[{"damage":1,"enemies":"Cultist","floor":1,"turns":4},{"damage":1,"enemies":"Jaw Worm","floor":2,"turns":3},{"damage":1,"enemies":"Small Slimes","floor":4,"turns":3},{"damage":7,"enemies":"Looter","floor":7,"turns":3},{"damage":12,"enemies":"Exordium Thugs","floor":10,"turns":3},{"damage":6,"enemies":"2 Fungi Beasts","floor":11,"turns":2},{"damage":4,"enemies":"Looter","floor":12,"turns":2},{"damage":6,"enemies":"Exordium Wildlife","floor":14,"turns":3},{"damage":25,"enemies":"Hexaghost","floor":16,"turns":8},{"damage":37,"enemies":"2 Thieves","floor":18,"turns":5},{"damage":11,"enemies":"Shell Parasite","floor":21,"turns":3},{"damage":39,"enemies":"Gremlin Leader","floor":23,"turns":5},{"damage":37,"enemies":"Book of Stabbing","floor":25,"turns":4},{"damage":8,"enemies":"3 Cultists","floor":27,"turns":4},{"damage":11,"enemies":"Cultist and Chosen","floor":31,"turns":5},{"damage":78,"enemies":"Collector","floor":33,"turns":6}],"seed_played":"-2242653584625914953","potions_obtained":[{"floor":1,"key":"Explosive Potion"},{"floor":10,"key":"SteroidPotion"},{"floor":14,"key":"FairyPotion"},{"floor":18,"key":"PowerPotion"}],"is_trial":false,"path_per_floor":["M","M","?","M","?","R","M","$","T","M","M","M","R","M","R","B",null,"M","?","?","M","$","E","R","E","T","M","R","$","R","M","R"],"character_chosen":"DEFECT","items_purchased":["Static Discharge","Steam","Ball Lightning"],"campfire_rested":5,"item_purchase_floors":[8,8,22],"current_hp_per_floor":[67,66,66,65,58,58,51,51,51,39,33,29,51,45,45,20,61,24,24,24,13,13,27,49,12,12,4,26,26,48,37,59,0],"gold":62,"neow_bonus":"","is_prod":false,"is_daily":false,"chose_seed":false,"campfire_upgraded":2,"win_rate":0,"timestamp":1537594810,"path_taken":["M","?","?","?","?","R","M","$","T","M","M","?","R","M","R","BOSS","M","?","?","?","$","E","R","E","T","M","R","$","R","M","R","BOSS"],"build_version":"2018-09-20","purchased_purges":3,"victory":false,"max_hp_per_floor":[75,75,75,75,75,75,75,75,75,75,75,75,75,75,75,75,75,75,75,75,75,75,75,75,75,75,75,75,75,75,75,75,75],"card_choices":[{"not_picked":["Force Field","Streamline"],"picked":"Auto Shields","floor":1},{"not_picked":["Turbo","Beam Cell","Coolheaded"],"picked":"SKIP","floor":2},{"not_picked":["Beam Cell","Aggregate","Hello World"],"picked":"SKIP","floor":4},{"not_picked":["Streamline","Compile Driver"],"picked":"Ball Lightning","floor":7},{"not_picked":["Conserve Battery","Capacitor"],"picked":"Consume","floor":10},{"not_picked":["Gash","Sweeping Beam"],"picked":"Conserve Battery","floor":11},{"not_picked":["Reprogram","Chaos","Hologram"],"picked":"SKIP","floor":12},{"not_picked":["Redo","Gash"],"picked":"Loop","floor":14},{"not_picked":["Hologram","Aggregate+1"],"picked":"Static Discharge","floor":18},{"not_picked":["Gash+1","Streamline"],"picked":"Melter","floor":21},{"not_picked":["Hologram","Lockon","Barrage"],"picked":"SKIP","floor":23},{"not_picked":["Double Energy","Turbo","Skim"],"picked":"SKIP","floor":25},{"not_picked":["Leap","Streamline"],"picked":"BootSequence","floor":27},{"not_picked":["Barrage","Beam Cell"],"picked":"Electrodynamics","floor":31}],"player_experience":520123,"relics_obtained":[{"floor":9,"key":"Symbiotic Virus"},{"floor":23,"key":"Darkstone Periapt"},{"floor":25,"key":"Happy Flower"},{"floor":26,"key":"Gremlin Horn"}],"event_choices":[{"event_name":"Transmorgrifier","player_choice":"Transform","floor":3,"damage_taken":0},{"event_name":"Golden Wing","player_choice":"Card Removal","floor":5,"damage_taken":0},{"event_name":"The Mausoleum","player_choice":"Yes","floor":19,"damage_taken":0},{"event_name":"Purifier","player_choice":"One Purge","floor":20,"damage_taken":0}],"is_beta":false,"boss_relics":[{"not_picked":["Runic Dome","Coffee Dripper"],"picked":"Lizard Tail"}],"items_purged_floors":[8,22,29],"is_endless":false,"potions_floor_spawned":[1,10,11,12,14,18],"killed_by":"Collector","ascension_level":13}