{"gold_per_floor":[118,134,134,149,168,168,181,181,232,232,245,245,89,101,101,179,179,193,193,207,221,62,62,62],"floor_reached":24,"playtime":931,"items_purged":["Defend_B","Dualcast"],"score":371,"play_id":"f41ecd14-3099-44ad-b86b-0cf62bc83b15","local_time":"20181102125540","is_ascension_mode":true,"campfire_choices":[{"data":"Hyperbeam","floor":6,"key":"SMITH"},{"data":"Hologram","floor":8,"key":"SMITH"},{"data":"Reinforced Body","floor":10,"key":"SMITH"},{"floor":15,"key":"REST"},{"data":"Reinforced Body","floor":23,"key":"SMITH"}],"neow_cost":"NONE","seed_source_timestamp":587100835212270,"circlet_count":0,"master_deck":["AscendersBane","Strike_B","Strike_B","Strike_B","Defend_B","Defend_B","Defend_B","Zap","Genetic Algorithm","Reinforced Body+1","Hologram+1","Hyperbeam+1","Reinforced Body+1","Rip and Tear","Gash","Meteor Strike","Hologram","Hyperbeam+1","Sweeping Beam+1","Self Repair","Go for the Eyes"],"relics":["Cracked Core","Pen Nib","Sozu"],"potions_floor_usage":[5,11,16,16],"damage_taken":[{"damage":2,"enemies":"Jaw Worm","floor":1,"turns":3},{"damage":1,"enemies":"Cultist","floor":2,"turns":3},{"damage":0,"enemies":"2 Louse","floor":4,"turns":2},{"damage":63,"enemies":"Exordium Thugs","floor":5,"turns":6},{"damage":6,"enemies":"Looter","floor":7,"turns":3},{"damage":6,"enemies":"Lots of Slimes","floor":11,"turns":3},{"damage":0,"enemies":"2 Fungi Beasts","floor":14,"turns":2},{"damage":26,"enemies":"Hexaghost","floor":16,"turns":9},{"damage":2,"enemies":"Spheric Guardian","floor":18,"turns":4},{"damage":0,"enemies":"2 Thieves","floor":20,"turns":2},{"damage":2,"enemies":"Snecko","floor":21,"turns":5},{"damage":62,"enemies":"Book of Stabbing","floor":24,"turns":5}],"seed_played":"7356435208623420958","potions_obtained":[{"floor":1,"key":"Regen Potion"},{"floor":5,"key":"SkillPotion"},{"floor":7,"key":"SpeedPotion"},{"floor":14,"key":"PowerPotion"},{"floor":16,"key":"Ancient Potion"}],"is_trial":false,"path_per_floor":["M","M","?","M","M","R","M","R","T","R","M","?","$","M","R","B",null,"M","?","M","M","$","R","E"],"character_chosen":"DEFECT","items_purchased":["EssenceOfSteel","Go for the Eyes"],"campfire_rested":1,"item_purchase_floors":[13,22],"current_hp_per_floor":[69,68,68,68,20,20,14,14,14,14,8,8,8,8,31,5,60,58,58,58,56,56,56,0],"gold":62,"neow_bonus":"TEN_PERCENT_HP_BONUS","is_prod":false,"is_daily":false,"chose_seed":false,"campfire_upgraded":4,"win_rate":0,"timestamp":1541159740,"path_taken":["M","M","?","M","?","R","M","R","T","R","M","?","?","M","R","BOSS","M","?","M","?","$","R","E"],"build_version":"2018-11-01v2","purchased_purges":2,"victory":false,"max_hp_per_floor":[78,78,78,78,78,78,78,78,78,78,78,78,78,78,78,78,78,78,78,78,78,78,78,78],"card_choices":[{"not_picked":["Recycle","Beam Cell"],"picked":"Genetic Algorithm","floor":1},{"not_picked":["Go for the Eyes","Steam"],"picked":"Reinforced Body","floor":2},{"not_picked":["Undo","Beam Cell"],"picked":"Hologram","floor":4},{"not_picked":["Self Repair","Blizzard"],"picked":"Hyperbeam","floor":5},{"not_picked":["Stack","Rebound"],"picked":"Reinforced Body","floor":7},{"not_picked":["Ball Lightning","Scrape"],"picked":"Rip and Tear","floor":11},{"not_picked":["Beam Cell","Conserve Battery"],"picked":"Gash","floor":14},{"not_picked":["Creative AI","Electrodynamics"],"picked":"Meteor Strike","floor":16},{"not_picked":["Chaos","Rip and Tear"],"picked":"Hologram","floor":18},{"not_picked":["Hello World","Steam"],"picked":"Sweeping Beam+1","floor":20},{"not_picked":["Compile Driver","Stack+1"],"picked":"Self Repair","floor":21}],"player_experience":303595,"relics_obtained":[{"floor":9,"key":"Pen Nib"}],"event_choices":[{"cards_removed":["Strike_B"],"damage_healed":0,"gold_gain":0,"player_choice":"Offered Basic","damage_taken":0,"max_hp_gain":0,"max_hp_loss":0,"event_name":"Bonfire Elementals","floor":3,"gold_loss":0},{"damage_healed":0,"gold_gain":0,"player_choice":"Ignored","damage_taken":0,"max_hp_gain":0,"max_hp_loss":0,"event_name":"Golden Idol","floor":12,"gold_loss":0},{"damage_healed":0,"gold_gain":0,"player_choice":"Copied","damage_taken":0,"max_hp_gain":0,"max_hp_loss":0,"event_name":"Duplicator","floor":19,"gold_loss":0,"cards_obtained":["Hyperbeam"]}],"is_beta":true,"boss_relics":[{"not_picked":["Busted Crown","Ectoplasm"],"picked":"Sozu"}],"items_purged_floors":[13,22],"is_endless":false,"potions_floor_spawned":[1,5,7,14,16],"killed_by":"Book of Stabbing","ascension_level":19}