{"gold_per_floor":[113,70,86,86,11,11,45,45,45,55,65,83,83,83,83,83],"floor_reached":16,"playtime":741,"items_purged":["Defend_B"],"score":165,"play_id":"190d17f9-8ef1-46c5-9a63-d9604e7a6387","local_time":"20180921221254","is_ascension_mode":true,"campfire_choices":[{"data":"Dualcast","floor":6,"key":"SMITH"},{"floor":8,"key":"REST"},{"floor":15,"key":"REST"}],"neow_cost":"TEN_PERCENT_HP_LOSS","seed_source_timestamp":552344968302430,"circlet_count":0,"master_deck":["Strike_B","Strike_B","Strike_B","Defend_B+1","Defend_B+1","Zap+1","Dualcast+1","AscendersBane","Cold Snap","Chill","Melter","Sunder","Chill"],"relics":["Cracked Core","War Paint","Bottled Lightning"],"potions_floor_usage":[7,11,16],"damage_taken":[{"damage":3,"enemies":"Small Slimes","floor":1,"turns":3},{"damage":7,"enemies":"Jaw Worm","floor":3,"turns":3},{"damage":18,"enemies":"Gremlin Nob","floor":7,"turns":4},{"damage":4,"enemies":"2 Louse","floor":10,"turns":2},{"damage":12,"enemies":"Lots of Slimes","floor":11,"turns":3},{"damage":16,"enemies":"Large Slime","floor":12,"turns":3},{"damage":56,"enemies":"Slime Boss","floor":16,"turns":9}],"seed_played":"-4596960000789853230","potions_obtained":[{"floor":3,"key":"EssenceOfSteel"},{"floor":7,"key":"Strength Potion"},{"floor":12,"key":"Explosive Potion"}],"is_trial":false,"path_per_floor":["M","?","M","?","$","R","E","R","T","M","M","M","$","?","R"],"character_chosen":"DEFECT","items_purchased":[],"campfire_rested":2,"item_purchase_floors":[],"current_hp_per_floor":[65,65,58,58,58,58,40,60,60,56,44,28,28,28,48,0],"gold":83,"neow_bonus":"REMOVE_TWO","is_prod":false,"is_daily":false,"chose_seed":false,"campfire_upgraded":1,"win_rate":0,"timestamp":1537560774,"path_taken":["M","?","M","?","$","R","E","R","T","M","?","?","$","?","R","BOSS"],"build_version":"2018-09-20","purchased_purges":1,"victory":false,"max_hp_per_floor":[68,68,68,68,68,68,68,68,68,68,68,68,68,68,68,68],"card_choices":[{"not_picked":["Gash","Compile Driver"],"picked":"Cold Snap","floor":1},{"not_picked":["Thunder Strike","Stack","Undo"],"picked":"SKIP","floor":3},{"not_picked":["Storm","Rebound"],"picked":"Chill","floor":7},{"not_picked":["Rebound","Coolheaded"],"picked":"Melter","floor":10},{"not_picked":["Force Field","Rebound"],"picked":"Sunder","floor":11},{"not_picked":["Hello World","Sweeping Beam"],"picked":"Chill","floor":12}],"player_experience":492806,"relics_obtained":[{"floor":7,"key":"War Paint"},{"floor":9,"key":"Bottled Lightning"}],"event_choices":[{"event_name":"World of Goop","player_choice":"Left","floor":2,"damage_taken":0},{"event_name":"Upgrade Shrine","player_choice":"Upgraded","floor":4,"damage_taken":0},{"event_name":"Liars Game","player_choice":"disagreed","floor":14,"damage_taken":0}],"is_beta":false,"boss_relics":[],"items_purged_floors":[5],"is_endless":false,"potions_floor_spawned":[3,7,12],"killed_by":"Slime Boss","ascension_level":13}