{"path_per_floor":["M","$","M","M","?","E","M","?","T","E","M","M","M","$","R","B",null,"M","?","?","?","M","R","E","M","T","?"],"character_chosen":"THE_SILENT","items_purchased":["Catalyst"],"gold_per_floor":[109,75,92,112,112,137,157,107,107,140,155,172,189,189,189,289,289,304,304,304,304,321,321,353,363,416,416],"floor_reached":28,"campfire_rested":1,"playtime":1970,"current_hp_per_floor":[70,70,70,70,63,53,55,55,55,29,28,23,21,21,42,13,70,61,61,61,61,47,47,25,5,5,5],"items_purged":[],"gold":416,"play_id":"b8c42d80-e635-4aa5-ac4f-4ec602609bc5","is_prod":false,"is_daily":false,"is_ascension_mode":false,"campfire_upgraded":1,"path_taken":["M","$","M","M","?","E","M","?","T","E","M","M","?","?","R","BOSS","M","?","?","?","M","R","E","M","T","?","M"],"build_version":"2018-02-01-PROD1","purchased_purges":0,"victory":false,"master_deck":["Defend_G","Defend_G","Defend_G","Defend_G","Survivor","Neutralize","Prepared","Glass Knife","Catalyst","Endless Agony","Escape Plan+1","Flying Knee","Calculated Gamble+1","Crippling Poison","Flying Knee","Predator","Slice","A Thousand Cuts+1","Heel Hook","Bite","Bite","Bite","Bite","Bite","Unload","Sucker Punch","Finisher","Bouncing Flask"],"max_hp_per_floor":[70,70,70,70,70,70,70,70,70,70,70,70,70,70,70,70,70,70,70,70,70,70,70,70,70,70,70],"relics":["Ring of the Snake","Ancient Tea Set","War Paint","Snecko Eye","Paper Crane","Tiny Chest"],"card_choices":[{"not_picked":["Dodge and Roll","Calculated Gamble"],"picked":"Glass Knife"},{"not_picked":["Dash","Acrobatics"],"picked":"Endless Agony"},{"not_picked":["Prepared","Caltrops"],"picked":"Escape Plan"},{"not_picked":["Outmaneuver","PiercingWail"],"picked":"Flying Knee"},{"not_picked":["Acrobatics","Deflect"],"picked":"Calculated Gamble"},{"not_picked":["Dash","Adrenaline"],"picked":"Crippling Poison"},{"not_picked":["Acrobatics","Underhanded Strike"],"picked":"Flying Knee"},{"not_picked":["Dodge and Roll","Outmaneuver"],"picked":"Predator"},{"not_picked":["Flechettes","Flying Knee"],"picked":"Slice"},{"not_picked":["Tactician","Night Terror"],"picked":"A Thousand Cuts"},{"not_picked":["Masterful Stab","Noxious Fumes"],"picked":"Heel Hook"},{"not_picked":["Well Laid Plans","Dagger Throw"],"picked":"Sucker Punch"},{"not_picked":["Acrobatics","Deadly Poison"],"picked":"Finisher"},{"not_picked":["Corpse Explosion","Deflect"],"picked":"Bouncing Flask"}],"player_experience":64172,"potions_floor_usage":[6,13,16,24,24],"damage_taken":[{"damage":0,"enemies":"2 Louse","floor":1,"turns":2},{"damage":0,"enemies":"Small Slimes","floor":3,"turns":3},{"damage":0,"enemies":"Blue Slaver","floor":4,"turns":3},{"damage":10,"enemies":"Gremlin Nob","floor":6,"turns":4},{"damage":0,"enemies":"3 Louse","floor":7,"turns":3},{"damage":28,"enemies":"3 Sentries","floor":10,"turns":9},{"damage":3,"enemies":"Large Slime","floor":11,"turns":7},{"damage":7,"enemies":"Looter","floor":12,"turns":3},{"damage":4,"enemies":"Red Slaver","floor":13,"turns":2},{"damage":31,"enemies":"The Guardian","floor":16,"turns":11},{"damage":9,"enemies":"2 Thieves","floor":18,"turns":3},{"damage":22,"enemies":"3 Byrds","floor":22,"turns":5},{"damage":26,"enemies":"Slavers","floor":24,"turns":3},{"damage":30,"enemies":"Snake Plant","floor":25,"turns":5},{"damage":12,"enemies":"3 Cultists","floor":28,"turns":2}],"event_choices":[{"event_name":"Golden Wing","player_choice":"Card Removal","floor":5,"damage_taken":0},{"event_name":"The Cleric","player_choice":"Card Removal","floor":8,"damage_taken":0},{"event_name":"Beggar","player_choice":"Ignored","floor":19,"damage_taken":0},{"event_name":"Vampires","player_choice":"Became a vampire (Vial)","floor":20,"damage_taken":0},{"event_name":"Transmorgrifier","player_choice":"Transform","floor":21,"damage_taken":0},{"event_name":"Accursed Blacksmith","player_choice":"Ignore","floor":27,"damage_taken":0}],"boss_relics":[{"not_picked":["Runic Pyramid","Tiny House"],"picked":"Snecko Eye"}],"potions_floor_spawned":[3,10,12,13,16,22,25],"seed_played":"-6909324690648502116","killed_by":"3 Cultists","ascension_level":0,"is_trial":false}