{"gold_per_floor":[112,112,131,131,88,88,115,127,150,164,183,197,217,230,230,330,330,340,354,354],"floor_reached":20,"playtime":1151,"items_purged":[],"score":234,"play_id":"acf6bd51-5f59-402b-a0f7-de929a67c53f","local_time":"20180916033507","is_ascension_mode":true,"campfire_choices":[{"data":"Static Discharge","floor":6,"key":"SMITH"},{"floor":15,"key":"REST"}],"neow_cost":"","seed_source_timestamp":52861612098490,"circlet_count":0,"master_deck":["Strike_B","Strike_B","Strike_B","Defend_B","Defend_B","Zap","Dualcast","Darkness","Static Discharge+1","Auto Shields","Consume","Auto Shields","Go for the Eyes","Compile Driver+1","Reprogram+1","Aggregate+1","Leap","Sweeping Beam"],"relics":["Cracked Core","Boot","Oddly Smooth Stone","Astrolabe"],"potions_floor_usage":[14,14,16,16,20],"damage_taken":[{"damage":0,"enemies":"Small Slimes","floor":1,"turns":2},{"damage":2,"enemies":"Jaw Worm","floor":3,"turns":3},{"damage":25,"enemies":"3 Sentries","floor":7,"turns":5},{"damage":12,"enemies":"2 Louse","floor":8,"turns":3},{"damage":1,"enemies":"Blue Slaver","floor":10,"turns":5},{"damage":1,"enemies":"Exordium Wildlife","floor":11,"turns":3},{"damage":16,"enemies":"Lots of Slimes","floor":12,"turns":5},{"damage":2,"enemies":"2 Fungi Beasts","floor":13,"turns":3},{"damage":0,"enemies":"Exordium Wildlife","floor":14,"turns":4},{"damage":34,"enemies":"Hexaghost","floor":16,"turns":8},{"damage":18,"enemies":"Spheric Guardian","floor":18,"turns":3},{"damage":17,"enemies":"Shell Parasite","floor":19,"turns":3},{"damage":38,"enemies":"Centurion and Healer","floor":20,"turns":6}],"seed_played":"9210321340070255785","potions_obtained":[{"floor":7,"key":"SkillPotion"},{"floor":10,"key":"Swift Potion"},{"floor":12,"key":"Block Potion"},{"floor":14,"key":"Strength Potion"},{"floor":16,"key":"Ancient Potion"}],"is_trial":false,"path_per_floor":["M","$","M","?","?","R","E","M","T","M","M","M","M","M","R","B",null,"M","M"],"character_chosen":"DEFECT","items_purchased":[],"campfire_rested":1,"item_purchase_floors":[],"current_hp_per_floor":[68,68,66,71,71,71,46,34,34,33,32,16,14,14,38,4,61,43,26,0],"gold":354,"neow_bonus":"","is_prod":false,"is_daily":false,"chose_seed":false,"campfire_upgraded":1,"win_rate":0,"timestamp":1537061707,"path_taken":["M","$","M","?","?","R","E","?","T","M","M","M","M","M","R","BOSS","M","M","?"],"build_version":"2018-09-06","purchased_purges":0,"victory":false,"max_hp_per_floor":[75,75,75,80,80,80,80,80,80,80,80,80,80,80,80,80,80,80,80,80],"card_choices":[{"not_picked":["Turbo","Ball Lightning"],"picked":"Darkness","floor":1},{"not_picked":["Turbo","Compile Driver"],"picked":"Static Discharge","floor":3},{"not_picked":["Creative AI","Recycle","Thunder Strike"],"picked":"SKIP","floor":7},{"not_picked":["Rebound","Barrage"],"picked":"Auto Shields","floor":8},{"not_picked":["Darkness","Beam Cell"],"picked":"Consume","floor":10},{"not_picked":["Reinforced Body","Turbo","Compile Driver"],"picked":"SKIP","floor":11},{"not_picked":["Steam","Gash"],"picked":"Auto Shields","floor":12},{"not_picked":["Rebound","Loop"],"picked":"Go for the Eyes","floor":13},{"not_picked":["Darkness","Conserve Battery","Beam Cell"],"picked":"SKIP","floor":14},{"not_picked":["Recycle","Gash"],"picked":"Leap","floor":18},{"not_picked":["Redo","Cold Snap"],"picked":"Sweeping Beam","floor":19}],"player_experience":217656,"relics_obtained":[{"floor":7,"key":"Boot"},{"floor":9,"key":"Oddly Smooth Stone"}],"event_choices":[{"event_name":"Big Fish","player_choice":"Donut","floor":4,"damage_taken":0},{"event_name":"World of Goop","player_choice":"Left","floor":5,"damage_taken":0}],"is_beta":false,"boss_relics":[{"not_picked":["Runic Dome","Philosopher\u0027s Stone"],"picked":"Astrolabe"}],"items_purged_floors":[],"is_endless":false,"potions_floor_spawned":[7,10,12,14,16],"killed_by":"Centurion and Healer","ascension_level":6}