{"path_per_floor":["M","T","?","M","$","E","R","M","T","M","?","E","$","M","R","B",null,"M","M","$","M","?","R","?","M","T","R","M"],"character_chosen":"DEFECT","items_purchased":["Gremlin Horn","Defragment","Bandage Up","Consume","Capacitor"],"gold_per_floor":[359,428,428,447,202,232,232,250,274,290,255,284,59,70,70,167,167,187,205,48,60,60,60,60,71,125,125,143,143],"floor_reached":29,"campfire_rested":2,"playtime":1582,"current_hp_per_floor":[72,72,72,64,64,42,42,36,36,36,56,36,36,40,64,29,80,73,52,52,25,25,41,41,48,48,48,39,0],"items_purged":["Strike_B","Pain"],"gold":143,"score":260,"play_id":"dd94107b-c147-41b8-9d9f-1ac409cc0ed8","local_time":"20180517175951","is_prod":false,"is_daily":false,"chose_seed":false,"is_ascension_mode":false,"campfire_upgraded":2,"timestamp":1526605191,"path_taken":["M","?","?","?","$","E","R","M","T","M","?","E","$","M","R","BOSS","M","M","$","M","?","R","?","M","T","R","?","E"],"build_version":"2018-05-15","seed_source_timestamp":339039471512011,"purchased_purges":3,"victory":false,"master_deck":["Defend_B","Defend_B","Defend_B","Defend_B","Zap+1","Dualcast","Barrage","Capacitor","Storm","Axe Kick","Barrage","Defragment","Bandage Up","Go for the Eyes","Injury","Regret","Capacitor","Ball Lightning","Consume+1","Capacitor","Coolheaded+1","Bite","Bite","Bite","Bite","Bite","Coolheaded+1"],"max_hp_per_floor":[75,75,75,75,75,80,80,80,80,80,80,80,80,80,80,80,80,80,80,80,80,56,56,56,56,56,56,56,56],"relics":["Cracked Core","Matryoshka","Gremlin Horn","Pen Nib","Smiling Mask","Oddly Smooth Stone","Bag of Preparation","Calling Bell","Ancient Tea Set","Shuriken","Bird Faced Urn","Lantern","Omamori"],"card_choices":[{"not_picked":["Go for the Eyes","Beam Cell"],"picked":"Barrage","floor":1},{"not_picked":["Coolheaded","Beam Cell"],"picked":"Capacitor","floor":4},{"not_picked":["Auto Shields","Rebound"],"picked":"Storm","floor":6},{"not_picked":["Turbo","Steam"],"picked":"Axe Kick","floor":8},{"not_picked":["Genetic Algorithm","Rebound"],"picked":"Barrage","floor":10},{"not_picked":["Steam","Beam Cell","Force Field"],"picked":"SKIP","floor":12},{"not_picked":["Leap","Aggregate"],"picked":"Go for the Eyes","floor":14},{"not_picked":["Scrape","Axe Kick"],"picked":"Capacitor","floor":18},{"not_picked":["Self Repair","Axe Kick"],"picked":"Ball Lightning","floor":19},{"not_picked":["Steam","Sweeping Beam+1"],"picked":"Coolheaded+1","floor":21},{"not_picked":["Hologram","Beam Cell","Static Discharge"],"picked":"SKIP","floor":25},{"not_picked":["Leap+1","BootSequence"],"picked":"Coolheaded+1","floor":28}],"player_experience":101895,"potions_floor_usage":[6,16,18,29,29],"damage_taken":[{"damage":3,"enemies":"Cultist","floor":1,"turns":3},{"damage":8,"enemies":"Small Slimes","floor":4,"turns":3},{"damage":27,"enemies":"3 Sentries","floor":6,"turns":6},{"damage":6,"enemies":"Jaw Worm","floor":8,"turns":3},{"damage":0,"enemies":"Large Slime","floor":10,"turns":4},{"damage":20,"enemies":"Gremlin Nob","floor":12,"turns":4},{"damage":0,"enemies":"3 Louse","floor":14,"turns":4},{"damage":39,"enemies":"The Guardian","floor":16,"turns":12},{"damage":15,"enemies":"2 Thieves","floor":18,"turns":4},{"damage":33,"enemies":"Spheric Guardian","floor":19,"turns":5},{"damage":41,"enemies":"3 Cultists","floor":21,"turns":4},{"damage":13,"enemies":"Cultist and Chosen","floor":25,"turns":6},{"damage":31,"enemies":"Centurion and Healer","floor":28,"turns":5},{"damage":71,"enemies":"Gremlin Leader","floor":29,"turns":6}],"relics_obtained":[{"floor":2,"key":"Matryoshka"},{"floor":6,"key":"Pen Nib"},{"floor":9,"key":"Smiling Mask"},{"floor":9,"key":"Oddly Smooth Stone"},{"floor":12,"key":"Bag of Preparation"},{"floor":17,"key":"Ancient Tea Set"},{"floor":17,"key":"Shuriken"},{"floor":17,"key":"Bird Faced Urn"},{"floor":26,"key":"Lantern"},{"floor":26,"key":"Omamori"}],"event_choices":[{"event_name":"Fountain of Cleansing","player_choice":"Removed Curse","floor":3,"damage_taken":0},{"event_name":"The Cleric","player_choice":"Healed","floor":11,"damage_taken":0},{"event_name":"Vampires","player_choice":"Became a vampire","floor":22,"damage_taken":0},{"event_name":"Beggar","player_choice":"Ignored","floor":24,"damage_taken":0}],"boss_relics":[{"not_picked":["Velvet Choker","Black Star"],"picked":"Calling Bell"}],"potions_floor_spawned":[1,12,14,25,28],"seed_played":"35697003526720626","killed_by":"Gremlin Leader","ascension_level":0,"potions_obtained":[{"floor":1,"key":"Fruit Juice"},{"floor":12,"key":"Swift Potion"},{"floor":14,"key":"Explosive Potion"},{"floor":25,"key":"Energy Potion"},{"floor":28,"key":"PowerPotion"}],"is_trial":false}