{"gold_per_floor":[20,20,31,31,43,43,73,73,119,144,33,52,7,35,35,136,186,196,214,231,242,242,269,269,300,325,344,344,410,410],"floor_reached":30,"playtime":1404,"items_purged":["Strike_G"],"score":406,"play_id":"2111072b-1624-44bc-939b-498e4cb59792","local_time":"20181120185606","is_ascension_mode":true,"campfire_choices":[{"data":"Dash","floor":6.0,"key":"SMITH"},{"data":"Neutralize","floor":8.0,"key":"SMITH"},{"data":"Terror","floor":15,"key":"SMITH"},{"data":"Tools of the Trade","floor":24,"key":"SMITH"},{"floor":28,"key":"REST"}],"neow_cost":"NO_GOLD","seed_source_timestamp":323501607371159,"circlet_count":0,"master_deck":["Defend_G","Defend_G","Defend_G","Defend_G","Defend_G","Strike_G","Strike_G","Strike_G","Survivor","Neutralize+1","Impatience","Panacea","Dash+1","Poisoned Stab","Flechettes","Terror+1","Deflect+1","All Out Attack","Dagger Spray","Tools of the Trade+1","Tactician","Sucker Punch+1","Acrobatics+1","Footwork+1","Dodge and Roll+1"],"special_seed":0,"relics":["Ring of the Snake","Bag of Preparation","Vajra","Art of War","Centennial Puzzle","Tiny House","SsserpentHead","Dead Branch","Shuriken","Bronze Scales"],"potions_floor_usage":[23,23],"damage_taken":[{"damage":0.0,"enemies":"Jaw Worm","floor":1.0,"turns":5.0},{"damage":0.0,"enemies":"Cultist","floor":3.0,"turns":4.0},{"damage":0.0,"enemies":"2 Louse","floor":5.0,"turns":2.0},{"damage":37.0,"enemies":"3 Sentries","floor":7.0,"turns":14.0},{"damage":23.0,"enemies":"Gremlin Nob","floor":10.0,"turns":4.0},{"damage":1.0,"enemies":"Exordium Wildlife","floor":12.0,"turns":3.0},{"damage":2,"enemies":"3 Sentries","floor":14,"turns":4},{"damage":2,"enemies":"Hexaghost","floor":16,"turns":7},{"damage":3,"enemies":"Chosen","floor":18,"turns":5},{"damage":3,"enemies":"2 Thieves","floor":19,"turns":3},{"damage":9,"enemies":"Snake Plant","floor":20,"turns":3},{"damage":15,"enemies":"Shelled Parasite and Fungi","floor":21,"turns":6},{"damage":4,"enemies":"Slavers","floor":23,"turns":4},{"damage":20,"enemies":"Gremlin Leader","floor":25,"turns":10},{"damage":0,"enemies":"Centurion and Healer","floor":27,"turns":5},{"damage":24,"enemies":"Snecko","floor":29,"turns":6},{"damage":5,"enemies":"Snake Plant","floor":30,"turns":2}],"seed_played":"2671802942856016979","potions_obtained":[{"floor":5.0,"key":"Regen Potion"},{"floor":10.0,"key":"Swift Potion"},{"floor":16,"key":"Strength Potion"},{"floor":17,"key":"GhostInAJar"},{"floor":25,"key":"SteroidPotion"}],"is_trial":false,"path_per_floor":["M","?","M","?","M","R","E","R","T","E","$","M","M","?","E","R","B",null,"M","M","M","M","?","E","R","E","T","M","R","M","M"],"character_chosen":"THE_SILENT","items_purchased":["All Out Attack"],"campfire_rested":1,"item_purchase_floors":[11],"current_hp_per_floor":[63,63,63,63,63,63,39,39,39,16,16,15,15,13,13,11,60,57,54,45,30,30,26,26,6,6,6,28,4,0],"gold":410,"neow_bonus":"RANDOM_COLORLESS_2","is_prod":false,"is_daily":false,"chose_seed":false,"campfire_upgraded":4,"win_rate":0,"timestamp":1542758166,"path_taken":["M","?","?","?","M","R","E","R","T","E","?","M","?","E","R","BOSS","M","M","M","M","?","E","R","E","T","M","R","?","M"],"build_version":"2018-11-15","purchased_purges":1,"victory":false,"max_hp_per_floor":[70,70,70,70,70,70,70,70,70,70,70,70,70,70,70,70,75,75,75,75,75,75,75,75,75,75,75,75,75,75],"card_choices":[{"not_picked":["Sucker Punch","Acrobatics"],"picked":"Dash","floor":1.0},{"not_picked":["Bouncing Flask","Underhanded Strike"],"picked":"Flechettes","floor":3.0},{"not_picked":["Blade Dance","Bouncing Flask","Dodge and Roll"],"picked":"SKIP","floor":5.0},{"not_picked":["PiercingWail","Eviscerate"],"picked":"Terror","floor":7.0},{"not_picked":["Catalyst","Deadly Poison"],"picked":"Deflect","floor":10.0},{"not_picked":["Deflect","Backflip"],"picked":"Dagger Spray","floor":12.0},{"not_picked":["Caltrops","Grand Finale","Deflect"],"picked":"SKIP","floor":14},{"not_picked":["Storm of Steel","Malaise"],"picked":"Tools of the Trade","floor":16},{"not_picked":["Infinite Blades","Poisoned Stab"],"picked":"Tactician","floor":18},{"not_picked":["Dagger Throw","Riddle With Holes"],"picked":"Sucker Punch+1","floor":19},{"not_picked":["Accuracy","Slice"],"picked":"Acrobatics+1","floor":20},{"not_picked":["Flying Knee","PiercingWail+1","Outmaneuver"],"picked":"SKIP","floor":21},{"not_picked":["Deadly Poison","Acrobatics"],"picked":"Footwork+1","floor":23},{"not_picked":["Deflect","Envenom"],"picked":"Dodge and Roll+1","floor":25},{"not_picked":["Prepared+1","Setup","Dodge and Roll+1"],"picked":"SKIP","floor":27},{"not_picked":["Deadly Poison","Deflect","Outmaneuver"],"picked":"SKIP","floor":29}],"player_experience":446178,"relics_obtained":[{"floor":7.0,"key":"Bag of Preparation"},{"floor":9.0,"key":"Vajra"},{"floor":10.0,"key":"Art of War"},{"floor":14,"key":"Centennial Puzzle"},{"floor":23,"key":"Dead Branch"},{"floor":25,"key":"Shuriken"},{"floor":26,"key":"Bronze Scales"}],"event_choices":[{"damage_healed":0.0,"max_hp_gain":0.0,"max_hp_loss":0.0,"gold_gain":0.0,"cards_transformed":["Strike_G"],"event_name":"Transmorgrifier","player_choice":"Transformed","floor":2.0,"gold_loss":0.0,"damage_taken":0.0,"cards_obtained":["Poisoned Stab"]},{"damage_healed":0.0,"max_hp_gain":0.0,"max_hp_loss":0.0,"gold_gain":0.0,"event_name":"The Cleric","player_choice":"Leave","floor":4.0,"gold_loss":0.0,"damage_taken":0.0},{"damage_healed":0.0,"max_hp_gain":0.0,"max_hp_loss":0.0,"gold_gain":0.0,"event_name":"World of Goop","player_choice":"Left Gold","floor":13.0,"gold_loss":45.0,"damage_taken":0.0},{"damage_healed":0,"gold_gain":0,"player_choice":"Trade","damage_taken":0,"relics_obtained":["SsserpentHead"],"max_hp_gain":0,"max_hp_loss":0,"event_name":"FaceTrader","floor":22,"gold_loss":0}],"is_beta":true,"boss_relics":[{"not_picked":["White Beast Statue","HoveringKite"],"picked":"Tiny House"}],"items_purged_floors":[11],"is_endless":false,"potions_floor_spawned":[5,10,16,19,21,25],"killed_by":"Snake Plant","ascension_level":8}