{"gold_per_floor":[114,134,152,327,219,244,258,258,258,86,86],"floor_reached":11,"playtime":510,"items_purged":["Doubt","Strike_B"],"score":95,"play_id":"0b4e4745-f468-46c1-aa0f-f6d9b9892e81","local_time":"20180916031303","is_ascension_mode":true,"campfire_choices":[],"neow_cost":"PERCENT_DAMAGE","seed_source_timestamp":52179724039142,"circlet_count":0,"master_deck":["Strike_B","Strike_B","Defend_B","Defend_B","Defend_B","Defend_B","Zap","Dualcast","White Noise","Turbo","BootSequence","Static Discharge","Storm","Defragment","Defragment","Loop"],"relics":["Cracked Core","Letter Opener","Darkstone Periapt"],"potions_floor_usage":[6,6],"damage_taken":[{"damage":3,"enemies":"Jaw Worm","floor":1,"turns":4},{"damage":0,"enemies":"2 Louse","floor":2,"turns":2},{"damage":7,"enemies":"Small Slimes","floor":3,"turns":3},{"damage":20,"enemies":"3 Sentries","floor":6,"turns":5},{"damage":11,"enemies":"2 Fungi Beasts","floor":7,"turns":3},{"damage":20,"enemies":"Lagavulin","floor":11,"turns":2}],"seed_played":"-4150044920400320614","potions_obtained":[{"floor":1,"key":"EssenceOfSteel"},{"floor":3,"key":"Explosive Potion"}],"is_trial":false,"path_per_floor":["M","M","M","?","$","E","M","?","T","$"],"character_chosen":"DEFECT","items_purchased":["Static Discharge","Loop"],"campfire_rested":0,"item_purchase_floors":[5,10],"current_hp_per_floor":[55,55,48,48,48,28,17,17,17,17,0],"gold":86,"neow_bonus":"TWENTY_PERCENT_HP_BONUS","is_prod":false,"is_daily":false,"chose_seed":false,"campfire_upgraded":0,"win_rate":0,"timestamp":1537060383,"path_taken":["M","M","M","?","$","E","M","?","T","$","E"],"build_version":"2018-09-06","purchased_purges":2,"victory":false,"max_hp_per_floor":[89,89,89,89,89,89,89,89,89,89,89],"card_choices":[{"not_picked":["Barrage","Streamline"],"picked":"White Noise","floor":1},{"not_picked":["Hello World","Stack"],"picked":"Turbo","floor":2},{"not_picked":["Hologram","Recycle"],"picked":"BootSequence","floor":3},{"not_picked":["Reprogram","Rebound"],"picked":"Storm","floor":6},{"not_picked":["Aggregate","BootSequence"],"picked":"Defragment","floor":7}],"player_experience":217146,"relics_obtained":[{"floor":6,"key":"Letter Opener"},{"floor":9,"key":"Darkstone Periapt"}],"event_choices":[{"event_name":"Liars Game","player_choice":"agreed","floor":4,"damage_taken":0},{"event_name":"Transmorgrifier","player_choice":"Transform","floor":8,"damage_taken":0}],"is_beta":false,"boss_relics":[],"items_purged_floors":[5,10],"is_endless":false,"potions_floor_spawned":[1,3],"killed_by":"Lagavulin","ascension_level":6}