{"path_per_floor":["M","M","M","?","?","R","E","M","T","$","R","M","E","?","R","B",null,"M","?","M","$","M","?","R","?","T","R","M","M","R","M","R"],"character_chosen":"IRONCLAD","items_purchased":["Flame Barrier","Gremlin Horn","Spot Weakness"],"gold_per_floor":[114,127,141,141,216,216,249,268,294,10,10,20,48,48,48,122,122,138,138,149,5,19,19,19,19,19,19,33,48,48,59,59,59],"floor_reached":33,"campfire_rested":3,"playtime":1118,"current_hp_per_floor":[70,76,73,66,55,55,35,21,21,21,45,32,31,31,55,29,69,55,61,50,50,30,30,30,30,30,30,28,34,34,35,54,0],"items_purged":["Writhe"],"gold":59,"score":450,"play_id":"68c4c54a-7f21-44fe-8e4f-4fff2aa66db7","local_time":"20180410120530","is_prod":false,"is_daily":false,"is_ascension_mode":true,"campfire_upgraded":4,"timestamp":1523354730,"path_taken":["M","M","M","?","?","R","E","M","T","$","R","M","E","?","R","BOSS","M","?","M","$","M","?","R","?","T","R","M","?","R","M","R","BOSS"],"build_version":"2018-04-05v2","purchased_purges":1,"victory":false,"master_deck":["Defend_R","Defend_R","Defend_R","Defend_R","Bash+1","AscendersBane","Spot Weakness","Twin Strike","Thunderclap","Heavy Blade+1","Clothesline","Flame Barrier+1","Pummel+1","Offering","Spot Weakness","Intimidate+1","Bite","Bite","Bite","Bite","Bite","Heavy Blade","Burning Pact+1"],"max_hp_per_floor":[80,80,80,80,80,80,80,80,80,80,80,80,82,82,82,82,82,84,90,92,92,92,92,92,64,64,64,64,64,64,66,66,66],"relics":["Burning Blood","Darkstone Periapt","Oddly Smooth Stone","Gremlin Horn","Singing Bowl","Velvet Choker","Red Skull","Frozen Egg 2"],"card_choices":[{"not_picked":["Iron Wave","Havoc"],"picked":"Spot Weakness","floor":0},{"not_picked":["Iron Wave","Double Tap"],"picked":"Twin Strike","floor":2},{"not_picked":["Warcry","Body Slam"],"picked":"Thunderclap","floor":3},{"not_picked":["True Grit","Body Slam"],"picked":"Heavy Blade","floor":7},{"not_picked":["Body Slam","Headbutt"],"picked":"Clothesline","floor":8},{"not_picked":["Anger","Shockwave"],"picked":"Pummel","floor":12},{"not_picked":["Double Tap","Reaper"],"picked":"Offering","floor":16},{"not_picked":["Havoc","True Grit"],"picked":"Intimidate","floor":22},{"not_picked":["Dark Embrace","Pommel Strike"],"picked":"Heavy Blade","floor":28},{"not_picked":["Headbutt","Havoc"],"picked":"Burning Pact","floor":29}],"player_experience":280667,"potions_floor_usage":[3,16,16,29,31,33,33],"damage_taken":[{"damage":8,"enemies":"2 Louse","floor":1,"turns":2},{"damage":0,"enemies":"Small Slimes","floor":2,"turns":3},{"damage":9,"enemies":"Jaw Worm","floor":3,"turns":2},{"damage":26,"enemies":"Gremlin Nob","floor":7,"turns":4},{"damage":20,"enemies":"Lots of Slimes","floor":8,"turns":5},{"damage":19,"enemies":"Large Slime","floor":12,"turns":6},{"damage":9,"enemies":"3 Sentries","floor":13,"turns":5},{"damage":32,"enemies":"The Guardian","floor":16,"turns":9},{"damage":22,"enemies":"Spheric Guardian","floor":18,"turns":4},{"damage":19,"enemies":"Shell Parasite","floor":20,"turns":4},{"damage":26,"enemies":"3 Cultists","floor":22,"turns":4},{"damage":16,"enemies":"Snake Plant","floor":28,"turns":3},{"damage":4,"enemies":"Snecko","floor":29,"turns":2},{"damage":15,"enemies":"Chosen and Byrds","floor":31,"turns":5},{"damage":78,"enemies":"Automaton","floor":33,"turns":6}],"event_choices":[{"event_name":"Golden Wing","player_choice":"Card Removal","floor":4,"damage_taken":0},{"event_name":"World of Goop","player_choice":"Gather Gold","floor":5,"damage_taken":0},{"event_name":"Shining Light","player_choice":"Ignored","floor":14,"damage_taken":0},{"event_name":"The Mausoleum","player_choice":"Yes","floor":19,"damage_taken":0},{"event_name":"Purifier","player_choice":"One Purge","floor":23,"damage_taken":0},{"event_name":"Vampires","player_choice":"Became a vampire","floor":25,"damage_taken":0}],"boss_relics":[{"not_picked":["White Beast Statue","Lizard Tail"],"picked":"Velvet Choker"}],"potions_floor_spawned":[1,7,8,12,28,29,31],"seed_played":"5854598116000107325","killed_by":"Automaton","ascension_level":13,"is_trial":false}