{"path_per_floor":["M","M","M","?","M","R","E","R","T","$","?","M","E","?","R","B",null,"M","?","$","M","M","R","E","M","T","M","M","E","R","E","R","B",null,"M","$","M","M","T","E","R","M","T","R","E","M","R","M","R","B"],"character_chosen":"IRONCLAD","items_purchased":["Immolate","Shockwave","Mummified Hand","Apotheosis","Metallicize"],"gold_per_floor":[113,132,146,146,160,160,195,195,195,49,49,66,97,272,272,372,372,389,389,25,31,42,42,72,85,85,102,114,147,147,175,175,278,278,289,23,35,49,100,127,127,137,137,137,172,186,186,204,204,204],"floor_reached":51,"campfire_rested":1,"playtime":2788,"current_hp_per_floor":[90,88,94,87,72,72,43,71,71,71,71,77,68,68,68,27,79,73,67,67,58,50,50,35,43,43,47,62,67,67,67,67,54,64,60,60,67,67,67,67,67,67,67,67,77,77,77,77,77,77],"items_purged":["Perfected Strike"],"gold":204,"score":1098,"play_id":"8aeff525-73a6-4f6d-8194-b2ea3d4a6d92","local_time":"20180405154038","is_prod":false,"is_daily":false,"is_ascension_mode":true,"campfire_upgraded":6,"timestamp":1522935638,"path_taken":["M","M","M","?","M","R","E","R","T","$","?","?","E","?","R","BOSS","M","?","$","?","M","R","E","M","T","M","M","E","R","E","R","BOSS","M","$","M","M","?","E","R","M","T","R","E","M","R","M","R","BOSS"],"build_version":"2018-03-29v2","purchased_purges":2,"victory":true,"master_deck":["Bash+1","Clumsy","Wild Strike+1","Spot Weakness","Corruption+1","Clash","Immolate+1","Feel No Pain+1","Doubt","Exhume","True Grit","Bite","Bite","Bite","Bite","Bite","Shockwave+1","Clothesline","Feel No Pain","Battle Trance","Feel No Pain","Shrug It Off","Dual Wield+1","Metallicize","Dark Embrace","Feel No Pain+1","Headbutt+1","Fire Breathing+1","Havoc+1","Apotheosis+1","Metallicize","Havoc+1","Sentinel","Exhume","Battle Trance","Pommel Strike+1"],"max_hp_per_floor":[96,96,96,96,96,96,96,96,96,96,96,96,96,96,96,96,96,96,67,67,67,67,67,67,67,67,67,67,67,67,67,67,67,67,67,67,67,67,67,67,67,67,67,67,77,77,77,77,77,77],"relics":["Burning Blood","Art of War","Dodecahedron","Ginger","Sozu","Mummified Hand","Bottled Tornado","Gambling Chip","Blue Candle","Regal Pillow","Astrolabe","Juzu Bracelet","Girya","Kunai","Pear"],"card_choices":[{"not_picked":["Heavy Blade","Headbutt"],"picked":"Wild Strike","floor":1},{"not_picked":["Evolve","Entrench"],"picked":"Perfected Strike","floor":2},{"not_picked":["Rampage","Cleave"],"picked":"Spot Weakness","floor":3},{"not_picked":["Pummel","Sword Boomerang"],"picked":"Corruption","floor":5},{"not_picked":["Headbutt","Armaments"],"picked":"Clash","floor":7},{"not_picked":["Flame Barrier","Cleave"],"picked":"Feel No Pain","floor":13},{"not_picked":["Brutality","Dark Embrace"],"picked":"Exhume","floor":16},{"not_picked":["Headbutt","Whirlwind"],"picked":"True Grit","floor":18},{"not_picked":["Cleave","Carnage"],"picked":"Clothesline","floor":22},{"not_picked":["Thunderclap","Perfected Strike"],"picked":"Feel No Pain","floor":24},{"not_picked":["Uppercut","Dual Wield"],"picked":"Battle Trance","floor":25},{"not_picked":["Sword Boomerang","Iron Wave"],"picked":"Feel No Pain","floor":27},{"not_picked":["Havoc","Armaments"],"picked":"Shrug It Off","floor":28},{"not_picked":["Fire Breathing","Reckless Charge"],"picked":"Dual Wield","floor":29},{"not_picked":["Infernal Blade","Reckless Charge"],"picked":"Metallicize","floor":31},{"not_picked":["Limit Break","Double Tap"],"picked":"Dark Embrace","floor":33},{"not_picked":["Blood for Blood","Perfected Strike"],"picked":"Havoc","floor":35},{"not_picked":["Headbutt","Perfected Strike"],"picked":"Havoc","floor":37},{"not_picked":["Uppercut","Brutality"],"picked":"Sentinel","floor":38},{"not_picked":["Dark Embrace","Pummel"],"picked":"Exhume","floor":40},{"not_picked":["Sword Boomerang","Flex"],"picked":"Battle Trance","floor":45},{"not_picked":["Headbutt","Twin Strike"],"picked":"Pommel Strike","floor":48}],"player_experience":239954,"potions_floor_usage":[12,16],"damage_taken":[{"damage":4,"enemies":"Jaw Worm","floor":1,"turns":4},{"damage":8,"enemies":"Small Slimes","floor":2,"turns":4},{"damage":0,"enemies":"2 Louse","floor":3,"turns":1},{"damage":21,"enemies":"Blue Slaver","floor":5,"turns":3},{"damage":35,"enemies":"3 Sentries","floor":7,"turns":7},{"damage":0,"enemies":"2 Fungi Beasts","floor":12,"turns":2},{"damage":15,"enemies":"Gremlin Nob","floor":13,"turns":3},{"damage":62,"enemies":"The Guardian","floor":16,"turns":8},{"damage":12,"enemies":"Shell Parasite","floor":18,"turns":3},{"damage":21,"enemies":"2 Thieves","floor":21,"turns":4},{"damage":22,"enemies":"Snake Plant","floor":22,"turns":4},{"damage":35,"enemies":"Slavers","floor":24,"turns":7},{"damage":8,"enemies":"Cultist and Chosen","floor":25,"turns":7},{"damage":10,"enemies":"Centurion and Healer","floor":27,"turns":5},{"damage":1,"enemies":"Snecko","floor":28,"turns":6},{"damage":19,"enemies":"Gremlin Leader","floor":29,"turns":8},{"damage":11,"enemies":"Book of Stabbing","floor":31,"turns":4},{"damage":33,"enemies":"Collector","floor":33,"turns":8},{"damage":22,"enemies":"3 Shapes","floor":35,"turns":6},{"damage":1,"enemies":"Orb Walker","floor":37,"turns":2},{"damage":5,"enemies":"4 Shapes","floor":38,"turns":4},{"damage":13,"enemies":"2 Orb Walkers","floor":40,"turns":5},{"damage":1,"enemies":"3 Darklings","floor":42,"turns":5},{"damage":10,"enemies":"Giant Head","floor":45,"turns":5},{"damage":11,"enemies":"Sphere and 2 Shapes","floor":46,"turns":4},{"damage":9,"enemies":"4 Shapes","floor":48,"turns":4},{"damage":26,"enemies":"Time Eater","floor":50,"turns":11}],"event_choices":[{"event_name":"Golden Wing","player_choice":"Card Removal","floor":4,"damage_taken":0},{"event_name":"Living Wall","player_choice":"Grow","floor":11,"damage_taken":0},{"event_name":"Liars Game","player_choice":"agreed","floor":14,"damage_taken":0},{"event_name":"Vampires","player_choice":"Became a vampire","floor":19,"damage_taken":0}],"boss_relics":[{"not_picked":["White Beast Statue","Lizard Tail"],"picked":"Sozu"},{"not_picked":["Orrery","Runic Dome"],"picked":"Astrolabe"}],"potions_floor_spawned":[2,7,18,21,24,27,29,37,42,46],"seed_played":"-2064647941141822467","ascension_level":8,"is_trial":false}