{"gold_per_floor":[115,134,79,29,29,29,40,69,92,127,141,141],"floor_reached":12,"playtime":281,"items_purged":[],"score":128,"play_id":"c97d89c4-dc57-4029-bab0-df02285946f8","local_time":"20190111150833","is_ascension_mode":true,"campfire_choices":[{"data":"Streamline","floor":6,"key":"SMITH"}],"neow_cost":"NONE","seed_source_timestamp":185642342313207,"circlet_count":0,"master_deck":["Strike_B","Strike_B","Strike_B","Defend_B","Defend_B","Defend_B","Defend_B","Zap","Dualcast","Streamline+1","Ball Lightning","Darkness+1","hubris:Ukulele","Lockon","Panic Button","FIFO Queue"],"relics":["Cracked Core","NeowsBlessing","hubris:Towel","hubris:SphereOfDissonance","Pen Nib","Iron Hammer"],"potions_floor_usage":[10],"damage_taken":[{"damage":0,"enemies":"Jaw Worm","floor":1,"turns":1},{"damage":0,"enemies":"2 Louse","floor":2,"turns":1},{"damage":0,"enemies":"Cultist","floor":7,"turns":1},{"damage":28,"enemies":"Gremlin Nob","floor":8,"turns":4},{"damage":35,"enemies":"3 Sentries","floor":10,"turns":5},{"damage":0,"enemies":"Looter","floor":11,"turns":1},{"damage":0,"enemies":"2 Fungi Beasts","floor":12,"turns":1}],"seed_played":"-7010532761064020157","potions_obtained":[{"floor":1,"key":"Swift Potion"},{"floor":10,"key":"Elixir"}],"is_trial":false,"path_per_floor":["M","M","$","?","?","R","M","E","T","E","M","M"],"character_chosen":"DEFECT","items_purchased":["Darkness+1"],"campfire_rested":0,"item_purchase_floors":[3],"current_hp_per_floor":[68,68,68,68,68,68,68,40,40,5,5,5],"gold":141,"neow_bonus":"THREE_ENEMY_KILL","is_prod":false,"is_daily":false,"chose_seed":false,"campfire_upgraded":1,"win_rate":0,"timestamp":1547215713,"path_taken":["M","M","$","?","?","R","M","E","T","E","M","?"],"build_version":"2019-01-10","purchased_purges":0,"victory":false,"max_hp_per_floor":[75,75,75,75,75,75,75,75,75,75,75,75],"card_choices":[{"not_picked":["Force Field","BootSequence"],"picked":"Streamline","floor":1},{"not_picked":["Redo","Leap"],"picked":"Ball Lightning","floor":2},{"not_picked":["FIFO Queue","Streamline"],"picked":"hubris:Ukulele","floor":7},{"not_picked":["Beam Cell","Gash"],"picked":"Lockon","floor":8},{"not_picked":["Rainbow","Gash"],"picked":"Panic Button","floor":10},{"not_picked":["Capacitor","Steam"],"picked":"FIFO Queue","floor":11}],"player_experience":503788,"relics_obtained":[{"floor":8,"key":"hubris:SphereOfDissonance"},{"floor":9,"key":"Pen Nib"},{"floor":10,"key":"Iron Hammer"}],"event_choices":[{"cards_removed":["Strike_B"],"damage_healed":0,"gold_gain":0,"player_choice":"Card Removal","damage_taken":0,"max_hp_gain":0,"max_hp_loss":0,"event_name":"The Cleric","floor":4,"gold_loss":50}],"is_beta":false,"boss_relics":[],"items_purged_floors":[],"is_endless":false,"potions_floor_spawned":[1,10],"killed_by":"2 Fungi Beasts","ascension_level":9}