{"gold_per_floor":[118,135,135,153,164,164,180,197,197,214,226,243,243,243,243,315,315,327,327,252,265,283,283,298,298,372,398,414,432,449,449,449,449],"floor_reached":33,"playtime":1418,"items_purged":[],"score":441,"play_id":"3d72bdf2-4886-4ba1-9682-ed672197b640","local_time":"20180922031219","is_ascension_mode":true,"campfire_choices":[{"data":"Dualcast","floor":6,"key":"SMITH"},{"floor":13,"key":"REST"},{"data":"Auto Shields","floor":15,"key":"SMITH"},{"floor":23,"key":"REST"},{"data":"Consume","floor":25,"key":"SMITH"},{"floor":32,"key":"REST"}],"neow_cost":"NONE","seed_source_timestamp":569633545506320,"circlet_count":0,"master_deck":["Strike_B","Strike_B","Strike_B","Defend_B","Defend_B","Defend_B","Zap+1","Dualcast+1","AscendersBane","Ball Lightning","Compile Driver","Lockon","Conserve Battery","Auto Shields+1","Consume+1","Ball Lightning","Buffer+1","Ball Lightning","FTL+1","BootSequence","Pain","Beam Cell+1","Parasite"],"relics":["Cracked Core","Anchor","Cursed Key","Enchiridion","Singing Bowl","Sundial","Cables"],"potions_floor_usage":[8,12,18,22,22,28,30],"damage_taken":[{"damage":9,"enemies":"Jaw Worm","floor":1,"turns":3},{"damage":1,"enemies":"Cultist","floor":2,"turns":3},{"damage":5,"enemies":"Small Slimes","floor":4,"turns":3},{"damage":4,"enemies":"Blue Slaver","floor":5,"turns":3},{"damage":0,"enemies":"Exordium Wildlife","floor":7,"turns":3},{"damage":0,"enemies":"3 Louse","floor":8,"turns":1},{"damage":5,"enemies":"2 Fungi Beasts","floor":10,"turns":3},{"damage":0,"enemies":"Looter","floor":11,"turns":1},{"damage":3,"enemies":"Lots of Slimes","floor":12,"turns":4},{"damage":39,"enemies":"Hexaghost","floor":16,"turns":8},{"damage":12,"enemies":"2 Thieves","floor":18,"turns":4},{"damage":1,"enemies":"Shell Parasite","floor":21,"turns":5},{"damage":0,"enemies":"Snake Plant","floor":22,"turns":3},{"damage":5,"enemies":"Shelled Parasite and Fungi","floor":24,"turns":4},{"damage":36,"enemies":"Book of Stabbing","floor":27,"turns":5},{"damage":4,"enemies":"Centurion and Healer","floor":28,"turns":4},{"damage":9,"enemies":"Snake Plant","floor":29,"turns":3},{"damage":14,"enemies":"Sentry and Sphere","floor":30,"turns":4},{"damage":39,"enemies":"Collector","floor":33,"turns":3}],"seed_played":"7526139498918141854","potions_obtained":[{"floor":5,"key":"SkillPotion"},{"floor":7,"key":"Explosive Potion"},{"floor":11,"key":"Energy Potion"},{"floor":12,"key":"Regen Potion"},{"floor":21,"key":"Dexterity Potion"},{"floor":24,"key":"Explosive Potion"},{"floor":27,"key":"FocusPotion"}],"is_trial":false,"path_per_floor":["M","M","?","M","M","R","M","M","T","M","M","M","R","?","R","B",null,"M","?","?","M","M","R","M","R","T","E","M","M","M","T","R"],"character_chosen":"DEFECT","items_purchased":[],"campfire_rested":3,"item_purchase_floors":[],"current_hp_per_floor":[59,58,58,53,49,49,49,49,49,44,44,41,63,63,63,24,62,62,46,46,45,45,67,62,62,62,28,24,17,5,5,29,0],"gold":449,"neow_bonus":"UPGRADE_CARD","is_prod":false,"is_daily":false,"chose_seed":false,"campfire_upgraded":3,"win_rate":0,"timestamp":1537578739,"path_taken":["M","M","?","M","M","R","M","M","T","M","M","M","R","?","R","BOSS","M","?","?","M","M","R","M","R","T","E","M","?","M","?","R","BOSS"],"build_version":"2018-09-20","purchased_purges":0,"victory":false,"max_hp_per_floor":[75,75,75,75,75,75,75,75,75,75,75,75,75,75,75,75,75,75,75,75,75,75,75,75,75,75,77,77,79,81,81,81,81],"card_choices":[{"not_picked":["Stack","Compile Driver"],"picked":"Ball Lightning","floor":1},{"not_picked":["Barrage","Steam"],"picked":"Compile Driver","floor":2},{"not_picked":["Steam","Genetic Algorithm"],"picked":"Conserve Battery","floor":4},{"not_picked":["Conserve Battery","Coolheaded"],"picked":"Auto Shields","floor":5},{"not_picked":["Coolheaded","Cold Snap","Machine Learning"],"picked":"SKIP","floor":7},{"not_picked":["Gash","Loop"],"picked":"Consume","floor":8},{"not_picked":["Beam Cell","Stack"],"picked":"Ball Lightning","floor":10},{"not_picked":["Cold Snap","Go for the Eyes"],"picked":"Buffer","floor":11},{"not_picked":["Coolheaded","Steam"],"picked":"Ball Lightning","floor":12},{"not_picked":["Sweeping Beam","Coolheaded","Rebound"],"picked":"SKIP","floor":18},{"not_picked":["Beam Cell","Cold Snap","Rebound"],"picked":"SKIP","floor":21},{"not_picked":["Rebound","Ball Lightning"],"picked":"FTL+1","floor":22},{"not_picked":["Leap","Cold Snap"],"picked":"BootSequence","floor":24},{"not_picked":["Conserve Battery","Sweeping Beam+1","Aggregate+1"],"picked":"Singing Bowl","floor":27},{"not_picked":["Stack","Heatsinks"],"picked":"Beam Cell+1","floor":28},{"not_picked":["Reprogram","Darkness","Sweeping Beam"],"picked":"Singing Bowl","floor":29},{"not_picked":["Beam Cell","Cold Snap","Rebound"],"picked":"Singing Bowl","floor":30}],"player_experience":509457,"relics_obtained":[{"floor":9,"key":"Anchor"},{"floor":19,"key":"Enchiridion"},{"floor":26,"key":"Singing Bowl"},{"floor":27,"key":"Sundial"},{"floor":31,"key":"Cables"}],"event_choices":[{"event_name":"Transmorgrifier","player_choice":"Transform","floor":3,"damage_taken":0},{"event_name":"Living Wall","player_choice":"Grow","floor":14,"damage_taken":0},{"event_name":"Cursed Tome","player_choice":"Obtained Book","floor":19,"damage_taken":0},{"event_name":"Beggar","player_choice":"Gave Gold","floor":20,"damage_taken":0}],"is_beta":false,"boss_relics":[{"not_picked":["Pandora\u0027s Box","Ectoplasm"],"picked":"Cursed Key"}],"items_purged_floors":[],"is_endless":false,"potions_floor_spawned":[5,7,11,12,21,24,27],"killed_by":"Collector","ascension_level":13}