{"gold_per_floor":[115,129,146,166,10,10,10,10,10,20,20,51,51,63,63,167,167,178,178,193,113,213,213,223,250,332,332,352,368,368,382,382,483,483,502,517,517,534,550,550,562,562,588,588,598,598,616,67,67,67],"floor_reached":51,"playtime":4514,"items_purged":["Strike_B","Strike_B","Strike_B"],"score":997,"play_id":"4ae687ed-282d-4d01-9658-de3cd8e0c896","local_time":"20180919215403","is_ascension_mode":true,"campfire_choices":[{"data":"Static Discharge","floor":6,"key":"SMITH"},{"data":"Zap","floor":8,"key":"SMITH"},{"floor":13,"key":"REST"},{"floor":15,"key":"REST"},{"floor":23,"key":"REST"},{"data":"Defragment","floor":27,"key":"SMITH"},{"floor":30,"key":"REST"},{"data":"Glacier","floor":32,"key":"SMITH"},{"floor":40,"key":"REST"},{"floor":42,"key":"REST"},{"floor":46,"key":"REST"},{"floor":49,"key":"REST"}],"neow_cost":"NONE","seed_source_timestamp":374623384569996,"circlet_count":0,"master_deck":["Strike_B","Defend_B","Defend_B","Defend_B","Defend_B","Zap+1","Dualcast+1","AscendersBane","BootSequence","Cold Snap","Electrodynamics","Static Discharge+1","Self Repair","All For One","Glacier+1","Defragment+1","Cold Snap","FTL","Capacitor+1","Redo+1","Echo Form+1","Double Energy+1","Auto Shields","White Noise+1","Reboot"],"relics":["Cracked Core","Matryoshka","Symbiotic Virus","The Courier","Nuclear Battery","Incense Burner","Dodecahedron","Regal Pillow","Bronze Scales","Frozen Egg 2","Inserter","Bag of Marbles","Strawberry","Meat on the Bone","Ornamental Fan","Mummified Hand"],"potions_floor_usage":[10,18,22,25,29,33,38,50],"damage_taken":[{"damage":3,"enemies":"Jaw Worm","floor":1,"turns":4},{"damage":8,"enemies":"2 Louse","floor":2,"turns":3},{"damage":1,"enemies":"Cultist","floor":3,"turns":3},{"damage":0,"enemies":"2 Fungi Beasts","floor":4,"turns":4},{"damage":9,"enemies":"Exordium Wildlife","floor":10,"turns":2},{"damage":14,"enemies":"Gremlin Nob","floor":12,"turns":3},{"damage":3,"enemies":"Gremlin Gang","floor":14,"turns":3},{"damage":26,"enemies":"The Guardian","floor":16,"turns":11},{"damage":2,"enemies":"Chosen","floor":18,"turns":3},{"damage":14,"enemies":"2 Thieves","floor":20,"turns":4},{"damage":17,"enemies":"Colosseum Slavers","floor":22,"turns":2},{"damage":40,"enemies":"Colosseum Nobs","floor":22,"turns":4},{"damage":1,"enemies":"3 Cultists","floor":24,"turns":4},{"damage":14,"enemies":"Slavers","floor":25,"turns":6},{"damage":10,"enemies":"Snecko","floor":28,"turns":4},{"damage":15,"enemies":"Sentry and Sphere","floor":29,"turns":3},{"damage":3,"enemies":"Cultist and Chosen","floor":31,"turns":6},{"damage":45,"enemies":"Champ","floor":33,"turns":12},{"damage":20,"enemies":"3 Darklings","floor":35,"turns":4},{"damage":5,"enemies":"Orb Walker","floor":36,"turns":3},{"damage":24,"enemies":"Reptomancer","floor":38,"turns":6},{"damage":25,"enemies":"Maw","floor":39,"turns":6},{"damage":40,"enemies":"3 Darklings","floor":41,"turns":3},{"damage":11,"enemies":"Sphere and 2 Shapes","floor":45,"turns":4},{"damage":29,"enemies":"Reptomancer","floor":47,"turns":4},{"damage":39,"enemies":"Donu and Deca","floor":50,"turns":12}],"seed_played":"2645117492675405799","potions_obtained":[{"floor":2,"key":"FocusPotion"},{"floor":12,"key":"Swift Potion"},{"floor":18,"key":"Dexterity Potion"},{"floor":20,"key":"Regen Potion"},{"floor":28,"key":"Explosive Potion"},{"floor":31,"key":"Swift Potion"},{"floor":36,"key":"SkillPotion"},{"floor":41,"key":"Energy Potion"},{"floor":47,"key":"Dexterity Potion"}],"is_trial":false,"path_per_floor":["M","M","M","M","$","R","?","R","T","M","?","E","R","M","R","B",null,"M","?","M","$","?","R","M","E","T","R","M","M","R","M","R","B",null,"M","M","?","M","M","R","M","R","T","T","M","R","M","$","R","B"],"character_chosen":"DEFECT","items_purchased":["Static Discharge","Ornamental Fan","Mummified Hand"],"campfire_rested":8,"item_purchase_floors":[5,48,48],"current_hp_per_floor":[72,64,63,63,63,63,63,63,63,54,42,28,52,49,73,54,75,80,80,73,73,42,66,72,65,65,65,55,40,79,82,82,44,73,53,48,48,31,13,52,19,58,65,65,54,89,67,67,89,57],"gold":67,"neow_bonus":"TEN_PERCENT_HP_BONUS","is_prod":false,"is_daily":false,"chose_seed":false,"campfire_upgraded":4,"win_rate":0,"timestamp":1537386843,"path_taken":["M","M","M","M","$","R","?","R","T","?","?","E","R","M","R","BOSS","M","?","M","?","?","R","?","E","T","R","M","M","R","M","R","BOSS","M","M","?","M","M","R","M","R","T","?","M","R","M","$","R","BOSS"],"build_version":"2018-09-06","purchased_purges":3,"victory":true,"max_hp_per_floor":[82,82,82,82,82,82,82,82,82,82,82,82,82,82,82,82,82,82,82,82,82,82,82,82,82,82,82,82,82,82,82,82,82,82,82,82,82,82,82,82,82,82,89,89,89,89,89,89,89,89],"card_choices":[{"not_picked":["Stack","Sweeping Beam","Rebound"],"picked":"SKIP","floor":1},{"not_picked":["Melter","Conserve Battery"],"picked":"BootSequence","floor":2},{"not_picked":["Loop","Barrage"],"picked":"Cold Snap","floor":3},{"not_picked":["Consume","Beam Cell"],"picked":"Electrodynamics","floor":4},{"not_picked":["Blizzard","Sweeping Beam","Doom and Gloom"],"picked":"SKIP","floor":10},{"not_picked":["Conserve Battery","Darkness"],"picked":"Self Repair","floor":12},{"not_picked":["Leap","Turbo","Double Energy"],"picked":"SKIP","floor":14},{"not_picked":["Amplify","Meteor Strike"],"picked":"All For One","floor":16},{"not_picked":["Loop","Gash"],"picked":"Glacier","floor":18},{"not_picked":["Heatsinks","Gash"],"picked":"Cold Snap","floor":20},{"not_picked":["Creative AI","Stack+1","Ball Lightning"],"picked":"SKIP","floor":24},{"not_picked":["Conserve Battery","Gash","Aggregate"],"picked":"SKIP","floor":25},{"not_picked":["Go for the Eyes","Genetic Algorithm+1"],"picked":"FTL","floor":28},{"not_picked":["Glacier","Redo"],"picked":"Capacitor+1","floor":29},{"not_picked":["Barrage","Go for the Eyes"],"picked":"Redo+1","floor":31},{"not_picked":["Creative AI+1","Rainbow"],"picked":"Echo Form+1","floor":33},{"not_picked":["Beam Cell+1","Conserve Battery","Hologram"],"picked":"SKIP","floor":35},{"not_picked":["Ball Lightning+1","Beam Cell","Scrape"],"picked":"SKIP","floor":36},{"not_picked":["Skim","Compile Driver"],"picked":"Double Energy+1","floor":38},{"not_picked":["Fusion","Rebound+1","Steam Power"],"picked":"SKIP","floor":39},{"not_picked":["Beam Cell","Leap"],"picked":"Auto Shields","floor":41},{"not_picked":["Capacitor+1","Static Discharge+1"],"picked":"White Noise+1","floor":45},{"not_picked":["Steam+1","Streamline"],"picked":"Reboot","floor":47}],"player_experience":427582,"relics_obtained":[{"floor":9,"key":"Matryoshka"},{"floor":12,"key":"The Courier"},{"floor":22,"key":"Incense Burner"},{"floor":22,"key":"Dodecahedron"},{"floor":25,"key":"Regal Pillow"},{"floor":26,"key":"Bronze Scales"},{"floor":26,"key":"Frozen Egg 2"},{"floor":43,"key":"Bag of Marbles"},{"floor":43,"key":"Strawberry"},{"floor":44,"key":"Meat on the Bone"}],"event_choices":[{"event_name":"Living Wall","player_choice":"Grow","floor":7,"damage_taken":0},{"event_name":"Scrap Ooze","player_choice":"success","floor":11,"damage_taken":12},{"event_name":"The Library","player_choice":"Read","floor":19,"damage_taken":0},{"event_name":"Colosseum","player_choice":"Fight","floor":22,"damage_taken":0},{"event_name":"Colosseum","player_choice":"Fought Nobs","floor":22,"damage_taken":0},{"event_name":"Mysterious Sphere","player_choice":"Ignore","floor":37,"damage_taken":0}],"is_beta":false,"boss_relics":[{"not_picked":["White Beast Statue","Runic Dome"],"picked":"Nuclear Battery"},{"not_picked":["Cursed Key","Calling Bell"],"picked":"Inserter"}],"items_purged_floors":[5,21,48],"is_endless":false,"potions_floor_spawned":[2,12,18,20,28,31,36,41,47],"ascension_level":12}