{"path_per_floor":["M","M","M","M","M","R","M","R","T","M","M","M","E","$","R","B",null,"M","?","M","M","M","R","E","R","T","M","R","M","$","M","R","B",null,"M","M","?","M","$","R","E","M","T","M","R","M","M","M","R"],"character_chosen":"IRONCLAD","items_purchased":["Secret Technique","Whetstone","Finesse","Shrug It Off","Regen Potion"],"gold_per_floor":[11,25,37,57,70,70,84,84,136,154,168,180,213,34,34,134,134,153,153,172,190,209,209,240,240,240,251,251,271,34,50,50,153,153,173,189,189,204,50,50,75,94,94,111,111,123,139,152,152,152],"floor_reached":50,"campfire_rested":2,"playtime":5092,"current_hp_per_floor":[80,80,80,80,80,80,80,80,80,80,78,78,69,69,69,27,80,78,78,79,61,53,53,27,51,51,49,49,47,47,45,45,20,80,75,64,54,37,37,37,35,32,32,35,35,32,30,21,45,0],"items_purged":["Clash"],"gold":152,"score":583,"play_id":"4bff9695-a6d5-49c1-8918-831410943864","local_time":"20180323151201","is_prod":false,"is_daily":false,"is_ascension_mode":false,"campfire_upgraded":8,"timestamp":1521814321,"path_taken":["M","M","M","M","M","R","M","R","T","?","M","M","E","?","R","BOSS","M","?","M","M","M","R","E","R","T","?","R","M","$","?","R","BOSS","M","M","?","M","$","R","E","?","T","M","R","M","M","M","R","BOSS"],"build_version":"2018-03-22","purchased_purges":3,"victory":false,"master_deck":["Strike_R","Strike_R","Strike_R","Strike_R+1","Strike_R+1","Defend_R","Defend_R","Defend_R","Defend_R","Bash+1","Corruption+1","Iron Wave","Thunderclap","Clash","Shrug It Off","Offering+1","Shockwave+1","Pommel Strike+1","Shrug It Off+1","Secret Technique+1","Offering+1","Feel No Pain+1","Clash+1","Fire Breathing+1","Double Tap+1","Clothesline","Armaments+1","True Grit+1","Finesse+1","Uppercut+1","Double Tap+1","Thunderclap+1","Dropkick+1","Madness+1","Madness+1","Body Slam+1","Shrug It Off+1","Juggernaut+1","Disarm+1","Body Slam","Bloodletting+1","Seeing Red+1","Ghostly Armor+1"],"max_hp_per_floor":[80,80,80,80,80,80,80,80,80,80,80,80,80,80,80,80,80,80,80,80,80,80,80,80,80,80,80,80,80,80,80,80,80,80,80,80,80,80,80,80,80,80,80,80,80,80,80,80,80,80],"relics":["Burning Blood","Torii","Toxic Egg 2","Mark of Pain","Nloth\u0027s Gift","Self Forming Clay","Unceasing Top","Whetstone","Black Star","Pen Nib","Omamori","Champion Belt"],"card_choices":[{"not_picked":["Pommel Strike","Shrug It Off"],"picked":"Corruption","floor":1},{"not_picked":["Perfected Strike","Twin Strike"],"picked":"Iron Wave","floor":2},{"not_picked":["Cleave","Hemokinesis"],"picked":"Thunderclap","floor":3},{"not_picked":["Perfected Strike","Corruption"],"picked":"Clash","floor":4},{"not_picked":["Combust","Cleave"],"picked":"Clash","floor":5},{"not_picked":["True Grit","Searing Blow"],"picked":"Shrug It Off","floor":7},{"not_picked":["Burning Pact","Headbutt"],"picked":"Offering","floor":10},{"not_picked":["Iron Wave","Clothesline"],"picked":"Shockwave","floor":11},{"not_picked":["Anger","Clothesline"],"picked":"Pommel Strike","floor":12},{"not_picked":["Warcry","Bloodletting"],"picked":"Shrug It Off","floor":13},{"not_picked":["Barricade","Impervious"],"picked":"Offering","floor":16},{"not_picked":["Warcry","Twin Strike"],"picked":"Feel No Pain","floor":18},{"not_picked":["Perfected Strike","Sword Boomerang"],"picked":"Clash","floor":20},{"not_picked":["Headbutt","Disarm"],"picked":"Fire Breathing","floor":21},{"not_picked":["Anger","Cleave"],"picked":"Double Tap","floor":22},{"not_picked":["Sword Boomerang","Heavy Blade"],"picked":"Clothesline","floor":24},{"not_picked":["Perfected Strike","Body Slam"],"picked":"Armaments","floor":27},{"not_picked":["Carnage","Thunderclap"],"picked":"True Grit","floor":29},{"not_picked":["Second Wind","Twin Strike"],"picked":"Uppercut","floor":31},{"not_picked":["Brutality","Demon Form"],"picked":"Double Tap","floor":33},{"not_picked":["Pummel","Headbutt"],"picked":"Thunderclap","floor":35},{"not_picked":["Clash","Iron Wave"],"picked":"Dropkick","floor":36},{"not_picked":["Perfected Strike","Rampage"],"picked":"Body Slam","floor":38},{"not_picked":["Double Tap","Perfected Strike"],"picked":"Juggernaut","floor":41},{"not_picked":["Perfected Strike","Heavy Blade"],"picked":"Disarm","floor":42},{"not_picked":["Corruption","Flex"],"picked":"Body Slam","floor":44},{"not_picked":["Clothesline","True Grit"],"picked":"Bloodletting","floor":46},{"not_picked":["Uppercut","Bloodletting"],"picked":"Seeing Red","floor":47},{"not_picked":["Shockwave","Clash"],"picked":"Ghostly Armor","floor":48}],"player_experience":40916,"potions_floor_usage":[16,20,20,24,33,35,44,50,50,50],"damage_taken":[{"damage":1,"enemies":"Cultist","floor":1,"turns":6},{"damage":3,"enemies":"2 Louse","floor":2,"turns":3},{"damage":1,"enemies":"Small Slimes","floor":3,"turns":4},{"damage":2,"enemies":"Looter","floor":4,"turns":4},{"damage":4,"enemies":"3 Louse","floor":5,"turns":3},{"damage":1,"enemies":"Blue Slaver","floor":7,"turns":3},{"damage":1,"enemies":"Red Slaver","floor":10,"turns":2},{"damage":8,"enemies":"2 Fungi Beasts","floor":11,"turns":3},{"damage":6,"enemies":"Blue Slaver","floor":12,"turns":3},{"damage":15,"enemies":"Gremlin Nob","floor":13,"turns":3},{"damage":48,"enemies":"The Guardian","floor":16,"turns":7},{"damage":8,"enemies":"Spheric Guardian","floor":18,"turns":3},{"damage":5,"enemies":"Chosen","floor":20,"turns":3},{"damage":24,"enemies":"Slaver and Parasite","floor":21,"turns":5},{"damage":14,"enemies":"Snecko","floor":22,"turns":5},{"damage":32,"enemies":"Slavers","floor":24,"turns":5},{"damage":8,"enemies":"Chosen and Byrds","floor":27,"turns":2},{"damage":8,"enemies":"Sentry and Sphere","floor":29,"turns":3},{"damage":8,"enemies":"Snecko","floor":31,"turns":5},{"damage":31,"enemies":"Automaton","floor":33,"turns":8},{"damage":11,"enemies":"3 Shapes","floor":35,"turns":2},{"damage":17,"enemies":"3 Darklings","floor":36,"turns":5},{"damage":23,"enemies":"4 Shapes","floor":38,"turns":6},{"damage":8,"enemies":"2 Orb Walkers","floor":41,"turns":2},{"damage":9,"enemies":"Maw","floor":42,"turns":5},{"damage":9,"enemies":"Sphere and 2 Shapes","floor":44,"turns":3},{"damage":9,"enemies":"3 Darklings","floor":46,"turns":4},{"damage":8,"enemies":"Maw","floor":47,"turns":3},{"damage":15,"enemies":"Sphere and 2 Shapes","floor":48,"turns":3},{"damage":53,"enemies":"Awakened One","floor":50,"turns":8}],"event_choices":[{"event_name":"N\u0027loth","player_choice":"Traded a Bag of Preparation","floor":19,"damage_taken":0},{"event_name":"Winding Halls","player_choice":"Embrace Madness","floor":37,"damage_taken":0}],"boss_relics":[{"not_picked":["Calling Bell","Philosopher\u0027s Stone"],"picked":"Mark of Pain"},{"not_picked":["Eternal Feather","Orrery"],"picked":"Black Star"}],"potions_floor_spawned":[2,5,7,13,16,21,24,33,35,41,42,47],"seed_played":"-1055695446410252840","killed_by":"Awakened One","ascension_level":0,"is_trial":false}