{"gold_per_floor":[119,136,147,147,247,280,131,143,168,168,181,78,78,111,111,111],"floor_reached":16,"playtime":662,"items_purged":[],"score":116,"play_id":"b92270be-c895-4ed5-9853-f7e79261aebc","local_time":"20190225154515","is_ascension_mode":true,"campfire_choices":[{"floor":10,"key":"REST"},{"floor":13,"key":"REST"},{"floor":15,"key":"REST"}],"neow_cost":"NONE","seed_source_timestamp":31740554296923,"circlet_count":0,"master_deck":["Strike_B","Strike_B","Strike_B","Strike_B","Defend_B","Defend_B","Defend_B","Defend_B","Zap","Dualcast","Lockon","Lockon","Ball Lightning","Capacitor","Storm","Darkness","Sweeping Beam","Storm","Barrage","Redo","Redo"],"relics":["Cracked Core","NeowsBlessing","DataDisk","Lantern","Omamori","Strawberry"],"potions_floor_usage":[],"damage_taken":[{"damage":0,"enemies":"Cultist","floor":1,"turns":1},{"damage":0,"enemies":"Small Slimes","floor":2,"turns":1},{"damage":0,"enemies":"Jaw Worm","floor":3,"turns":1},{"damage":31,"enemies":"Lagavulin","floor":6,"turns":4},{"damage":6,"enemies":"Exordium Wildlife","floor":8,"turns":2},{"damage":5,"enemies":"Looter","floor":11,"turns":2},{"damage":30,"enemies":"3 Sentries","floor":14,"turns":5},{"damage":71,"enemies":"The Guardian","floor":16,"turns":8}],"seed_played":"5335547735480298478","potions_obtained":[{"floor":3,"key":"SpeedPotion"},{"floor":6,"key":"SteroidPotion"},{"floor":8,"key":"Dexterity Potion"}],"is_trial":false,"path_per_floor":["M","M","M","?","?","E","$","M","T","R","M","$","R","E","R","B"],"character_chosen":"DEFECT","items_purchased":["Storm","Darkness","Barrage","Redo"],"campfire_rested":3,"item_purchase_floors":[7,7,12,12],"current_hp_per_floor":[75,75,75,63,63,32,32,26,26,48,43,43,65,42,66,0],"gold":111,"neow_bonus":"THREE_ENEMY_KILL","is_prod":false,"is_daily":false,"chose_seed":false,"campfire_upgraded":0,"win_rate":0,"timestamp":1551109515,"path_taken":["M","M","?","?","?","E","$","?","T","R","M","$","R","E","R","BOSS"],"build_version":"2019-01-23","purchased_purges":0,"victory":false,"max_hp_per_floor":[75,75,75,75,75,75,75,75,75,75,75,75,75,82,82,82],"card_choices":[{"not_picked":["Stack","Reinforced Body"],"picked":"Lockon","floor":1},{"not_picked":["Streamline","Conserve Battery"],"picked":"Lockon","floor":2},{"not_picked":["Stack","Leap"],"picked":"Ball Lightning","floor":3},{"not_picked":["Rip and Tear","Streamline"],"picked":"Capacitor","floor":6},{"not_picked":["Stack","Conserve Battery"],"picked":"Sweeping Beam","floor":8},{"not_picked":["Core Surge","Coolheaded"],"picked":"Storm","floor":11},{"not_picked":["Force Field","Auto Shields"],"picked":"Redo","floor":14}],"player_experience":186598,"relics_obtained":[{"floor":6,"key":"Lantern"},{"floor":9,"key":"Omamori"},{"floor":14,"key":"Strawberry"}],"event_choices":[{"damage_healed":0,"gold_gain":0,"player_choice":"Success","damage_taken":12,"relics_obtained":["DataDisk"],"max_hp_gain":0,"max_hp_loss":0,"event_name":"Scrap Ooze","floor":4,"gold_loss":0},{"damage_healed":0,"gold_gain":100,"player_choice":"Pray","damage_taken":0,"max_hp_gain":0,"max_hp_loss":0,"event_name":"Golden Shrine","floor":5,"gold_loss":0}],"is_beta":false,"boss_relics":[],"items_purged_floors":[],"is_endless":false,"potions_floor_spawned":[3,6,8],"killed_by":"The Guardian","ascension_level":1}