{"path_per_floor":["M","M","?","M","M","E","R","?","T","M","M","M","R","E","R","B",null,"M","?","M","?","$","R","E","R","T","?","M","$","M","M","R","B",null,"M","?","M","?","$","R","E","$","T","?","R","?","M","?","R","B"],"character_chosen":"THE_SILENT","items_purchased":["Tingsha","Panache","Infinite Blades","Kunai"],"gold_per_floor":[114,125,125,142,162,195,195,195,195,212,224,242,242,268,268,370,370,387,387,405,455,21,21,46,46,73,73,91,61,79,91,91,187,187,198,244,260,260,57,57,89,9,9,0,0,0,17,17,17,17],"floor_reached":51,"campfire_rested":2,"playtime":5618,"current_hp_per_floor":[68,68,68,64,64,41,41,34,34,32,32,30,51,46,46,47,70,35,35,34,34,34,55,47,47,47,47,47,47,47,42,42,44,70,67,57,49,49,49,49,34,34,44,44,44,64,64,64,64,17],"items_purged":["Strike_G","Writhe"],"gold":17,"play_id":"f80a2c6f-bb06-4b6c-b618-0ccf25168f3c","is_prod":false,"is_daily":false,"campfire_rituals":0,"campfire_upgraded":7,"is_hardmode":false,"path_taken":["M","M","?","M","M","E","R","?","T","M","M","?","R","E","R","BOSS","M","?","M","?","?","R","E","R","T","?","?","$","M","M","R","BOSS","M","?","M","?","$","R","E","$","T","?","R","?","?","?","R","BOSS"],"build_version":"2018-01-18-PROD2","purchased_purges":4,"victory":true,"master_deck":["Neutralize","Prepared","Escape Plan","Backflip","Well Laid Plans","Underhanded Strike","Deflect","Venomology","Underhanded Strike","Prepared","Adrenaline","Dagger Throw","Acrobatics","Panache","Underhanded Strike","Dagger Throw","Infinite Blades","Underhanded Strike","Backflip","Tactician","Bouncing Flask","Backflip","Distraction","Dagger Throw","Dodge and Roll","Predator","Outmaneuver","Deadly Poison","Die Die Die","Decay","Writhe","Eviscerate"],"max_hp_per_floor":[70,70,70,70,70,70,70,70,70,70,70,70,70,70,70,70,70,70,70,70,70,70,70,70,70,70,70,70,70,70,70,70,70,70,70,70,70,70,70,70,70,70,80,80,80,80,80,80,80,80],"relics":["Ring of the Snake","Bag of Marbles","Matryoshka","Pen Nib","Bag of Preparation","The Courier","Cursed Key","Tingsha","Unceasing Top","Orichalcum","Toxic Egg","Ancient Tea Set","Pandora\u0027s Box","Frozen Eye","Kunai","War Paint","Pear","Red Mask"],"campfire_meditates":0,"card_choices":[{"not_picked":["Backstab","Endless Agony"],"picked":"Prepared"},{"not_picked":["Riddle With Holes","Catalyst"],"picked":"Escape Plan"},{"not_picked":["Dagger Spray","Deadly Poison"],"picked":"Backflip"},{"not_picked":["PiercingWail","Backflip"],"picked":"Well Laid Plans"},{"not_picked":["Dodge and Roll","Cloak And Dagger"],"picked":"Underhanded Strike"},{"not_picked":["Catalyst","Sucker Punch"],"picked":"Deflect"},{"not_picked":["Deflect","Slice"],"picked":"Venomology"},{"not_picked":["Calculated Gamble","Bouncing Flask"],"picked":"Underhanded Strike"},{"not_picked":["Calculated Gamble","PiercingWail"],"picked":"Prepared"},{"not_picked":["Storm of Steel","Bullet Time"],"picked":"Adrenaline"},{"not_picked":["Sucker Punch","Malaise"],"picked":"Dagger Throw"},{"not_picked":["Choke","Distraction"],"picked":"Flying Knee"},{"not_picked":["Dagger Spray","Deflect"],"picked":"Underhanded Strike"},{"not_picked":["Bane","Underhanded Strike"],"picked":"Dagger Throw"},{"not_picked":["Reflex","Dodge and Roll"],"picked":"Underhanded Strike"},{"not_picked":["PiercingWail","Masterful Stab"],"picked":"Backflip"},{"not_picked":["Corpse Explosion","Storm of Steel"],"picked":"Tactician"},{"not_picked":["Backflip","Sucker Punch"],"picked":"Die Die Die"},{"not_picked":["Skewer","Terror"],"picked":"Eviscerate"}],"player_experience":81389,"potions_floor_usage":[5,6,14,16,16,28,28,33,33,33,36,37,37,41,47,50,50,50,50],"damage_taken":[{"damage":2,"enemies":"Blue Slaver","floor":1,"turns":5},{"damage":0,"enemies":"Small Slimes","floor":2,"turns":3},{"damage":4,"enemies":"Jaw Worm","floor":4,"turns":5},{"damage":0,"enemies":"3 Louse","floor":5,"turns":1},{"damage":23,"enemies":"Lagavulin","floor":6,"turns":8},{"damage":2,"enemies":"Lots of Slimes","floor":10,"turns":4},{"damage":0,"enemies":"Looter","floor":11,"turns":3},{"damage":2,"enemies":"3 Louse","floor":12,"turns":3},{"damage":5,"enemies":"3 Sentries","floor":14,"turns":6},{"damage":14,"enemies":"The Guardian","floor":16,"turns":16},{"damage":35,"enemies":"Chosen","floor":18,"turns":6},{"damage":1,"enemies":"Shell Parasite","floor":20,"turns":2},{"damage":8,"enemies":"Book of Stabbing","floor":24,"turns":3},{"damage":0,"enemies":"Centurion and Healer","floor":28,"turns":2},{"damage":0,"enemies":"3 Cultists","floor":30,"turns":2},{"damage":5,"enemies":"Slaver and Parasite","floor":31,"turns":3},{"damage":7,"enemies":"Collector","floor":33,"turns":4},{"damage":3,"enemies":"3 Darklings","floor":35,"turns":3},{"damage":10,"enemies":"Mysterious Sphere","floor":36,"turns":3},{"damage":8,"enemies":"3 Shapes","floor":37,"turns":1},{"damage":15,"enemies":"Nemesis","floor":41,"turns":4},{"damage":0,"enemies":"Maw","floor":47,"turns":4},{"damage":47,"enemies":"Time Eater","floor":50,"turns":9}],"event_choices":[{"event_name":"Bonfire Elementals","player_choice":"BASIC","floor":3,"damage_taken":0},{"event_name":"Golden Wing","player_choice":"Card Removal","floor":8,"damage_taken":0},{"event_name":"The Library","player_choice":"Read","floor":19,"damage_taken":0},{"event_name":"The Joust","player_choice":"Bet on Murderer","floor":21,"damage_taken":0},{"event_name":"The Mausoleum","player_choice":"Yes","floor":27,"damage_taken":0},{"event_name":"Mysterious Sphere","player_choice":"Fight","floor":36,"damage_taken":0},{"event_name":"Tomb of Lord Red Mask","player_choice":"Paid","floor":44,"damage_taken":0},{"event_name":"Winding Halls","player_choice":"Writhe","floor":46,"damage_taken":0},{"event_name":"Accursed Blacksmith","player_choice":"Forge","floor":48,"damage_taken":0}],"boss_relics":[{"not_picked":["Ectoplasm","Black Star"],"picked":"Cursed Key"},{"not_picked":["Runic Dome","White Beast Statue"],"picked":"Pandora\u0027s Box"}],"potions_floor_spawned":[1,2,11,14,28,30,31,35,36,41],"seed_played":"-859281466896997328","is_trial":false}