{"path_per_floor":["M","?","M","?","M","E","R","$","T","E","M","?","E","?","R"],"character_chosen":"DEFECT","items_purchased":["Apotheosis"],"gold_per_floor":[117,117,138,138,152,191,191,0,0,35,51,25,56,21,21,21],"floor_reached":16,"campfire_rested":0,"playtime":522,"item_purchase_floors":[8],"current_hp_per_floor":[81,61,61,61,61,35,35,35,35,19,9,9,3,23,23,0],"items_purged":[],"gold":21,"score":130,"play_id":"5a50ad6b-cf96-4411-8786-a608c8b87002","local_time":"20180530224016","is_prod":false,"is_daily":false,"chose_seed":false,"is_ascension_mode":true,"campfire_upgraded":2,"win_rate":0,"timestamp":1527734416,"campfire_choices":[{"data":"Dualcast","floor":7,"key":"SMITH"},{"data":"Apotheosis","floor":15,"key":"SMITH"}],"path_taken":["M","?","M","?","M","E","R","?","T","E","?","?","E","?","R","BOSS"],"build_version":"2018-05-30","seed_source_timestamp":205578724705831,"purchased_purges":0,"victory":false,"master_deck":["Strike_B","Strike_B","Strike_B","Defend_B","Defend_B+1","Defend_B","Defend_B","Zap+1","Dualcast+1","Compile Driver","Turbo","Leap","Apotheosis+1","Static Discharge","Self Repair"],"max_hp_per_floor":[82,82,82,82,82,82,82,82,82,82,82,82,82,82,82,82],"relics":["Cracked Core","Golden Idol","Ice Cream","Prayer Wheel","War Paint","Ornamental Fan"],"card_choices":[{"not_picked":["Redo","Sweeping Beam"],"picked":"Compile Driver","floor":1},{"not_picked":["Gash","Buffer"],"picked":"Turbo","floor":3},{"not_picked":["Gash","Compile Driver","Cold Snap"],"picked":"SKIP","floor":5},{"not_picked":["Blizzard","Recycle"],"picked":"Leap","floor":6},{"not_picked":["Force Field","Coolheaded","Blizzard"],"picked":"SKIP","floor":10},{"not_picked":["BootSequence","Go for the Eyes"],"picked":"Static Discharge","floor":11},{"not_picked":["Compile Driver","Barrage","Turbo"],"picked":"SKIP","floor":11},{"not_picked":["Streamline","Gash"],"picked":"Self Repair","floor":13}],"player_experience":214963,"potions_floor_usage":[6],"damage_taken":[{"damage":1,"enemies":"Cultist","floor":1,"turns":3},{"damage":0,"enemies":"2 Louse","floor":3,"turns":2},{"damage":0,"enemies":"Small Slimes","floor":5,"turns":3},{"damage":26,"enemies":"Lagavulin","floor":6,"turns":6},{"damage":16,"enemies":"3 Sentries","floor":10,"turns":7},{"damage":10,"enemies":"Exordium Thugs","floor":11,"turns":5},{"damage":6,"enemies":"Gremlin Nob","floor":13,"turns":4},{"damage":37,"enemies":"Slime Boss","floor":16,"turns":6}],"relics_obtained":[{"floor":6,"key":"Ice Cream"},{"floor":9,"key":"Prayer Wheel"},{"floor":10,"key":"War Paint"},{"floor":13,"key":"Ornamental Fan"}],"event_choices":[{"event_name":"Golden Idol","player_choice":"Take Damage","floor":2,"damage_taken":0},{"event_name":"Bonfire Elementals","player_choice":"BASIC","floor":4,"damage_taken":0},{"event_name":"World of Goop","player_choice":"Left","floor":12,"damage_taken":0},{"event_name":"The Cleric","player_choice":"Healed","floor":14,"damage_taken":0}],"boss_relics":[],"items_purged_floors":[],"potions_floor_spawned":[5],"seed_played":"-2817873990311260996","killed_by":"Slime Boss","ascension_level":2,"potions_obtained":[{"floor":5,"key":"Fire Potion"}],"is_trial":false}