{"path_per_floor":["M","M","?","?","?","E","R","M","T","M","R","M","M","M","R","B",null,"M","?","M","$","M","M","R","M","T","M","R","M","R","M","R"],"character_chosen":"THE_SILENT","items_purchased":["Torii","Predator"],"gold_per_floor":[112,127,302,302,302,328,328,347,347,366,366,381,391,403,403,500,500,515,440,452,71,87,102,102,114,114,124,124,139,139,154,154,154],"floor_reached":33,"campfire_rested":5,"playtime":2114,"current_hp_per_floor":[70,70,70,56,31,11,32,32,46,45,45,43,43,43,43,30,84,66,66,41,41,32,14,39,33,33,11,36,23,48,30,55,0],"items_purged":[],"gold":154,"score":255,"play_id":"2ff69a43-a6ea-466e-9225-e4e9f8838a20","local_time":"20180323232534","is_prod":false,"is_daily":false,"is_ascension_mode":false,"campfire_upgraded":2,"timestamp":1521843934,"path_taken":["M","M","?","?","?","E","R","M","T","M","R","M","M","M","R","BOSS","M","?","M","$","M","M","R","M","T","M","R","M","R","?","R","BOSS"],"build_version":"2018-03-22v2","purchased_purges":0,"victory":false,"master_deck":["Defend_G","Defend_G","Defend_G+1","Defend_G","Defend_G","Strike_G","Strike_G","Strike_G","Strike_G","Strike_G","Survivor","Neutralize","Slice+1","Predator","Doubt","Phantasmal Killer+1","Dagger Spray","Finisher","Infinite Blades+1","Venomology","Dagger Spray","Bullet Time","Terror","Quick Slash","Predator","Calculated Gamble","Riddle With Holes","Dagger Throw+1","Outmaneuver","Skewer+1","Finisher"],"max_hp_per_floor":[70,70,70,70,70,70,70,70,84,84,84,84,84,84,84,84,84,84,84,84,84,84,84,84,84,84,84,84,84,84,84,84,84],"relics":["Ring of the Snake","Ginger","Pen Nib","Bag of Marbles","Mango","Question Card","Torii","Gambling Chip"],"card_choices":[{"not_picked":["Crippling Poison","Underhanded Strike"],"picked":"Slice","floor":1},{"not_picked":["Masterful Stab","Infinite Blades"],"picked":"Predator","floor":2},{"not_picked":["Outmaneuver","Eviscerate"],"picked":"Phantasmal Killer","floor":6},{"not_picked":["Backflip","Acrobatics"],"picked":"Dagger Spray","floor":8},{"not_picked":["Dagger Throw","Quick Slash"],"picked":"Finisher","floor":10},{"not_picked":["Backflip","Flying Knee"],"picked":"Infinite Blades","floor":12},{"not_picked":["Deadly Poison","PiercingWail"],"picked":"Venomology","floor":13},{"not_picked":["Backflip","Bouncing Flask"],"picked":"Dagger Spray","floor":14},{"not_picked":["Unload","Glass Knife"],"picked":"Bullet Time","floor":16},{"not_picked":["Flying Knee","Well Laid Plans","Quick Slash"],"picked":"Terror","floor":18},{"not_picked":["Caltrops","Dagger Throw","Skewer"],"picked":"Quick Slash","floor":20},{"not_picked":["Underhanded Strike","Escape Plan","PiercingWail"],"picked":"Calculated Gamble","floor":22},{"not_picked":["Malaise","Infinite Blades","Poisoned Stab"],"picked":"Riddle With Holes","floor":23},{"not_picked":["Calculated Gamble","Malaise","Predator"],"picked":"Dagger Throw","floor":25},{"not_picked":["Bouncing Flask","Poisoned Stab","Choke"],"picked":"Outmaneuver","floor":27},{"not_picked":["Deadly Poison","Sucker Punch","Slice"],"picked":"Skewer","floor":29},{"not_picked":["Calculated Gamble","Deflect","Poisoned Stab"],"picked":"Finisher","floor":31}],"player_experience":57836,"potions_floor_usage":[16,16,16,16,22,23,25,27,29,31,33,33,33],"damage_taken":[{"damage":0,"enemies":"Small Slimes","floor":1,"turns":5},{"damage":0,"enemies":"Jaw Worm","floor":2,"turns":6},{"damage":20,"enemies":"Gremlin Nob","floor":6,"turns":4},{"damage":0,"enemies":"Cultist","floor":8,"turns":3},{"damage":1,"enemies":"3 Louse","floor":10,"turns":3},{"damage":2,"enemies":"Looter","floor":12,"turns":2},{"damage":0,"enemies":"Large Slime","floor":13,"turns":3},{"damage":0,"enemies":"3 Louse","floor":14,"turns":2},{"damage":25,"enemies":"Slime Boss","floor":16,"turns":5},{"damage":18,"enemies":"Shell Parasite","floor":18,"turns":4},{"damage":25,"enemies":"Spheric Guardian","floor":20,"turns":4},{"damage":9,"enemies":"Cultist and Chosen","floor":22,"turns":5},{"damage":18,"enemies":"Sentry and Sphere","floor":23,"turns":4},{"damage":6,"enemies":"Snake Plant","floor":25,"turns":4},{"damage":22,"enemies":"Snecko","floor":27,"turns":4},{"damage":13,"enemies":"Centurion and Healer","floor":29,"turns":4},{"damage":21,"enemies":"Snake Plant","floor":31,"turns":2},{"damage":82,"enemies":"Automaton","floor":33,"turns":8}],"event_choices":[{"event_name":"Liars Game","player_choice":"agreed","floor":3,"damage_taken":0},{"event_name":"Shining Light","player_choice":"Entered Light","floor":4,"damage_taken":0},{"event_name":"Scrap Ooze","player_choice":"success","floor":5,"damage_taken":25},{"event_name":"Beggar","player_choice":"Gave Gold","floor":19,"damage_taken":0}],"boss_relics":[{"not_picked":["Cursed Key","Eternal Feather"],"picked":"Question Card"}],"potions_floor_spawned":[6,10,12,13,16,20,27,29],"seed_played":"5333480800645736231","killed_by":"Automaton","ascension_level":0,"is_trial":false}