{"gold_per_floor":[109,119,135,62,72,72,97,97,97,122,297,297,297],"floor_reached":13,"playtime":518,"items_purged":[],"score":130,"play_id":"d1e6e909-5f20-4fbf-a742-754b5c594d9b","local_time":"20181227134857","is_ascension_mode":true,"campfire_choices":[{"data":"Spot Weakness","floor":6,"key":"SMITH"},{"data":"Armaments","floor":8,"key":"SMITH"},{"data":"Reaper","floor":12,"key":"SMITH"}],"neow_cost":"TEN_PERCENT_HP_LOSS","seed_source_timestamp":663376695508965,"circlet_count":0,"master_deck":["Strike_R","Strike_R","Strike_R","Strike_R","Strike_R","Defend_R","Defend_R","Defend_R","Defend_R","Bash","Deep Breath","Panacea","Pommel Strike","Spot Weakness+1","Metallicize","Seeing Red","Armaments+1","Reaper+1","Doubt"],"relics":["Burning Blood","Pantograph","StoneCalendar","Prayer Wheel"],"potions_floor_usage":[7,7],"damage_taken":[{"damage":8,"enemies":"2 Louse","floor":1,"turns":2},{"damage":7,"enemies":"Small Slimes","floor":2,"turns":4},{"damage":1,"enemies":"Cultist","floor":3,"turns":3},{"damage":15,"enemies":"Blue Slaver","floor":5,"turns":3},{"damage":36,"enemies":"Lagavulin","floor":7,"turns":6},{"damage":22,"enemies":"Gremlin Nob","floor":10,"turns":4},{"damage":44,"enemies":"Lagavulin","floor":13,"turns":8}],"seed_played":"-3232576114247429444","potions_obtained":[{"floor":2,"key":"Energy Potion"},{"floor":5,"key":"Regen Potion"}],"is_trial":false,"path_per_floor":["M","M","M","$","M","R","E","R","T","E","?","R","E"],"character_chosen":"IRONCLAD","items_purchased":["Metallicize"],"campfire_rested":0,"item_purchase_floors":[4],"current_hp_per_floor":[70,69,72,72,63,63,48,48,48,32,32,32,0],"gold":297,"neow_bonus":"RANDOM_COLORLESS_2","is_prod":false,"is_daily":false,"chose_seed":false,"campfire_upgraded":3,"win_rate":0,"timestamp":1545940137,"path_taken":["M","M","M","$","M","R","E","R","T","E","?","R","E"],"build_version":"2018-12-20","purchased_purges":0,"victory":false,"max_hp_per_floor":[72,72,72,72,72,72,72,72,72,72,72,72,72],"card_choices":[{"not_picked":["Armaments","Clash"],"picked":"Pommel Strike","floor":1},{"not_picked":["Perfected Strike","Clash","Entrench"],"picked":"SKIP","floor":2},{"not_picked":["Flex","Body Slam"],"picked":"Spot Weakness","floor":3},{"not_picked":["Wild Strike","Twin Strike"],"picked":"Seeing Red","floor":5},{"not_picked":["Rupture","Rampage"],"picked":"Armaments","floor":7},{"not_picked":["Shrug It Off","Havoc"],"picked":"Reaper","floor":10}],"player_experience":309710,"relics_obtained":[{"floor":7,"key":"Pantograph"},{"floor":9,"key":"StoneCalendar"},{"floor":10,"key":"Prayer Wheel"}],"event_choices":[{"damage_healed":0,"gold_gain":175,"player_choice":"AGREE","damage_taken":0,"max_hp_gain":0,"max_hp_loss":0,"event_name":"Liars Game","floor":11,"gold_loss":0,"cards_obtained":["Doubt"]}],"is_beta":false,"boss_relics":[],"items_purged_floors":[],"is_endless":false,"potions_floor_spawned":[2,5],"killed_by":"Lagavulin","ascension_level":8}