{"gold_per_floor":[114,129,144,104,119,149,164,164,189,189,264,214,229,261,261,361,361,376,391,391,406,263,263,293,243,268,283,298,298,48,63,63,163,163,178,193,208,208,223,253,268,173,173,173,188,188,203,218,218,218],"floor_reached":51,"playtime":2653,"items_purged":["Strike_G"],"score":830,"play_id":"094d54d3-6ffe-4ab1-920a-9d9d859f4821","local_time":"20180710205453","daily_mods":["Heirloom","Uncertain Future","Lethality"],"is_ascension_mode":false,"campfire_choices":[{"floor":8,"key":"DIG"},{"floor":10,"key":"DIG"},{"floor":15,"key":"REST"},{"floor":23,"key":"DIG"},{"floor":29,"key":"DIG"},{"floor":32,"key":"REST"},{"data":"A Thousand Cuts","floor":46,"key":"SMITH"},{"floor":49,"key":"REST"}],"neow_cost":"","seed_source_timestamp":1497734240498244,"circlet_count":0,"master_deck":["Defend_G","Defend_G","Defend_G","Defend_G","Defend_G","Strike_G","Strike_G+1","Survivor","Neutralize+1","PiercingWail","Infinite Blades","Dagger Spray","Infinite Blades","Infinite Blades","Venomology","Slice","Backflip","Cloak And Dagger","Venomology","Dagger Spray+1","Slice+1","Malaise+1","Infinite Blades","Slice+1","Deflect","Slice","After Image","Blade Dance+1","Cloak And Dagger","Slice+1","Backstab","Dagger Spray","Leg Sweep+1","A Thousand Cuts+1","Malaise","Mind Blast","Riddle With Holes+1","Dagger Spray+1"],"special_seed":17723,"relics":["Ring of the Snake","Du-Vu Doll","Shovel","Whetstone","Potion Belt","Singing Bowl","Dream Catcher","Runic Pyramid","Lantern","Ancient Tea Set","Happy Flower","Orichalcum","Mummified Hand","Orrery","Letter Opener","Ice Cream"],"potions_floor_usage":[5,16,16,16,16,18,18,19,19,21,21,21,28,28,31,31,31,31,33,33,33,33,36,37,39,40,40,40,45,45,47,50,50,50,50,50,50,50],"damage_taken":[{"damage":3,"enemies":"Small Slimes","floor":1,"turns":4},{"damage":0,"enemies":"Jaw Worm","floor":2,"turns":2},{"damage":0,"enemies":"2 Louse","floor":3,"turns":2},{"damage":0,"enemies":"Looter","floor":5,"turns":1},{"damage":12,"enemies":"3 Sentries","floor":6,"turns":4},{"damage":0,"enemies":"2 Fungi Beasts","floor":7,"turns":2},{"damage":0,"enemies":"3 Louse","floor":13,"turns":3},{"damage":29,"enemies":"Lagavulin Event","floor":14,"turns":5},{"damage":8,"enemies":"Hexaghost","floor":16,"turns":7},{"damage":9,"enemies":"Chosen","floor":18,"turns":4},{"damage":3,"enemies":"Shell Parasite","floor":19,"turns":3},{"damage":2,"enemies":"Snecko","floor":21,"turns":4},{"damage":36,"enemies":"Gremlin Leader","floor":24,"turns":6},{"damage":0,"enemies":"Sentry and Sphere","floor":27,"turns":3},{"damage":0,"enemies":"3 Cultists","floor":28,"turns":3},{"damage":0,"enemies":"Centurion and Healer","floor":31,"turns":3},{"damage":37,"enemies":"Automaton","floor":33,"turns":8},{"damage":6,"enemies":"Orb Walker","floor":35,"turns":3},{"damage":4,"enemies":"3 Shapes","floor":36,"turns":3},{"damage":4,"enemies":"Sphere and 2 Shapes","floor":37,"turns":4},{"damage":29,"enemies":"Maw","floor":39,"turns":7},{"damage":0,"enemies":"Nemesis","floor":40,"turns":3},{"damage":0,"enemies":"4 Shapes","floor":41,"turns":3},{"damage":6,"enemies":"Sphere and 2 Shapes","floor":45,"turns":4},{"damage":6,"enemies":"Maw","floor":47,"turns":6},{"damage":5,"enemies":"3 Darklings","floor":48,"turns":3},{"damage":56,"enemies":"Donu and Deca","floor":50,"turns":8}],"seed_played":"-1904894230533814690","potions_obtained":[{"floor":2,"key":"AttackPotion"},{"floor":7,"key":"Explosive Potion"},{"floor":13,"key":"GhostInAJar"},{"floor":14,"key":"PowerPotion"},{"floor":16,"key":"GamblersBrew"},{"floor":18,"key":"Fire Potion"},{"floor":19,"key":"SneckoOil"},{"floor":24,"key":"LiquidBronze"},{"floor":27,"key":"Fire Potion"},{"floor":36,"key":"Ancient Potion"},{"floor":37,"key":"SteroidPotion"},{"floor":39,"key":"FearPotion"},{"floor":41,"key":"EssenceOfSteel"},{"floor":47,"key":"Weak Potion"}],"is_trial":false,"path_per_floor":["M","M","M","$","M","E","M","R","T","R","?","?","M","?","R","B",null,"M","M","?","M","$","R","E","?","T","M","M","R","$","M","R","B",null,"M","M","M","?","M","E","M","$","T","?","M","R","M","M","R","B"],"character_chosen":"THE_SILENT","items_purchased":["Infinite Blades","Infinite Blades","Mummified Hand","Mind Blast"],"campfire_rested":3,"item_purchase_floors":[4,22,30,42],"current_hp_per_floor":[67,67,67,67,67,55,55,55,55,55,44,44,44,15,38,30,72,63,60,60,58,58,58,22,22,22,24,26,26,26,26,48,11,78,72,70,68,68,39,39,39,39,39,72,68,68,62,59,76,20],"gold":218,"neow_bonus":"","is_prod":false,"is_daily":true,"chose_seed":false,"campfire_upgraded":1,"win_rate":0,"timestamp":1531281293,"path_taken":["M","M","M","$","M","E","M","R","T","R","?","?","M","?","R","BOSS","M","M","?","M","$","R","E","?","T","M","M","R","?","M","R","BOSS","M","M","M","?","M","E","?","$","T","?","M","R","M","M","R","BOSS"],"build_version":"2018-07-05","purchased_purges":1,"victory":true,"max_hp_per_floor":[70,70,70,70,70,70,70,70,70,70,70,70,70,70,72,72,72,72,72,72,72,72,72,72,72,72,74,76,76,76,76,76,76,78,78,80,82,82,82,82,82,82,82,72,74,74,74,76,76,76],"card_choices":[{"not_picked":["Deadly Poison","Poisoned Stab"],"picked":"PiercingWail","floor":1},{"not_picked":["Dash","PiercingWail"],"picked":"Infinite Blades","floor":2},{"not_picked":["Flying Knee","Masterful Stab"],"picked":"Dagger Spray","floor":3},{"not_picked":["Endless Agony","Sucker Punch"],"picked":"Infinite Blades","floor":5},{"not_picked":["Outmaneuver","Dash"],"picked":"Venomology","floor":6},{"not_picked":["Quick Slash","Bane"],"picked":"Slice","floor":7},{"not_picked":["Catalyst","Masterful Stab"],"picked":"Backflip","floor":13},{"not_picked":["Outmaneuver","Sucker Punch"],"picked":"Cloak And Dagger","floor":14},{"not_picked":["Poisoned Stab","Deadly Poison","Outmaneuver"],"picked":"Singing Bowl","floor":15},{"not_picked":["Doppelganger","Bullet Time"],"picked":"Venomology","floor":16},{"not_picked":["Poisoned Stab","Finisher"],"picked":"Dagger Spray+1","floor":18},{"not_picked":["PiercingWail","Deadly Poison"],"picked":"Slice+1","floor":19},{"not_picked":["Quick Slash","Dagger Throw+1"],"picked":"Malaise+1","floor":21},{"not_picked":["Dagger Throw","Well Laid Plans"],"picked":"Slice+1","floor":24},{"not_picked":["Predator","Calculated Gamble","Bouncing Flask"],"picked":"Singing Bowl","floor":27},{"not_picked":["Wraith Form v2","Deflect","Backflip"],"picked":"Singing Bowl","floor":28},{"not_picked":["Deadly Poison+1","Bane"],"picked":"Deflect","floor":31},{"not_picked":["Flying Knee","Poisoned Stab"],"picked":"Slice","floor":32},{"not_picked":["Bullet Time","Wraith Form v2"],"picked":"After Image","floor":33},{"not_picked":["Masterful Stab+1","Terror"],"picked":"Blade Dance+1","floor":34},{"not_picked":["Backflip","Dodge and Roll"],"picked":"Cloak And Dagger","floor":34},{"not_picked":["Eviscerate+1","Acrobatics"],"picked":"Slice+1","floor":34},{"not_picked":["Dagger Throw","Concentrate","Deadly Poison"],"picked":"Singing Bowl","floor":34},{"not_picked":["Flying Knee","Prepared+1"],"picked":"Backstab","floor":34},{"not_picked":["Deadly Poison+1","Reflex"],"picked":"Dagger Spray","floor":35},{"not_picked":["Predator+1","Flying Knee+1","Sucker Punch"],"picked":"Singing Bowl","floor":36},{"not_picked":["Underhanded Strike","Quick Slash","Concentrate"],"picked":"Singing Bowl","floor":37},{"not_picked":["Backflip","Predator"],"picked":"Leg Sweep+1","floor":39},{"not_picked":["Expertise","Calculated Gamble+1"],"picked":"A Thousand Cuts","floor":40},{"not_picked":["Choke+1","Backflip+1"],"picked":"Malaise","floor":41},{"not_picked":["Deadly Poison+1","PiercingWail","Outmaneuver+1"],"picked":"Singing Bowl","floor":45},{"not_picked":["Deadly Poison","Outmaneuver"],"picked":"Riddle With Holes+1","floor":47},{"not_picked":["Dagger Spray","Calculated Gamble","Bane+1"],"picked":"Singing Bowl","floor":48},{"not_picked":["Underhanded Strike","Blade Dance"],"picked":"Dagger Spray+1","floor":49}],"player_experience":362137,"relics_obtained":[{"floor":6,"key":"Shovel"},{"floor":8,"key":"Whetstone"},{"floor":9,"key":"Potion Belt"},{"floor":10,"key":"Singing Bowl"},{"floor":14,"key":"Dream Catcher"},{"floor":23,"key":"Lantern"},{"floor":24,"key":"Ancient Tea Set"},{"floor":26,"key":"Happy Flower"},{"floor":29,"key":"Orichalcum"},{"floor":40,"key":"Letter Opener"},{"floor":43,"key":"Ice Cream"}],"event_choices":[{"event_name":"World of Goop","player_choice":"Gather Gold","floor":11,"damage_taken":0},{"event_name":"The Cleric","player_choice":"Card Removal","floor":12,"damage_taken":0},{"event_name":"Dead Adventurer","player_choice":"Searched \u00272\u0027 times","floor":14,"damage_taken":0},{"event_name":"Purifier","player_choice":"One Purge","floor":20,"damage_taken":0},{"event_name":"The Joust","player_choice":"Bet on Owner","floor":25,"damage_taken":0},{"event_name":"Tomb of Lord Red Mask","player_choice":"Ignored","floor":38,"damage_taken":0},{"event_name":"The Moai Head","player_choice":"Heal","floor":44,"damage_taken":0}],"boss_relics":[{"not_picked":["Snecko Eye","Sozu"],"picked":"Runic Pyramid"},{"not_picked":["Coffee Dripper","Pandora\u0027s Box"],"picked":"Orrery"}],"items_purged_floors":[22],"is_endless":false,"potions_floor_spawned":[2,7,13,14,16,18,19,24,27,36,37,39,41,47],"ascension_level":0}