{"path_per_floor":["M","?","M","M","?","E","R","E","T","M","E","M","$","?","R","B",null,"M","?","?","$","?","R","M","M","T","E","$","R","M","M","R"],"character_chosen":"IRONCLAD","items_purchased":["Immolate","Orichalcum","Metallicize"],"gold_per_floor":[114,114,125,139,139,166,166,191,191,211,239,254,31,31,31,129,129,145,145,145,70,70,70,88,107,107,138,57,57,77,95,95,95],"floor_reached":33,"campfire_rested":1,"playtime":1778,"current_hp_per_floor":[77,77,73,71,64,58,58,48,48,55,45,51,51,51,51,58,79,66,66,66,66,66,66,66,62,62,56,56,83,86,92,92,0],"items_purged":["Normality"],"gold":95,"score":385,"play_id":"c2f19c24-e7d4-4725-9725-a381504fd1c7","local_time":"20180404182330","is_prod":false,"is_daily":false,"is_ascension_mode":true,"campfire_upgraded":4,"timestamp":1522859010,"path_taken":["M","?","M","?","?","E","R","E","T","M","E","M","$","?","R","BOSS","M","?","?","$","?","R","M","M","T","E","?","R","M","M","R","BOSS"],"build_version":"2018-03-29v2","purchased_purges":2,"victory":false,"master_deck":["Strike_R+1","Strike_R+1","Strike_R+1","Strike_R+1","Defend_R+1","Defend_R+1","Defend_R+1","Bash+1","Clash","Thunderclap","Double Tap+1","Clothesline+1","Twin Strike","Wild Strike","Immolate","Dark Embrace+1","Clumsy","Clumsy","Shockwave","Seeing Red","Sentinel","Metallicize+1","Dropkick"],"max_hp_per_floor":[80,80,80,80,80,80,80,80,80,82,84,86,86,86,86,86,86,88,88,88,88,88,88,88,88,88,90,90,90,92,92,92,92],"relics":["Burning Blood","Ornamental Fan","Singing Bowl","Du-Vu Doll","Ancient Tea Set","Orichalcum","Calling Bell","Blue Candle","Lantern","Juzu Bracelet","Thread and Needle","Art of War"],"card_choices":[{"not_picked":["Inflame","Clash"],"picked":"Thunderclap","floor":1},{"not_picked":["Sever Soul","Iron Wave"],"picked":"Double Tap","floor":3},{"not_picked":["Headbutt","Corruption"],"picked":"Clothesline","floor":4},{"not_picked":["Sword Boomerang","Heavy Blade"],"picked":"Twin Strike","floor":6},{"not_picked":["Perfected Strike","Dropkick"],"picked":"Wild Strike","floor":8},{"not_picked":["Exhume","Bludgeon"],"picked":"Dark Embrace","floor":16},{"not_picked":["Thunderclap","Rupture"],"picked":"Seeing Red","floor":24},{"not_picked":["Cleave","Rampage"],"picked":"Sentinel","floor":25},{"not_picked":["Headbutt","Flex"],"picked":"Dropkick","floor":31}],"player_experience":226993,"potions_floor_usage":[8,10,16,16,27,33,33],"damage_taken":[{"damage":1,"enemies":"Cultist","floor":1,"turns":3},{"damage":10,"enemies":"Small Slimes","floor":3,"turns":3},{"damage":8,"enemies":"2 Louse","floor":4,"turns":3},{"damage":12,"enemies":"Gremlin Nob","floor":6,"turns":3},{"damage":16,"enemies":"Lagavulin","floor":8,"turns":4},{"damage":1,"enemies":"Gremlin Gang","floor":10,"turns":3},{"damage":18,"enemies":"Gremlin Nob","floor":11,"turns":4},{"damage":2,"enemies":"Exordium Wildlife","floor":12,"turns":2},{"damage":14,"enemies":"Hexaghost","floor":16,"turns":6},{"damage":21,"enemies":"2 Thieves","floor":18,"turns":3},{"damage":6,"enemies":"Shell Parasite","floor":24,"turns":3},{"damage":10,"enemies":"Cultist and Chosen","floor":25,"turns":5},{"damage":14,"enemies":"Book of Stabbing","floor":27,"turns":4},{"damage":5,"enemies":"3 Cultists","floor":30,"turns":5},{"damage":0,"enemies":"Centurion and Healer","floor":31,"turns":6},{"damage":94,"enemies":"Champ","floor":33,"turns":11}],"event_choices":[{"event_name":"Living Wall","player_choice":"Grow","floor":2,"damage_taken":0},{"event_name":"Golden Wing","player_choice":"Card Removal","floor":5,"damage_taken":0},{"event_name":"Scrap Ooze","player_choice":"unsuccessful","floor":14,"damage_taken":0},{"event_name":"Back to Basics","player_choice":"Simplicity","floor":19,"damage_taken":0},{"event_name":"Vampires","player_choice":"Ignored","floor":20,"damage_taken":0},{"event_name":"The Library","player_choice":"Read","floor":22,"damage_taken":0}],"boss_relics":[{"not_picked":["White Beast Statue","Orrery"],"picked":"Calling Bell"}],"potions_floor_spawned":[1,6,8,11,12,24,25],"seed_played":"-4046166551012657481","killed_by":"Champ","ascension_level":7,"is_trial":false}