{"path_per_floor":["M","?","?","M","M","R","M","?","T","$","M","R","M","M","R","B",null,"M","?","$","?","M","E","R","?","T","?","M","$","M","M","R","B",null,"M","M","$","M","M","R","M","?","T","R","M","?","R","M","R"],"character_chosen":"THE_SILENT","items_purchased":["Orichalcum"],"gold_per_floor":[115,115,115,128,138,138,155,230,230,0,18,18,31,49,49,147,147,164,164,64,64,83,114,114,114,114,114,128,3,15,29,29,132,132,145,155,5,21,34,34,54,54,80,80,99,199,199,210,210,210],"floor_reached":50,"campfire_rested":4,"playtime":3619,"current_hp_per_floor":[65,70,63,62,60,60,54,43,43,43,38,60,54,53,53,27,75,64,64,64,64,59,38,38,38,38,38,28,28,23,13,35,21,75,48,28,28,26,9,31,19,66,66,66,55,55,55,42,61,0],"items_purged":["Defend_G","Regret","Decay","Writhe"],"gold":210,"score":458,"play_id":"cca7efff-1438-457d-91f3-f97c7a22849a","local_time":"20180325234753","is_prod":false,"is_daily":false,"is_ascension_mode":false,"campfire_upgraded":5,"timestamp":1522014473,"path_taken":["M","?","?","M","M","R","?","?","T","$","M","R","M","M","R","BOSS","M","?","$","?","M","E","R","?","T","?","?","$","M","M","R","BOSS","M","M","$","M","?","R","M","?","T","R","M","?","R","M","R","BOSS"],"build_version":"2018-03-22v2","purchased_purges":7,"victory":false,"master_deck":["Defend_G+1","Defend_G+1","Defend_G+1","Strike_G+1","Strike_G+1","Strike_G+1","Strike_G+1","Strike_G+1","Survivor","Neutralize+1","Bane","Outmaneuver+1","Predator+1","Poisoned Stab+1","Poisoned Stab+1","Sucker Punch+1","Flying Knee","Die Die Die","Eviscerate+1","Underhanded Strike","Backflip","Adrenaline","Doppelganger+1","Quick Slash+1","Backflip","Unload","PiercingWail","Acrobatics+1","Poisoned Stab+1","Prepared+1","PiercingWail","Backstab+1","Malaise+1"],"max_hp_per_floor":[70,75,75,75,75,75,75,75,75,75,75,75,75,75,75,75,75,75,75,75,75,75,75,75,75,75,75,75,75,75,75,75,75,75,75,75,75,75,75,75,75,66,66,66,66,66,66,66,66,66],"relics":["Runic Pyramid","Bronze Scales","Orichalcum","Calling Bell","Happy Flower","Anchor","Matryoshka","Pen Nib","Bag of Marbles","Whetstone","White Beast Statue","Oddly Smooth Stone","Blood Vial"],"card_choices":[{"not_picked":["Riddle With Holes","Deadly Poison"],"picked":"Bane","floor":1.0},{"not_picked":["Underhanded Strike","Footwork"],"picked":"Outmaneuver","floor":4.0},{"not_picked":["Well Laid Plans","Crippling Poison"],"picked":"Predator","floor":5.0},{"not_picked":["Terror","Deadly Poison"],"picked":"Poisoned Stab","floor":7.0},{"not_picked":["Dodge and Roll","Dagger Throw"],"picked":"Poisoned Stab","floor":11.0},{"not_picked":["Riddle With Holes","Masterful Stab"],"picked":"Sucker Punch","floor":13.0},{"not_picked":["Dodge and Roll","Sucker Punch"],"picked":"Flying Knee","floor":14.0},{"not_picked":["Wraith Form","Adrenaline"],"picked":"Die Die Die","floor":16},{"not_picked":["Deflect","Calculated Gamble"],"picked":"Eviscerate","floor":18},{"not_picked":["Terror","Caltrops"],"picked":"Underhanded Strike","floor":22},{"not_picked":["Outmaneuver","Sucker Punch"],"picked":"Backflip","floor":23},{"not_picked":["Footwork","Blade Dance"],"picked":"Doppelganger","floor":28},{"not_picked":["Choke","Slice"],"picked":"Quick Slash","floor":30},{"not_picked":["Deflect","Deadly Poison"],"picked":"Backflip","floor":31},{"not_picked":["Storm of Steel","Bullet Time"],"picked":"Unload","floor":33},{"not_picked":["Choke","Blur"],"picked":"PiercingWail","floor":35},{"not_picked":["Backflip","Dodge and Roll"],"picked":"Acrobatics","floor":36},{"not_picked":["Dodge and Roll","Outmaneuver"],"picked":"Poisoned Stab","floor":38},{"not_picked":["Night Terror","Escape Plan"],"picked":"Prepared","floor":39},{"not_picked":["Acrobatics","Cloak And Dagger"],"picked":"PiercingWail","floor":41},{"not_picked":["Infinite Blades","Acrobatics"],"picked":"Backstab","floor":45},{"not_picked":["Skewer","Well Laid Plans"],"picked":"Malaise","floor":48}],"player_experience":65497,"potions_floor_usage":[16,16,23,23,31,33,33,39,39,41,45,50,50,50],"damage_taken":[{"damage":5.0,"enemies":"Jaw Worm","floor":1.0,"turns":5.0},{"damage":1.0,"enemies":"2 Louse","floor":4.0,"turns":3.0},{"damage":2.0,"enemies":"Small Slimes","floor":5.0,"turns":4.0},{"damage":6.0,"enemies":"Exordium Wildlife","floor":7.0,"turns":4.0},{"damage":5.0,"enemies":"Red Slaver","floor":11.0,"turns":2.0},{"damage":6.0,"enemies":"Blue Slaver","floor":13.0,"turns":2.0},{"damage":1.0,"enemies":"3 Louse","floor":14.0,"turns":3.0},{"damage":26,"enemies":"Hexaghost","floor":16,"turns":8},{"damage":11,"enemies":"2 Thieves","floor":18,"turns":3},{"damage":5,"enemies":"Shell Parasite","floor":22,"turns":4},{"damage":21,"enemies":"Book of Stabbing","floor":23,"turns":5},{"damage":10,"enemies":"Centurion and Healer","floor":28,"turns":5},{"damage":5,"enemies":"Snecko","floor":30,"turns":3},{"damage":10,"enemies":"3 Cultists","floor":31,"turns":4},{"damage":14,"enemies":"Champ","floor":33,"turns":11},{"damage":27,"enemies":"3 Darklings","floor":35,"turns":4},{"damage":20,"enemies":"3 Shapes","floor":36,"turns":3},{"damage":2,"enemies":"Sphere and 2 Shapes","floor":38,"turns":3},{"damage":17,"enemies":"Maw","floor":39,"turns":7},{"damage":12,"enemies":"4 Shapes","floor":41,"turns":3},{"damage":11,"enemies":"3 Darklings","floor":45,"turns":4},{"damage":15,"enemies":"Maw","floor":48,"turns":6},{"damage":66,"enemies":"Donu and Deca","floor":50,"turns":6}],"event_choices":[{"event_name":"Big Fish","player_choice":"Donut","floor":2.0,"damage_taken":0.0},{"event_name":"Golden Wing","player_choice":"Card Removal","floor":3.0,"damage_taken":0.0},{"event_name":"World of Goop","player_choice":"Gather Gold","floor":8.0,"damage_taken":0.0},{"event_name":"Back to Basics","player_choice":"Simplicity","floor":19,"damage_taken":0},{"event_name":"Addict","player_choice":"Ignored","floor":21,"damage_taken":0},{"event_name":"The Library","player_choice":"Read","floor":25,"damage_taken":0},{"event_name":"Vampires","player_choice":"Ignored","floor":27,"damage_taken":0},{"event_name":"The Moai Head","player_choice":"Heal","floor":42,"damage_taken":0},{"event_name":"Golden Shrine","player_choice":"Pray","floor":46,"damage_taken":0}],"boss_relics":[{"not_picked":["Orrery","Black Star"],"picked":"Calling Bell"},{"not_picked":["Eternal Feather","Question Card"],"picked":"White Beast Statue"}],"potions_floor_spawned":[1,7,13,18,23,30,31,35,36,38,39,41,45,48],"seed_played":"5610893527496088915","killed_by":"Donu and Deca","ascension_level":0,"is_trial":false}