{"path_per_floor":["M","M","M","M","M","E","R","E","T","M","M","$","R","?","R","B",null,"M","M","M","$","M","R","?","?","T","M","R","M","M","M","R","B",null,"M","$","?","M","?","R"],"character_chosen":"IRONCLAD","items_purchased":["Rupture","Armaments","Oddly Smooth Stone","Shrug It Off","Iron Wave","Anchor"],"gold_per_floor":[116,129,140,157,171,200,200,229,252,264,278,163,163,128,128,225,225,239,251,267,19,38,38,38,38,38,49,49,67,83,97,97,201,201,215,71,71,90,90,90,90],"floor_reached":41,"campfire_rested":6,"playtime":7573,"item_purchase_floors":[12,12,21,21,21,36],"current_hp_per_floor":[80,80,80,69,66,45,69,29,29,19,25,25,49,69,69,41,80,66,56,12,12,11,35,35,19,19,13,29,23,35,19,35,26,56,34,34,27,33,33,49,0],"items_purged":[],"gold":90,"score":574,"play_id":"7c8eb9be-a6da-4ad1-b474-f1868d6a019c","local_time":"20180609154829","is_prod":false,"is_daily":false,"chose_seed":false,"is_ascension_mode":true,"campfire_upgraded":1,"win_rate":0,"timestamp":1528552109,"campfire_choices":[{"floor":7,"key":"REST"},{"floor":13,"key":"REST"},{"data":"Brutality","floor":15,"key":"SMITH"},{"floor":23,"key":"REST"},{"floor":28,"key":"REST"},{"floor":32,"key":"REST"},{"floor":40,"key":"REST"}],"path_taken":["M","M","M","M","M","E","R","E","T","M","M","$","R","?","R","BOSS","M","?","M","$","M","R","?","?","T","M","R","M","M","M","R","BOSS","M","$","?","M","?","R","E"],"build_version":"2018-06-08","seed_source_timestamp":178468157713325,"purchased_purges":0,"victory":false,"master_deck":["Defend_R","Defend_R","Defend_R","Defend_R","Bash+1","Iron Wave","Shrug It Off","Pommel Strike","Headbutt","Flex","Twin Strike","Brutality+1","Metallicize","Body Slam","Rupture","Armaments","Barricade","Battle Trance+1","Metallicize","Body Slam","Shrug It Off","Iron Wave","Cleave","Bite","Bite","Bite","Bite","Bite","True Grit+1","Shrug It Off","Warcry","Shrug It Off","Juggernaut","Shrug It Off+1","Madness","Madness","Mind Blast"],"max_hp_per_floor":[80,80,80,80,80,80,80,80,80,80,80,80,80,80,80,80,80,80,80,80,80,80,80,56,56,56,56,56,56,56,56,56,56,56,56,56,56,56,56,56,56],"relics":["Burning Blood","Gambling Chip","Torii","Whetstone","Cursed Key","Oddly Smooth Stone","Enchiridion","Mark of Pain","Anchor"],"card_choices":[{"not_picked":["Pummel","Reckless Charge"],"picked":"Iron Wave","floor":1},{"not_picked":["Reckless Charge","Rampage"],"picked":"Shrug It Off","floor":2},{"not_picked":["Thunderclap","Iron Wave"],"picked":"Pommel Strike","floor":3},{"not_picked":["Clothesline","Evolve"],"picked":"Headbutt","floor":4},{"not_picked":["Corruption","Clothesline"],"picked":"Flex","floor":5},{"not_picked":["Perfected Strike","Heavy Blade"],"picked":"Twin Strike","floor":6},{"not_picked":["Rampage","Pommel Strike"],"picked":"Brutality","floor":8},{"not_picked":["Intimidate","Hemokinesis"],"picked":"Metallicize","floor":10},{"not_picked":["Twin Strike","Corruption"],"picked":"Body Slam","floor":11},{"not_picked":["Juggernaut","Immolate"],"picked":"Barricade","floor":16},{"not_picked":["True Grit","Pommel Strike"],"picked":"Battle Trance+1","floor":18},{"not_picked":["Clothesline","Rampage+1"],"picked":"Metallicize","floor":19},{"not_picked":["Dropkick+1","Whirlwind"],"picked":"Body Slam","floor":20},{"not_picked":["Burning Pact+1","Sword Boomerang"],"picked":"Cleave","floor":22},{"not_picked":["Clothesline+1","Uppercut"],"picked":"True Grit+1","floor":27},{"not_picked":["Burning Pact","Fiend Fire"],"picked":"Shrug It Off","floor":29},{"not_picked":["True Grit","Reckless Charge"],"picked":"Warcry","floor":30},{"not_picked":["Fire Breathing","Thunderclap"],"picked":"Shrug It Off","floor":31},{"not_picked":["Double Tap","Bludgeon"],"picked":"Juggernaut","floor":33},{"not_picked":["Sword Boomerang","Iron Wave"],"picked":"Shrug It Off+1","floor":35},{"not_picked":["Burning Pact","Pommel Strike","Blood for Blood"],"picked":"SKIP","floor":38},{"not_picked":["Madness","Purity"],"picked":"Mind Blast","floor":39}],"player_experience":146098,"potions_floor_usage":[4,5,11,16,20,22,27,29,41],"damage_taken":[{"damage":6,"enemies":"Cultist","floor":1,"turns":3},{"damage":0,"enemies":"Small Slimes","floor":2,"turns":4},{"damage":4,"enemies":"Jaw Worm","floor":3,"turns":5},{"damage":17,"enemies":"Gremlin Gang","floor":4,"turns":4},{"damage":9,"enemies":"Exordium Thugs","floor":5,"turns":5},{"damage":27,"enemies":"Gremlin Nob","floor":6,"turns":4},{"damage":46,"enemies":"Lagavulin","floor":8,"turns":7},{"damage":16,"enemies":"Large Slime","floor":10,"turns":5},{"damage":0,"enemies":"3 Louse","floor":11,"turns":5},{"damage":34,"enemies":"Hexaghost","floor":16,"turns":8},{"damage":20,"enemies":"2 Thieves","floor":18,"turns":4},{"damage":16,"enemies":"Shell Parasite","floor":19,"turns":7},{"damage":50,"enemies":"3 Cultists","floor":20,"turns":7},{"damage":23,"enemies":"Snake Plant","floor":22,"turns":7},{"damage":24,"enemies":"Cultist and Chosen","floor":27,"turns":7},{"damage":30,"enemies":"Centurion and Healer","floor":29,"turns":7},{"damage":6,"enemies":"3 Cultists","floor":30,"turns":5},{"damage":28,"enemies":"Snake Plant","floor":31,"turns":6},{"damage":19,"enemies":"Champ","floor":33,"turns":10},{"damage":40,"enemies":"3 Darklings","floor":35,"turns":7},{"damage":8,"enemies":"3 Shapes","floor":38,"turns":5},{"damage":75,"enemies":"2 Orb Walkers","floor":41,"turns":5}],"relics_obtained":[{"floor":6,"key":"Gambling Chip"},{"floor":8,"key":"Torii"},{"floor":9,"key":"Whetstone"},{"floor":25,"key":"Enchiridion"}],"event_choices":[{"event_name":"The Cleric","player_choice":"Healed","floor":14,"damage_taken":0},{"event_name":"Vampires","player_choice":"Became a vampire","floor":24,"damage_taken":0},{"event_name":"Cursed Tome","player_choice":"Obtained Book","floor":25,"damage_taken":0},{"event_name":"Winding Halls","player_choice":"Embrace Madness","floor":37,"damage_taken":0},{"event_name":"SensoryStone","player_choice":"Memory 1","floor":39,"damage_taken":0}],"boss_relics":[{"not_picked":["Runic Dome","Calling Bell"],"picked":"Cursed Key"},{"not_picked":["White Beast Statue","Eternal Feather"],"picked":"Mark of Pain"}],"items_purged_floors":[],"potions_floor_spawned":[1,4,5,8,11,18,20,22,27,38],"seed_played":"-7602534084509045819","killed_by":"2 Orb Walkers","ascension_level":3,"potions_obtained":[{"floor":1,"key":"SteroidPotion"},{"floor":4,"key":"Weak Potion"},{"floor":5,"key":"FairyPotion"},{"floor":8,"key":"SpeedPotion"},{"floor":11,"key":"EssenceOfSteel"},{"floor":18,"key":"SkillPotion"},{"floor":20,"key":"BloodPotion"},{"floor":22,"key":"FearPotion"},{"floor":27,"key":"SkillPotion"},{"floor":38,"key":"FearPotion"}],"is_trial":false}