{"path_per_floor":["M","?","M","?","M","E","?","R","T","$","R","E","?","$","R","B",null,"M","M","M","M","?","R","E","R","T","R","E","R","?","M","R","B",null,"M","M","?","$","M","E","M","R","T","E","M","M","M","E","R","B"],"character_chosen":"DEFECT","items_purchased":["Toxic Egg 2","Master of Strategy+1","Kunai","Reprogram+1"],"gold_per_floor":[116,116,128,128,143,172,172,172,198,198,198,231,481,168,168,272,272,290,302,315,330,330,330,359,359,359,359,391,391,391,402,402,507,507,523,539,539,33,44,79,98,98,98,155,174,192,202,227,227,227],"floor_reached":51,"campfire_rested":1,"playtime":5104,"item_purchase_floors":[14,38,38,38],"current_hp_per_floor":[35,35,35,20,20,4,4,26,26,26,26,16,16,16,16,16,75,66,66,53,46,46,46,46,46,46,46,46,46,32,25,25,21,80,71,68,68,68,68,84,84,84,84,84,84,75,54,56,56,56],"items_purged":["Regret"],"gold":227,"score":1084,"play_id":"5098603f-2653-4d2d-9b18-ab61e1b18498","local_time":"20180528234310","is_prod":false,"is_daily":false,"chose_seed":false,"is_ascension_mode":true,"campfire_upgraded":9,"win_rate":0.0,"timestamp":1527565390,"campfire_choices":[{"floor":8,"key":"REST"},{"data":"Zap","floor":11,"key":"SMITH"},{"data":"Hello World","floor":15,"key":"SMITH"},{"data":"Heatsinks","floor":23,"key":"SMITH"},{"data":"Rainbow","floor":25,"key":"SMITH"},{"data":"Doom and Gloom","floor":27,"key":"SMITH"},{"data":"Compile Driver","floor":29,"key":"SMITH"},{"data":"BootSequence","floor":32,"key":"SMITH"},{"data":"Creative AI","floor":42,"key":"SMITH"},{"data":"Biased Cognition","floor":49,"key":"SMITH"}],"path_taken":["M","?","M","?","M","E","?","R","T","?","R","E","?","$","R","BOSS","M","M","M","M","?","R","E","R","T","R","E","R","?","M","R","BOSS","M","M","?","$","M","E","M","R","T","E","M","M","M","E","R","BOSS"],"build_version":"2018-05-27","seed_source_timestamp":31958995612886,"purchased_purges":1,"victory":true,"master_deck":["Zap+1","Dualcast+1","Rainbow+1","Defragment+1","Doom and Gloom+1","Compile Driver+1","BootSequence+1","Heatsinks+1","Hello World+1","Seek+1","Glacier+1","Double Energy+1","Aggregate+1","Stack+1","Double Energy+1","Gash","White Noise+1","Lockon+1","Fusion+1","Hologram+1","Aggregate+1","Beam Cell+1","Multi-Cast+1","Barrage+1","Chill+1","Master of Strategy+1","Reprogram+1","Creative AI+1","Stack+1","Biased Cognition+1","Hologram+1"],"max_hp_per_floor":[75,75,75,75,75,75,75,75,75,75,75,75,75,75,75,75,75,75,75,75,75,75,75,75,75,75,75,75,75,80,80,80,80,80,80,80,80,80,80,92,92,92,92,92,92,94,96,98,98,98],"relics":["Cracked Core","Anchor","Juzu Bracelet","Orichalcum","Toxic Egg 2","Pandora\u0027s Box","Toolbox","Unceasing Top","Singing Bowl","Inserter","Kunai","Pear","Meat on the Bone","Tiny Chest","Bag of Marbles"],"card_choices":[{"not_picked":["Cold Snap","Darkness"],"picked":"Doom and Gloom","floor":1},{"not_picked":["Streamline","Genetic Algorithm"],"picked":"Compile Driver","floor":3},{"not_picked":["Barrage","Skim"],"picked":"BootSequence","floor":5},{"not_picked":["Rip and Tear","Sweeping Beam"],"picked":"Heatsinks","floor":6},{"not_picked":["Redo","Stack"],"picked":"Hello World","floor":12},{"not_picked":["Buffer","Creative AI"],"picked":"Seek+1","floor":16},{"not_picked":["Redo+1","Stack+1"],"picked":"White Noise+1","floor":18},{"not_picked":["Conserve Battery+1","Redo+1"],"picked":"Lockon+1","floor":19},{"not_picked":["Chill+1","Sweeping Beam+1"],"picked":"Fusion+1","floor":20},{"not_picked":["Gash","Cold Snap","Steam+1"],"picked":"SKIP","floor":21},{"not_picked":["Redo+1","Rebound+1"],"picked":"Hologram+1","floor":24},{"not_picked":["All For One","Rebound"],"picked":"Aggregate+1","floor":28},{"not_picked":["Streamline","Lockon"],"picked":"Beam Cell+1","floor":31},{"not_picked":["Biased Cognition","Machine Learning"],"picked":"Multi-Cast+1","floor":33},{"not_picked":["Beam Cell","Go for the Eyes"],"picked":"Barrage+1","floor":35},{"not_picked":["Streamline+1","Compile Driver"],"picked":"Chill+1","floor":36},{"not_picked":["Sweeping Beam+1","Redo+1"],"picked":"Creative AI","floor":39},{"not_picked":["Sweeping Beam+1","Streamline","Tempest+1"],"picked":"Singing Bowl","floor":40},{"not_picked":["Self Repair","Beam Cell"],"picked":"Stack+1","floor":41},{"not_picked":["Tempest+1","Reprogram+1"],"picked":"Biased Cognition","floor":44},{"not_picked":["Go for the Eyes+1","Rebound"],"picked":"Hologram+1","floor":45},{"not_picked":["Beam Cell","Cold Snap","Streamline"],"picked":"Singing Bowl","floor":46},{"not_picked":["Static Discharge","Stack+1","BootSequence+1"],"picked":"Singing Bowl","floor":47},{"not_picked":["Cold Snap","Compile Driver+1","Leap+1"],"picked":"Singing Bowl","floor":48}],"player_experience":196477,"potions_floor_usage":[6,12,50,50,50],"damage_taken":[{"damage":3,"enemies":"Small Slimes","floor":1,"turns":4},{"damage":0,"enemies":"2 Louse","floor":3,"turns":1},{"damage":0,"enemies":"Cultist","floor":5,"turns":3},{"damage":16,"enemies":"Lagavulin","floor":6,"turns":6},{"damage":10,"enemies":"3 Sentries","floor":12,"turns":4},{"damage":0,"enemies":"Slime Boss","floor":16,"turns":7},{"damage":9,"enemies":"2 Thieves","floor":18,"turns":4},{"damage":0,"enemies":"3 Byrds","floor":19,"turns":2},{"damage":13,"enemies":"Cultist and Chosen","floor":20,"turns":5},{"damage":7,"enemies":"Chosen and Byrds","floor":21,"turns":5},{"damage":0,"enemies":"Book of Stabbing","floor":24,"turns":4},{"damage":0,"enemies":"Gremlin Leader","floor":28,"turns":2},{"damage":7,"enemies":"Centurion and Healer","floor":31,"turns":3},{"damage":4,"enemies":"Collector","floor":33,"turns":4},{"damage":9,"enemies":"3 Darklings","floor":35,"turns":4},{"damage":3,"enemies":"3 Shapes","floor":36,"turns":3},{"damage":0,"enemies":"Maw","floor":39,"turns":3},{"damage":0,"enemies":"Giant Head","floor":40,"turns":6},{"damage":0,"enemies":"Sphere and 2 Shapes","floor":41,"turns":4},{"damage":0,"enemies":"2 Orb Walkers","floor":44,"turns":6},{"damage":0,"enemies":"3 Darklings","floor":45,"turns":5},{"damage":11,"enemies":"4 Shapes","floor":46,"turns":6},{"damage":23,"enemies":"Spire Growth","floor":47,"turns":5},{"damage":0,"enemies":"Giant Head","floor":48,"turns":6},{"damage":0,"enemies":"Awakened One","floor":50,"turns":8}],"relics_obtained":[{"floor":6,"key":"Anchor"},{"floor":9,"key":"Juzu Bracelet"},{"floor":12,"key":"Orichalcum"},{"floor":24,"key":"Toolbox"},{"floor":26,"key":"Unceasing Top"},{"floor":28,"key":"Singing Bowl"},{"floor":40,"key":"Pear"},{"floor":43,"key":"Meat on the Bone"},{"floor":44,"key":"Tiny Chest"},{"floor":48,"key":"Bag of Marbles"}],"event_choices":[{"event_name":"Living Wall","player_choice":"Grow","floor":2,"damage_taken":0},{"event_name":"Shining Light","player_choice":"Entered Light","floor":4,"damage_taken":0},{"event_name":"Upgrade Shrine","player_choice":"Upgraded","floor":7,"damage_taken":0},{"event_name":"Golden Shrine","player_choice":"Desecrate","floor":13,"damage_taken":0},{"event_name":"Ghosts","player_choice":"Ignored","floor":22,"damage_taken":0},{"event_name":"Forgotten Altar","player_choice":"Shed Blood","floor":30,"damage_taken":0},{"event_name":"Tomb of Lord Red Mask","player_choice":"Ignored","floor":37,"damage_taken":0}],"boss_relics":[{"not_picked":["Velvet Choker","Calling Bell"],"picked":"Pandora\u0027s Box"},{"not_picked":["Philosopher\u0027s Stone","Sozu"],"picked":"Inserter"}],"items_purged_floors":[14],"potions_floor_spawned":[1,5,16,18,19,24,35,39,40,48],"seed_played":"-4116050422960504605","ascension_level":1,"potions_obtained":[{"floor":1,"key":"SpeedPotion"},{"floor":5,"key":"Strength Potion"},{"floor":16,"key":"FocusPotion"},{"floor":18,"key":"Fire Potion"},{"floor":19,"key":"SpeedPotion"},{"floor":24,"key":"SkillPotion"},{"floor":35,"key":"GamblersBrew"},{"floor":48,"key":"FocusPotion"}],"is_trial":false}