{"gold_per_floor":[10,10,27,37,56,56,68,88,114,131,211,226,226,241,241,341,341,359,378,297,297,317,317,317],"floor_reached":24,"playtime":711,"items_purged":[],"score":240,"play_id":"323316c4-c10e-4a60-879f-75cfb9f9c1a1","local_time":"20181207181253","is_ascension_mode":true,"campfire_choices":[{"data":"Sunder","floor":6,"key":"SMITH"},{"floor":13,"key":"REST"},{"data":"Defragment","floor":15,"key":"SMITH"},{"floor":23,"key":"REST"}],"neow_cost":"NO_GOLD","seed_source_timestamp":1822086086931319,"circlet_count":0,"master_deck":["Strike_B","Strike_B","Strike_B","Defend_B","Defend_B","Defend_B","Zap+1","Dualcast","Sunder+1","Hello World","Ball Lightning","Loop","Leap","Defragment+1","Sweeping Beam","Core Surge","Streamline","Loop","BootSequence"],"relics":["Cracked Core","Mango","Odd Mushroom","DataDisk","Empty Cage"],"potions_floor_usage":[4,5,10,16,18,22],"damage_taken":[{"damage":1,"enemies":"Cultist","floor":1,"turns":3},{"damage":3,"enemies":"2 Louse","floor":3,"turns":2},{"damage":0,"enemies":"Jaw Worm","floor":4,"turns":3},{"damage":16,"enemies":"Exordium Thugs","floor":5,"turns":4},{"damage":7,"enemies":"2 Fungi Beasts","floor":7,"turns":3},{"damage":4,"enemies":"The Mushroom Lair","floor":8,"turns":3},{"damage":3,"enemies":"Large Slime","floor":10,"turns":3},{"damage":14,"enemies":"3 Louse","floor":12,"turns":3},{"damage":10,"enemies":"Exordium Wildlife","floor":14,"turns":3},{"damage":28,"enemies":"Hexaghost","floor":16,"turns":9},{"damage":29,"enemies":"Shell Parasite","floor":18,"turns":5},{"damage":6,"enemies":"Spheric Guardian","floor":19,"turns":3},{"damage":31,"enemies":"3 Cultists","floor":22,"turns":5},{"damage":29,"enemies":"Slavers","floor":24,"turns":3}],"seed_played":"3495598791476467240","potions_obtained":[{"floor":1,"key":"Regen Potion"},{"floor":3,"key":"Block Potion"},{"floor":8,"key":"Weak Potion"},{"floor":14,"key":"Regen Potion"},{"floor":16,"key":"PowerPotion"},{"floor":18,"key":"EssenceOfSteel"}],"is_trial":false,"path_per_floor":["M","?","M","M","M","R","M","?","T","M","?","M","R","M","R","B",null,"M","M","$","?","M","R","E"],"character_chosen":"DEFECT","items_purchased":["Loop"],"campfire_rested":2,"item_purchase_floors":[20],"current_hp_per_floor":[88,88,85,85,77,77,70,66,66,63,63,49,75,65,65,52,80,51,45,45,45,14,40,11],"gold":317,"neow_bonus":"ONE_RARE_RELIC","is_prod":false,"is_daily":false,"chose_seed":false,"campfire_upgraded":2,"win_rate":0,"timestamp":1544202773,"path_taken":["M","?","M","M","M","R","M","?","T","M","?","M","R","M","R","BOSS","M","M","$","?","M","R","E"],"build_version":"2018-12-06","purchased_purges":0,"victory":false,"max_hp_per_floor":[89,89,89,89,89,89,89,89,89,89,89,89,89,89,89,89,89,89,89,89,89,89,89,89],"card_choices":[{"not_picked":["Skim","Reinforced Body"],"picked":"Sunder","floor":1},{"not_picked":["Steam Power","Coolheaded"],"picked":"Hello World","floor":3},{"not_picked":["Beam Cell","Blizzard"],"picked":"Ball Lightning","floor":4},{"not_picked":["Undo","Barrage"],"picked":"Loop","floor":5},{"not_picked":["Turbo","Undo","Redo"],"picked":"SKIP","floor":7},{"not_picked":["Redo","Compile Driver"],"picked":"Leap","floor":8},{"not_picked":["Leap","Stack"],"picked":"Defragment","floor":10},{"not_picked":["Hologram","Beam Cell","Lockon"],"picked":"SKIP","floor":12},{"not_picked":["Aggregate","Steam"],"picked":"Sweeping Beam","floor":14},{"not_picked":["Rainbow","Fission"],"picked":"Core Surge","floor":16},{"not_picked":["Compile Driver","Glacier"],"picked":"Streamline","floor":18},{"not_picked":["Barrage","Rebound","Compile Driver"],"picked":"SKIP","floor":19},{"not_picked":["Heatsinks","FTL"],"picked":"BootSequence","floor":22}],"player_experience":399647,"relics_obtained":[{"floor":8,"key":"Odd Mushroom"},{"floor":9,"key":"DataDisk"}],"event_choices":[{"damage_healed":0,"gold_gain":0,"player_choice":"Grow","damage_taken":0,"max_hp_gain":0,"max_hp_loss":0,"event_name":"Living Wall","floor":2,"gold_loss":0,"cards_upgraded":["Zap"]},{"damage_healed":0,"gold_gain":0,"player_choice":"Fought Mushrooms","damage_taken":0,"max_hp_gain":0,"max_hp_loss":0,"event_name":"Mushrooms","floor":8,"gold_loss":0},{"damage_healed":0,"gold_gain":80,"player_choice":"Gained Gold","damage_taken":0,"max_hp_gain":0,"max_hp_loss":0,"event_name":"Golden Wing","floor":11,"gold_loss":0},{"damage_healed":0,"gold_gain":0,"player_choice":"Ignored","damage_taken":0,"max_hp_gain":0,"max_hp_loss":0,"event_name":"Ghosts","floor":21,"gold_loss":0}],"is_beta":false,"boss_relics":[{"not_picked":["Busted Crown","Runic Pyramid"],"picked":"Empty Cage"}],"items_purged_floors":[],"is_endless":false,"potions_floor_spawned":[1,3,8,14,16,18],"killed_by":"Slavers","ascension_level":5}