{"gold_per_floor":[368,67,79,101,113,125,172,184,196,208,230,273,301,344,356,463,475,502,614,626],"floor_reached":20,"playtime":740,"items_purged":[],"score":247,"play_id":"07c16151-78ab-4a1d-92fd-cf201eb1e26b","local_time":"20180724195842","is_ascension_mode":true,"campfire_choices":[{"data":"Zap","floor":6,"key":"SMITH"},{"floor":8,"key":"REST"},{"data":"Dualcast","floor":10,"key":"SMITH"},{"floor":15,"key":"REST"}],"neow_cost":"TEN_PERCENT_HP_LOSS","seed_source_timestamp":1041949702525290,"circlet_count":0,"master_deck":["Strike_B","Strike_B","Strike_B","Defend_B","Defend_B","Defend_B","Defend_B","Zap+1","Dualcast+1","Ball Lightning","Double Energy","Streamline","Capacitor","Amplify","Ball Lightning+1"],"relics":["Cracked Core","Omamori","MawBank","Potion Belt","Bird Faced Urn","Kunai","Singing Bowl","Juzu Bracelet","Fusion Hammer"],"potions_floor_usage":[12,14,16,20],"damage_taken":[{"damage":1,"enemies":"Cultist","floor":1,"turns":3},{"damage":1,"enemies":"2 Louse","floor":4,"turns":2},{"damage":29,"enemies":"3 Sentries","floor":7,"turns":7},{"damage":2,"enemies":"Jaw Worm","floor":11,"turns":2},{"damage":7,"enemies":"Gremlin Nob","floor":12,"turns":3},{"damage":7,"enemies":"Blue Slaver","floor":13,"turns":3},{"damage":18,"enemies":"3 Sentries","floor":14,"turns":5},{"damage":50,"enemies":"Slime Boss","floor":16,"turns":10},{"damage":30,"enemies":"3 Byrds","floor":18,"turns":5},{"damage":40,"floor":20,"turns":3}],"seed_played":"1003585684197175747","potions_obtained":[{"floor":4,"key":"SteroidPotion"},{"floor":7,"key":"Strength Potion"},{"floor":12,"key":"Block Potion"},{"floor":13,"key":"FairyPotion"},{"floor":18,"key":"SpeedPotion"}],"is_trial":false,"path_per_floor":["M","$","T","M","?","R","E","R","T","R","M","E","M","E","R","B",null,"M","?"],"character_chosen":"DEFECT","items_purchased":["Omamori","MawBank"],"campfire_rested":2,"item_purchase_floors":[2,2],"current_hp_per_floor":[67,67,67,66,59,59,30,50,50,50,48,43,36,22,43,7,56,28,28,0],"gold":626,"neow_bonus":"TWO_FIFTY_GOLD","is_prod":false,"is_daily":false,"chose_seed":false,"campfire_upgraded":2,"win_rate":0,"timestamp":1532487522,"path_taken":["M","$","?","M","?","R","E","R","T","R","?","E","M","E","R","BOSS","M","?","?"],"build_version":"2018-07-19v2","purchased_purges":0,"victory":false,"max_hp_per_floor":[68,68,68,68,68,68,68,68,68,68,68,70,70,72,72,72,72,72,72,72],"card_choices":[{"not_picked":["Conserve Battery","Undo"],"picked":"Ball Lightning","floor":1},{"not_picked":["Redo","Doom and Gloom"],"picked":"Double Energy","floor":4},{"not_picked":["Meteor Strike","Hologram","Redo"],"picked":"SKIP","floor":7},{"not_picked":["Barrage","Steam Power","Streamline"],"picked":"SKIP","floor":11},{"not_picked":["Barrage","Steam Power"],"picked":"Streamline","floor":11},{"not_picked":["Sweeping Beam","Rip and Tear","Turbo"],"picked":"Singing Bowl","floor":12},{"not_picked":["Sunder","Auto Shields"],"picked":"Capacitor","floor":13},{"not_picked":["Sweeping Beam","Double Energy","Fission"],"picked":"Singing Bowl","floor":14},{"not_picked":["Fission","Buffer"],"picked":"Amplify","floor":16},{"not_picked":["FTL","Capacitor"],"picked":"Ball Lightning+1","floor":18}],"player_experience":377032,"relics_obtained":[{"floor":3,"key":"Potion Belt"},{"floor":7,"key":"Bird Faced Urn"},{"floor":9,"key":"Kunai"},{"floor":12,"key":"Singing Bowl"},{"floor":14,"key":"Juzu Bracelet"}],"event_choices":[{"event_name":"Golden Wing","player_choice":"Card Removal","floor":5,"damage_taken":0},{"event_name":"Golden Shrine","player_choice":"Pray","floor":19,"damage_taken":0},{"event_name":"Masked Bandits","player_choice":"Fought over 626 gold","floor":20,"damage_taken":0}],"is_beta":false,"boss_relics":[{"not_picked":["Eternal Feather","Philosopher\u0027s Stone"],"picked":"Fusion Hammer"}],"items_purged_floors":[],"is_endless":false,"potions_floor_spawned":[4,7,12,13,18],"ascension_level":6}