{"gold_per_floor":[117,117,117,129,144,144,94,125,125,125,138,138,138,148,148,252,252,272,283,138,138,138,172,172,192,192,192,206,221,13,13,13,13],"floor_reached":33,"playtime":1625,"items_purged":["Defend_B"],"score":384,"play_id":"283991e1-5bad-49b5-b809-9cff15ed0180","local_time":"20180917010758","is_ascension_mode":true,"campfire_choices":[{"data":"Self Repair","floor":6,"key":"SMITH"},{"data":"Dualcast","floor":10,"key":"SMITH"},{"data":"Zap","floor":12,"key":"SMITH"},{"floor":15,"key":"REST"},{"floor":24,"key":"REST"},{"floor":27,"key":"REST"},{"data":"Go for the Eyes","floor":32,"key":"SMITH"}],"neow_cost":"NONE","seed_source_timestamp":129960340827998,"circlet_count":0,"master_deck":["Strike_B+1","Strike_B","Strike_B+1","Defend_B","Defend_B","Defend_B","Zap+1","Dualcast+1","Go for the Eyes+1","Self Repair+1","Sunder","Thunder Strike","Conserve Battery+1","Self Repair","Self Repair","Dualcast+1","Machine Learning","Reinforced Body+1"],"relics":["Cracked Core","Mango","Whetstone","Emotion Chip","Black Star","Gremlin Horn","Dodecahedron","Symbiotic Virus","Ice Cream","Membership Card"],"potions_floor_usage":[16,16,23,23,33],"damage_taken":[{"damage":1,"enemies":"Jaw Worm","floor":1,"turns":4},{"damage":1,"enemies":"Cultist","floor":4,"turns":3},{"damage":11,"enemies":"Small Slimes","floor":5,"turns":3},{"damage":29,"enemies":"Lagavulin","floor":8,"turns":8},{"damage":1,"enemies":"Blue Slaver","floor":11,"turns":2},{"damage":9,"enemies":"Exordium Thugs","floor":14,"turns":5},{"damage":44,"enemies":"Hexaghost","floor":16,"turns":9},{"damage":8,"enemies":"Chosen","floor":18,"turns":4},{"damage":24,"enemies":"2 Thieves","floor":19,"turns":4},{"damage":61,"enemies":"Gremlin Leader","floor":23,"turns":7},{"damage":17,"enemies":"Centurion and Healer","floor":25,"turns":5},{"damage":6,"enemies":"Snake Plant","floor":28,"turns":4},{"damage":17,"enemies":"Snecko","floor":29,"turns":4},{"damage":117,"enemies":"Champ","floor":33,"turns":14}],"seed_played":"-412744586424308430","potions_obtained":[{"floor":1,"key":"SteroidPotion"},{"floor":11,"key":"FocusPotion"},{"floor":14,"key":"Weak Potion"},{"floor":16,"key":"Swift Potion"},{"floor":19,"key":"Explosive Potion"},{"floor":29,"key":"Ancient Potion"}],"is_trial":false,"path_per_floor":["M","?","?","M","M","R","?","E","T","R","M","R","?","M","R","B",null,"M","M","$","T","?","E","R","M","T","R","M","M","$","?","R"],"character_chosen":"DEFECT","items_purchased":["Self Repair","Membership Card"],"campfire_rested":3,"item_purchase_floors":[20,30],"current_hp_per_floor":[67,81,81,87,83,83,83,64,64,64,63,63,63,64,89,55,81,83,69,69,69,69,32,58,65,65,89,89,89,89,89,89,0],"gold":13,"neow_bonus":"ONE_RANDOM_RARE_CARD","is_prod":false,"is_daily":false,"chose_seed":false,"campfire_upgraded":4,"win_rate":0,"timestamp":1537139278,"path_taken":["M","?","?","?","M","R","?","E","T","R","M","R","?","M","R","BOSS","M","M","$","?","?","E","R","M","T","R","M","M","$","?","R","BOSS"],"build_version":"2018-09-06","purchased_purges":1,"victory":false,"max_hp_per_floor":[75,89,89,89,89,89,89,89,89,89,89,89,89,89,89,89,89,89,89,89,89,89,89,89,89,89,89,89,89,89,89,89,89],"card_choices":[{"not_picked":["Lockon","Stack"],"picked":"Go for the Eyes","floor":1},{"not_picked":["Go for the Eyes","Hologram","Rebound"],"picked":"SKIP","floor":4},{"not_picked":["Go for the Eyes","Lockon","Rebound"],"picked":"SKIP","floor":5},{"not_picked":["Cold Snap","Gash","Hello World"],"picked":"SKIP","floor":8},{"not_picked":["Ball Lightning","Beam Cell","Compile Driver"],"picked":"SKIP","floor":11},{"not_picked":["Redo","Steam"],"picked":"Sunder","floor":14},{"not_picked":["Multi-Cast","Core Surge"],"picked":"Thunder Strike","floor":16},{"not_picked":["Darkness","Redo"],"picked":"Conserve Battery+1","floor":18},{"not_picked":["Ball Lightning","Blizzard"],"picked":"Self Repair","floor":19},{"not_picked":["Gash","Force Field"],"picked":"Machine Learning","floor":23},{"not_picked":["Ball Lightning+1","Undo"],"picked":"Reinforced Body+1","floor":25},{"not_picked":["Blizzard","Turbo","Compile Driver"],"picked":"SKIP","floor":28},{"not_picked":["Leap","Sunder","Hologram"],"picked":"SKIP","floor":29}],"player_experience":263897,"relics_obtained":[{"floor":8,"key":"Whetstone"},{"floor":9,"key":"Emotion Chip"},{"floor":21,"key":"Gremlin Horn"},{"floor":23,"key":"Dodecahedron"},{"floor":23,"key":"Symbiotic Virus"},{"floor":26,"key":"Ice Cream"}],"event_choices":[{"event_name":"WeMeetAgain","player_choice":"Potion","floor":2,"damage_taken":0},{"event_name":"Transmorgrifier","player_choice":"Transform","floor":3,"damage_taken":0},{"event_name":"The Cleric","player_choice":"Card Removal","floor":7,"damage_taken":0},{"event_name":"Liars Game","player_choice":"disagreed","floor":13,"damage_taken":0},{"event_name":"Duplicator","player_choice":"One dupe","floor":22,"damage_taken":0}],"is_beta":false,"boss_relics":[{"not_picked":["Eternal Feather","Cursed Key"],"picked":"Black Star"}],"items_purged_floors":[20],"is_endless":false,"potions_floor_spawned":[1,11,14,16,19,29],"killed_by":"Champ","ascension_level":9}