{"gold_per_floor":[113,128,139,152,66,66,92,92,92,127,52,52,68,78,78,157,157,157,157,82,27,0,0,0],"floor_reached":24,"playtime":1112,"items_purged":["Zap"],"score":398,"play_id":"6124938d-6945-4155-a616-17eac791a3ca","local_time":"20181029183818","is_ascension_mode":true,"campfire_choices":[{"data":"Sunder","floor":6,"key":"SMITH"},{"data":"Beam Cell","floor":8,"key":"SMITH"},{"floor":12,"key":"REST"},{"data":"Hologram","floor":15,"key":"SMITH"},{"floor":23,"key":"REST"}],"neow_cost":"NONE","seed_source_timestamp":261871522937412,"circlet_count":0,"master_deck":["Strike_B","Strike_B","Strike_B","Strike_B","Defend_B","Defend_B","Defend_B","Defend_B","AscendersBane","Beam Cell+1","Hologram+1","Rip and Tear","FTL","Sunder+1","Echo Form","Streamline","Reboot","Melter+1","Steam"],"relics":["Cracked Core","Blue Candle","Shuriken","Kunai","Ectoplasm"],"potions_floor_usage":[7,10,16,24],"damage_taken":[{"damage":4,"enemies":"Small Slimes","floor":1,"turns":3},{"damage":10,"enemies":"2 Louse","floor":2,"turns":2},{"damage":2,"enemies":"Jaw Worm","floor":3,"turns":2},{"damage":6,"enemies":"Looter","floor":4,"turns":2},{"damage":25,"enemies":"3 Sentries","floor":7,"turns":6},{"damage":12,"enemies":"Lagavulin","floor":10,"turns":4},{"damage":1,"enemies":"Exordium Thugs","floor":13,"turns":3},{"damage":5,"enemies":"Gremlin Gang","floor":14,"turns":3},{"damage":14,"enemies":"The Guardian","floor":16,"turns":9},{"damage":20,"enemies":"Shell Parasite","floor":18,"turns":3},{"damage":17,"enemies":"Colosseum Slavers","floor":19,"turns":3},{"damage":51,"enemies":"Slavers","floor":24,"turns":3}],"seed_played":"-5451116762494516592","potions_obtained":[{"floor":1,"key":"Energy Potion"},{"floor":2,"key":"FocusPotion"},{"floor":4,"key":"SpeedPotion"},{"floor":7,"key":"GamblersBrew"},{"floor":18,"key":"SteroidPotion"}],"is_trial":false,"path_per_floor":["M","M","M","M","$","R","E","R","T","E","$","R","M","M","R","B",null,"M","?","?","$","?","R"],"character_chosen":"DEFECT","items_purchased":["Sunder","Steam"],"campfire_rested":2,"item_purchase_floors":[5,21],"current_hp_per_floor":[67,57,55,49,49,49,24,24,24,12,12,35,34,29,29,15,62,42,25,25,25,25,48,0],"gold":0,"neow_bonus":"TEN_PERCENT_HP_BONUS","is_prod":false,"is_daily":false,"chose_seed":false,"campfire_upgraded":3,"win_rate":0,"timestamp":1540834698,"path_taken":["M","M","M","M","$","R","E","R","T","E","$","R","M","M","R","BOSS","M","?","?","$","?","R","E"],"build_version":"2018-10-25v2","purchased_purges":1,"victory":false,"max_hp_per_floor":[78,78,78,78,78,78,78,78,78,78,78,78,78,78,78,78,78,78,78,78,78,78,78,78],"card_choices":[{"not_picked":["Lockon","Coolheaded"],"picked":"Beam Cell","floor":1},{"not_picked":["Rebound","Gash"],"picked":"Hologram","floor":2},{"not_picked":["Rebound","Rainbow"],"picked":"Rip and Tear","floor":3},{"not_picked":["Cold Snap","Blizzard"],"picked":"FTL","floor":4},{"not_picked":["Compile Driver","Coolheaded","Skim"],"picked":"SKIP","floor":7},{"not_picked":["Redo","Coolheaded","Static Discharge"],"picked":"SKIP","floor":10},{"not_picked":["Sunder","Darkness"],"picked":"Echo Form","floor":13},{"not_picked":["Coolheaded","Capacitor"],"picked":"Streamline","floor":14},{"not_picked":["Thunder Strike","Multi-Cast"],"picked":"Reboot","floor":16},{"not_picked":["Streamline","Cold Snap+1"],"picked":"Melter+1","floor":18}],"player_experience":285047,"relics_obtained":[{"floor":7,"key":"Blue Candle"},{"floor":9,"key":"Shuriken"},{"floor":10,"key":"Kunai"}],"event_choices":[{"damage_healed":0,"gold_gain":0,"player_choice":"Fight","damage_taken":0,"max_hp_gain":0,"max_hp_loss":0,"event_name":"Colosseum","floor":19,"gold_loss":0},{"damage_healed":0,"gold_gain":0,"player_choice":"Fled From Nobs","damage_taken":0,"max_hp_gain":0,"max_hp_loss":0,"event_name":"Colosseum","floor":19,"gold_loss":0},{"cards_removed":["Dualcast"],"damage_healed":0,"gold_gain":0,"player_choice":"Gave Gold","damage_taken":0,"max_hp_gain":0,"max_hp_loss":0,"event_name":"Beggar","floor":20,"gold_loss":75},{"damage_healed":0,"gold_gain":0,"player_choice":"Paid Fearfully","damage_taken":0,"max_hp_gain":0,"max_hp_loss":0,"event_name":"Masked Bandits","floor":22,"gold_loss":27}],"is_beta":true,"boss_relics":[{"not_picked":["Fusion Hammer","Busted Crown"],"picked":"Ectoplasm"}],"items_purged_floors":[11],"is_endless":false,"potions_floor_spawned":[1,2,4,7,18,19],"killed_by":"Slavers","ascension_level":19}