{"gold_per_floor":[116,116,134,153,168,168,185,217,217,217,243,260,210,227,227,325,325,339,339,45,55,65,65,65,93,93,93,111,143,143,153,153,249,249,262,262,272,77,94,126,126,141,141,141,175,193,193,221,221,221],"floor_reached":51,"playtime":2397,"items_purged":["Strike_R","Strike_R"],"score":1183,"play_id":"0dd0d7c4-0130-46ee-ae14-3f2af072d431","local_time":"20180827233343","is_ascension_mode":true,"campfire_choices":[{"data":"Bash","floor":6,"key":"SMITH"},{"floor":10,"key":"REST"},{"data":"Armaments","floor":15,"key":"SMITH"},{"floor":23,"key":"REST"},{"floor":27,"key":"REST"},{"floor":30,"key":"REST"},{"data":"Limit Break","floor":32,"key":"SMITH"},{"floor":41,"key":"REST"},{"floor":44,"key":"REST"},{"floor":47,"key":"REST"},{"floor":49,"key":"REST"}],"neow_cost":"NONE","seed_source_timestamp":124860738816843,"circlet_count":0,"master_deck":["Strike_R","Strike_R","Defend_R","Defend_R","Bash+1","Battle Trance","Flex+1","Shrug It Off","Shrug It Off+1","Armaments+1","Cleave","Double Tap","Inflame","Inflame+1","Sword Boomerang","Limit Break+1","Limit Break","Thunderclap","Flex+1","Bandage Up","Shrug It Off+1","Uppercut+1","Demon Form+1"],"relics":["Burning Blood","Happy Flower","Lantern","Omamori","Mark of Pain","War Paint","Question Card","Pear","Vajra","Cursed Key","Thread and Needle","Blue Candle","Frozen Egg 2","Juzu Bracelet","Gambling Chip"],"potions_floor_usage":[8,8,11,16,21,25,25,33,40,42,50,50],"damage_taken":[{"damage":5,"enemies":"2 Louse","floor":1,"turns":6},{"damage":13,"enemies":"Jaw Worm","floor":3,"turns":4},{"damage":0,"enemies":"Small Slimes","floor":4,"turns":4},{"damage":9,"enemies":"Blue Slaver","floor":5,"turns":5},{"damage":13,"enemies":"Exordium Thugs","floor":7,"turns":5},{"damage":20,"enemies":"Lagavulin","floor":8,"turns":6},{"damage":18,"enemies":"Gremlin Nob","floor":11,"turns":3},{"damage":0,"enemies":"Large Slime","floor":12,"turns":5},{"damage":0,"enemies":"Looter","floor":14,"turns":2},{"damage":45,"enemies":"Slime Boss","floor":16,"turns":10},{"damage":9,"enemies":"2 Thieves","floor":18,"turns":4},{"damage":23,"enemies":"Spheric Guardian","floor":21,"turns":6},{"damage":13,"enemies":"3 Cultists","floor":22,"turns":4},{"damage":40,"enemies":"Slavers","floor":25,"turns":5},{"damage":11,"enemies":"Sentry and Sphere","floor":28,"turns":3},{"damage":0,"enemies":"Gremlin Leader","floor":29,"turns":4},{"damage":15,"enemies":"Snecko","floor":31,"turns":6},{"damage":67,"enemies":"Collector","floor":33,"turns":7},{"damage":12,"enemies":"3 Darklings","floor":35,"turns":4},{"damage":8,"enemies":"Mind Bloom Boss Battle","floor":36,"turns":5},{"damage":7,"enemies":"Orb Walker","floor":37,"turns":2},{"damage":17,"enemies":"4 Shapes","floor":39,"turns":2},{"damage":50,"enemies":"2 Orb Walkers","floor":40,"turns":4},{"damage":4,"enemies":"Spire Growth","floor":42,"turns":4},{"damage":25,"enemies":"Nemesis","floor":45,"turns":7},{"damage":22,"enemies":"Flame Bruiser 2 Orb","floor":46,"turns":3},{"damage":65,"enemies":"2 Orb Walkers","floor":48,"turns":4},{"damage":45,"enemies":"Awakened One","floor":50,"turns":6}],"seed_played":"-5950611539444942372","potions_obtained":[{"floor":1,"key":"Swift Potion"},{"floor":3,"key":"GamblersBrew"},{"floor":5,"key":"Block Potion"},{"floor":14,"key":"Fire Potion"},{"floor":16,"key":"Ancient Potion"},{"floor":18,"key":"PowerPotion"},{"floor":22,"key":"EssenceOfSteel"},{"floor":31,"key":"Swift Potion"},{"floor":35,"key":"Ancient Potion"},{"floor":37,"key":"FearPotion"},{"floor":39,"key":"Weak Potion"},{"floor":45,"key":"Dexterity Potion"},{"floor":46,"key":"PowerPotion"}],"is_trial":false,"path_per_floor":["M","?","M","M","M","R","M","E","T","R","E","M","?","M","R","B",null,"M","?","$","M","M","R","?","E","T","R","M","E","R","M","R","B",null,"M","?","M","$","M","E","R","M","T","R","E","M","R","E","R","B"],"character_chosen":"IRONCLAD","items_purchased":["War Paint","Inflame","Bandage Up"],"campfire_rested":8,"item_purchase_floors":[20,20,38],"current_hp_per_floor":[73,73,66,72,69,69,62,48,48,72,60,66,66,72,72,33,68,65,50,50,33,26,51,51,17,27,55,50,56,84,75,75,14,75,69,67,66,66,55,15,43,49,49,77,64,52,80,25,53,20],"gold":221,"neow_bonus":"REMOVE_CARD","is_prod":false,"is_daily":false,"chose_seed":false,"campfire_upgraded":3,"win_rate":0,"timestamp":1535438023,"path_taken":["M","?","M","M","M","R","M","E","T","R","E","M","?","M","R","BOSS","M","?","$","?","M","R","?","E","T","R","M","E","R","M","R","BOSS","M","?","M","$","M","E","R","?","T","R","E","M","R","E","R","BOSS"],"build_version":"2018-08-23v2","purchased_purges":2,"victory":true,"max_hp_per_floor":[80,80,80,80,80,80,80,80,80,80,80,80,80,80,80,80,80,80,85,85,85,85,85,85,85,95,95,95,95,95,95,95,95,95,95,95,95,95,95,95,95,95,95,95,95,95,95,95,95,95],"card_choices":[{"not_picked":["Pummel","Pommel Strike"],"picked":"Battle Trance","floor":1},{"not_picked":["Thunderclap","Warcry"],"picked":"Flex","floor":3},{"not_picked":["Headbutt","Burning Pact","Bludgeon"],"picked":"SKIP","floor":4},{"not_picked":["Body Slam","Anger"],"picked":"Shrug It Off","floor":5},{"not_picked":["Whirlwind","Second Wind","Intimidate"],"picked":"SKIP","floor":7},{"not_picked":["Hemokinesis","Anger"],"picked":"Shrug It Off","floor":8},{"not_picked":["Entrench","Pummel","Body Slam"],"picked":"SKIP","floor":11},{"not_picked":["Headbutt","Pommel Strike"],"picked":"Armaments","floor":12},{"not_picked":["Pommel Strike","Impervious"],"picked":"Cleave","floor":14},{"not_picked":["Offering","Bludgeon"],"picked":"Double Tap","floor":16},{"not_picked":["Heavy Blade","Headbutt","True Grit+1"],"picked":"SKIP","floor":18},{"not_picked":["Clash","Cleave"],"picked":"Inflame+1","floor":21},{"not_picked":["Rupture","Carnage"],"picked":"Sword Boomerang","floor":22},{"not_picked":["Heavy Blade+1","Dark Embrace","True Grit"],"picked":"SKIP","floor":25},{"not_picked":["Sword Boomerang","Blood for Blood","Dual Wield","Iron Wave"],"picked":"SKIP","floor":28},{"not_picked":["Pommel Strike","Seeing Red","Thunderclap"],"picked":"Limit Break","floor":29},{"not_picked":["Pommel Strike","Clash","Iron Wave+1","Hemokinesis"],"picked":"SKIP","floor":31},{"not_picked":["Barricade","Demon Form","Immolate"],"picked":"Limit Break","floor":33},{"not_picked":["Warcry+1","Anger","Twin Strike"],"picked":"Thunderclap","floor":35},{"not_picked":["Seeing Red","Wild Strike","Anger+1"],"picked":"Flex+1","floor":36},{"not_picked":["Seeing Red+1","Carnage","Flame Barrier","Searing Blow"],"picked":"SKIP","floor":37},{"not_picked":["Armaments+1","Flex+1","Clash+1"],"picked":"Shrug It Off+1","floor":39},{"not_picked":["Rage+1","Feel No Pain+1","Body Slam+1"],"picked":"Uppercut+1","floor":40},{"not_picked":["Havoc+1","Dual Wield+1","Battle Trance+1","Feed"],"picked":"SKIP","floor":42},{"not_picked":["Intimidate","Perfected Strike+1","Heavy Blade"],"picked":"Demon Form+1","floor":45},{"not_picked":["Heavy Blade","Thunderclap+1","Feed","Sword Boomerang+1"],"picked":"SKIP","floor":46},{"not_picked":["Iron Wave","True Grit+1","Warcry","Headbutt"],"picked":"SKIP","floor":48}],"player_experience":445407,"relics_obtained":[{"floor":8,"key":"Happy Flower"},{"floor":9,"key":"Lantern"},{"floor":11,"key":"Omamori"},{"floor":25,"key":"Question Card"},{"floor":26,"key":"Pear"},{"floor":29,"key":"Vajra"},{"floor":36,"key":"Thread and Needle"},{"floor":40,"key":"Blue Candle"},{"floor":43,"key":"Frozen Egg 2"},{"floor":45,"key":"Juzu Bracelet"},{"floor":48,"key":"Gambling Chip"}],"event_choices":[{"event_name":"Living Wall","player_choice":"Forget","floor":2,"damage_taken":0},{"event_name":"The Cleric","player_choice":"Card Removal","floor":13,"damage_taken":0},{"event_name":"Forgotten Altar","player_choice":"Shed Blood","floor":19,"damage_taken":0},{"event_name":"Beggar","player_choice":"Ignored","floor":24,"damage_taken":0},{"event_name":"MindBloom","player_choice":"Fight","floor":36,"damage_taken":0}],"is_beta":false,"boss_relics":[{"not_picked":["Eternal Feather","Velvet Choker"],"picked":"Mark of Pain"},{"not_picked":["Coffee Dripper","Fusion Hammer"],"picked":"Cursed Key"}],"items_purged_floors":[20,38],"is_endless":false,"potions_floor_spawned":[1,3,5,14,16,18,22,31,35,37,39,45,46],"ascension_level":9}