{"gold_per_floor":[118,128,148,148,160,160,176,191,191,191,222,241,226],"floor_reached":13,"playtime":3104,"items_purged":[],"score":142,"play_id":"d3f344b9-bce7-4a18-8e1b-0bbbbf2acb54","local_time":"20180919172444","is_ascension_mode":true,"campfire_choices":[{"floor":6,"key":"REST"},{"floor":10,"key":"REST"}],"neow_cost":"","seed_source_timestamp":359889583399201,"circlet_count":0,"master_deck":["Strike_B","Strike_B","Strike_B","Strike_B","Defend_B","Defend_B","Defend_B","Defend_B","Zap","Dualcast","AscendersBane","Doom and Gloom","Sunder","Streamline","Capacitor"],"relics":["Cracked Core","Shuriken","Darkstone Periapt"],"potions_floor_usage":[11],"damage_taken":[{"damage":14,"enemies":"Small Slimes","floor":1,"turns":4},{"damage":2,"enemies":"2 Louse","floor":2,"turns":2},{"damage":0,"enemies":"Cultist","floor":3,"turns":4},{"damage":20,"enemies":"Gremlin Gang","floor":5,"turns":3},{"damage":13,"enemies":"2 Fungi Beasts","floor":7,"turns":4},{"damage":17,"enemies":"Large Slime","floor":8,"turns":5},{"damage":32,"enemies":"Gremlin Nob","floor":11,"turns":4},{"damage":21,"enemies":"Gremlin Gang","floor":12,"turns":3},{"damage":18,"enemies":"Exordium Thugs","floor":13,"turns":1}],"seed_played":"-4802670015639643684","potions_obtained":[{"floor":2,"key":"PowerPotion"},{"floor":12,"key":"FairyPotion"}],"is_trial":false,"path_per_floor":["M","M","M","?","M","R","M","M","T","R","E","M"],"character_chosen":"DEFECT","items_purchased":[],"campfire_rested":2,"item_purchase_floors":[],"current_hp_per_floor":[54,52,52,57,37,61,48,31,31,55,23,2,0],"gold":226,"neow_bonus":"","is_prod":false,"is_daily":false,"chose_seed":false,"campfire_upgraded":0,"win_rate":0,"timestamp":1537370684,"path_taken":["M","M","M","?","M","R","?","M","T","R","E","M","M"],"build_version":"2018-09-06","purchased_purges":0,"victory":false,"max_hp_per_floor":[75,75,75,80,80,80,80,80,80,80,80,80,80],"card_choices":[{"not_picked":["Hologram","Redo","Sweeping Beam"],"picked":"SKIP","floor":1},{"not_picked":["FTL","Aggregate"],"picked":"Doom and Gloom","floor":2},{"not_picked":["Gash","Skim"],"picked":"Sunder","floor":3},{"not_picked":["Fusion","Aggregate","Go for the Eyes"],"picked":"SKIP","floor":5},{"not_picked":["Aggregate","Rip and Tear"],"picked":"Streamline","floor":7},{"not_picked":["Gash","Stack"],"picked":"Capacitor","floor":8},{"not_picked":["Hyperbeam","Darkness","Steam"],"picked":"SKIP","floor":11},{"not_picked":["Stack","Beam Cell","Sweeping Beam"],"picked":"SKIP","floor":12}],"player_experience":413865,"relics_obtained":[{"floor":9,"key":"Shuriken"},{"floor":11,"key":"Darkstone Periapt"}],"event_choices":[{"event_name":"Big Fish","player_choice":"Donut","floor":4,"damage_taken":0}],"is_beta":false,"boss_relics":[],"items_purged_floors":[],"is_endless":false,"potions_floor_spawned":[2,12],"killed_by":"Exordium Thugs","ascension_level":12}