{"gold_per_floor":[11,11,11,26,26,57,75,0,0,0,21,21,31,45,45,147,147,167,167,167,167,183,183,215,215,215,215,231,244,244,244,244,244],"floor_reached":33,"playtime":723,"items_purged":["Strike_B"],"score":355,"play_id":"f00db398-15af-47c4-aeb2-a6a89e5bc12a","local_time":"20181213190755","is_ascension_mode":true,"campfire_choices":[{"floor":10,"key":"REST"},{"floor":15,"key":"REST"},{"data":"Dualcast","floor":23,"key":"SMITH"},{"floor":25,"key":"REST"},{"floor":27,"key":"REST"},{"floor":32,"key":"REST"}],"neow_cost":"NO_GOLD","seed_source_timestamp":43087506594097,"circlet_count":0,"master_deck":["Strike_B","Strike_B","Strike_B","Defend_B","Defend_B","Defend_B","Defend_B","Zap+1","Dualcast+1","Hyperbeam+1","Ball Lightning","Sweeping Beam","Steam Power","Doom and Gloom","Gash","Gash","Melter","Seek","Conserve Battery","Shame","Turbo","Undo","Ball Lightning","BootSequence","Stack","Go for the Eyes+1"],"relics":["Cracked Core","CultistMask","WingedGreaves","Matryoshka","Odd Mushroom","Orichalcum","Busted Crown","Mercury Hourglass","Lantern","Dream Catcher","Thread and Needle","Gremlin Horn"],"potions_floor_usage":[11,24,24,24,33],"damage_taken":[{"damage":0,"enemies":"2 Louse","floor":1,"turns":1},{"damage":0,"enemies":"Jaw Worm","floor":4,"turns":1},{"damage":32,"enemies":"Gremlin Nob","floor":6,"turns":4},{"damage":0,"enemies":"Cultist","floor":7,"turns":2},{"damage":0,"enemies":"The Mushroom Lair","floor":11,"turns":2},{"damage":1,"enemies":"2 Fungi Beasts","floor":13,"turns":2},{"damage":2,"enemies":"Blue Slaver","floor":14,"turns":2},{"damage":3,"enemies":"Slime Boss","floor":16,"turns":5},{"damage":0,"enemies":"3 Byrds","floor":18,"turns":2},{"damage":16,"enemies":"2 Thieves","floor":22,"turns":2},{"damage":59,"enemies":"Gremlin Leader","floor":24,"turns":6},{"damage":19,"enemies":"Centurion and Healer","floor":28,"turns":3},{"damage":0,"enemies":"Cultist and Chosen","floor":29,"turns":3},{"damage":47,"enemies":"Automaton","floor":33,"turns":8}],"seed_played":"7757290820084122608","potions_obtained":[{"floor":6,"key":"Block Potion"},{"floor":11,"key":"SkillPotion"},{"floor":13,"key":"Regen Potion"},{"floor":14,"key":"PowerPotion"},{"floor":29,"key":"Fire Potion"}],"is_trial":false,"path_per_floor":["M","$","?","M","?","E","M","$","T","R","?","T","M","M","R","B",null,"M","?","?","?","M","R","E","R","T","R","M","M","?","T","R","B"],"character_chosen":"DEFECT","items_purchased":[],"campfire_rested":5,"item_purchase_floors":[],"current_hp_per_floor":[68,68,68,68,68,36,36,36,36,58,58,58,57,55,75,72,74,74,74,74,74,58,58,8,30,30,52,33,33,33,33,55,8],"gold":244,"neow_bonus":"THREE_RARE_CARDS","is_prod":false,"is_daily":false,"chose_seed":false,"campfire_upgraded":1,"win_rate":0,"timestamp":1544724475,"path_taken":["M","$","?","M","?","E","?","$","T","R","?","?","M","M","R","BOSS","M","?","?","?","M","R","E","R","T","R","?","M","?","?","R","BOSS"],"build_version":"2018-12-06","purchased_purges":1,"victory":false,"max_hp_per_floor":[75,75,75,75,75,75,75,75,75,75,75,75,75,75,75,75,75,75,75,75,75,75,75,75,75,75,75,75,75,75,75,75,75],"card_choices":[{"not_picked":["Multi-Cast","Reboot"],"picked":"Hyperbeam","floor":0},{"not_picked":["Aggregate","Blizzard"],"picked":"Ball Lightning","floor":1},{"not_picked":["Coolheaded","Conserve Battery"],"picked":"Sweeping Beam","floor":4},{"not_picked":["Tempest","Barrage"],"picked":"Steam Power","floor":6},{"not_picked":["Darkness","Compile Driver"],"picked":"Doom and Gloom","floor":7},{"not_picked":["Redo","Storm"],"picked":"Gash","floor":11},{"not_picked":["Multi-Cast","Chaos"],"picked":"Gash","floor":13},{"not_picked":["Capacitor","Skim"],"picked":"Melter","floor":14},{"not_picked":["Amplify","Reboot"],"picked":"Seek","floor":16},{"not_picked":[],"picked":"Conserve Battery","floor":18},{"not_picked":[],"picked":"Turbo","floor":22},{"not_picked":[],"picked":"Undo","floor":24},{"not_picked":[],"picked":"Ball Lightning","floor":27},{"not_picked":[],"picked":"BootSequence","floor":28},{"not_picked":[],"picked":"Stack","floor":29},{"not_picked":[],"picked":"Go for the Eyes+1","floor":32}],"player_experience":444002,"relics_obtained":[{"floor":6,"key":"WingedGreaves"},{"floor":9,"key":"Matryoshka"},{"floor":11,"key":"Odd Mushroom"},{"floor":12,"key":"Orichalcum"},{"floor":24,"key":"Lantern"},{"floor":26,"key":"Dream Catcher"},{"floor":26,"key":"Thread and Needle"},{"floor":31,"key":"Gremlin Horn"}],"event_choices":[{"damage_healed":0,"gold_gain":0,"player_choice":"Grow","damage_taken":0,"max_hp_gain":0,"max_hp_loss":0,"event_name":"Living Wall","floor":3,"gold_loss":0,"cards_upgraded":["Hyperbeam"]},{"damage_healed":0,"gold_gain":0,"player_choice":"Trade","damage_taken":0,"relics_obtained":["CultistMask"],"max_hp_gain":0,"max_hp_loss":0,"event_name":"FaceTrader","floor":5,"gold_loss":0},{"damage_healed":0,"gold_gain":0,"player_choice":"Fought Mushrooms","damage_taken":0,"max_hp_gain":0,"max_hp_loss":0,"event_name":"Mushrooms","floor":11,"gold_loss":0},{"damage_healed":0,"gold_gain":0,"player_choice":"Stole Relic","damage_taken":0,"relics_obtained":["Mercury Hourglass"],"max_hp_gain":0,"max_hp_loss":0,"event_name":"Addict","floor":19,"gold_loss":0,"cards_obtained":["Shame"]},{"damage_healed":0,"gold_gain":0,"player_choice":"Ignored","damage_taken":0,"max_hp_gain":0,"max_hp_loss":0,"event_name":"Vampires","floor":20,"gold_loss":0},{"damage_healed":0,"gold_gain":0,"player_choice":"Forge","damage_taken":0,"max_hp_gain":0,"max_hp_loss":0,"event_name":"Accursed Blacksmith","floor":21,"gold_loss":0,"cards_upgraded":["Zap"]},{"damage_healed":0,"gold_gain":0,"player_choice":"Ignored","damage_taken":0,"max_hp_gain":0,"max_hp_loss":0,"event_name":"Ghosts","floor":30,"gold_loss":0}],"is_beta":false,"boss_relics":[{"not_picked":["Lizard Tail","Astrolabe"],"picked":"Busted Crown"}],"items_purged_floors":[8],"is_endless":false,"potions_floor_spawned":[6,11,13,14,22,29],"killed_by":"Automaton","ascension_level":7}