{"gold_per_floor":[114,114,124,136,136,155,166,179,206,206,52,65,65,100,100,229,229,248,268,193,209,131,131],"floor_reached":23,"playtime":971,"items_purged":[],"score":220,"play_id":"8acb00bf-1a46-4093-90bd-a47c690bbea6","local_time":"20180912071428","is_ascension_mode":false,"campfire_choices":[{"floor":13,"key":"REST"},{"floor":15,"key":"REST"}],"neow_cost":"NONE","seed_source_timestamp":2975258084415,"circlet_count":0,"master_deck":["Strike_B","Strike_B","Strike_B","Strike_B","Defend_B","Defend_B","Defend_B","Defend_B","Zap+1","Dualcast","Consume","Redo","Zap","Redo","White Noise","Ball Lightning","Consume+1","Loop"],"relics":["Cracked Core","Bag of Preparation","Golden Idol","Lantern","FossilizedHelix","Sozu"],"potions_floor_usage":[14,14,14,21],"damage_taken":[{"damage":6,"enemies":"Jaw Worm","floor":1,"turns":2},{"damage":0,"enemies":"Cultist","floor":3,"turns":3},{"damage":0,"enemies":"2 Louse","floor":4,"turns":1},{"damage":8,"enemies":"Lots of Slimes","floor":6,"turns":2},{"damage":9,"enemies":"Blue Slaver","floor":7,"turns":3},{"damage":5,"enemies":"3 Louse","floor":8,"turns":2},{"damage":10,"enemies":"Looter","floor":12,"turns":2},{"damage":0,"enemies":"3 Sentries","floor":14,"turns":1},{"damage":38,"enemies":"The Guardian","floor":16,"turns":9},{"damage":7,"enemies":"Shell Parasite","floor":18,"turns":4},{"damage":10,"enemies":"Chosen","floor":19,"turns":4},{"damage":20,"enemies":"Sentry and Sphere","floor":21,"turns":4},{"damage":40,"enemies":"Gremlin Leader","floor":23,"turns":4}],"seed_played":"-7034120553456951837","potions_obtained":[{"floor":3,"key":"PowerPotion"},{"floor":4,"key":"FocusPotion"},{"floor":7,"key":"SpeedPotion"},{"floor":12,"key":"PowerPotion"},{"floor":14,"key":"GamblersBrew"}],"is_trial":false,"path_per_floor":["M","?","M","M","?","M","M","M","T","?","$","M","R","E","R","B",null,"M","M","?","M","$"],"character_chosen":"DEFECT","items_purchased":["Lantern","Loop"],"campfire_rested":2,"item_purchase_floors":[11,22],"current_hp_per_floor":[69,69,69,69,62,54,45,40,40,22,22,12,34,34,56,18,75,68,58,58,38,38,0],"gold":131,"neow_bonus":"UPGRADE_CARD","is_prod":false,"is_daily":false,"chose_seed":false,"campfire_upgraded":0,"win_rate":0.0,"timestamp":1536732868,"path_taken":["M","?","?","?","?","M","M","M","T","?","$","M","R","E","R","BOSS","M","M","?","M","$","E"],"build_version":"2018-09-06","purchased_purges":0,"victory":false,"max_hp_per_floor":[75,75,75,75,75,75,75,75,75,75,75,75,75,75,75,75,75,75,75,75,75,75,75],"card_choices":[{"not_picked":["Stack","Blizzard"],"picked":"Consume","floor":1},{"not_picked":["Gash","Compile Driver"],"picked":"Redo","floor":3},{"not_picked":["Undo","Loop","Cold Snap"],"picked":"SKIP","floor":4},{"not_picked":["Melter","Machine Learning","Steam Power"],"picked":"SKIP","floor":6},{"not_picked":["Conserve Battery","Go for the Eyes","Compile Driver"],"picked":"SKIP","floor":7},{"not_picked":["Beam Cell","Blizzard"],"picked":"White Noise","floor":8},{"not_picked":["Barrage","Streamline","Hello World"],"picked":"SKIP","floor":12},{"not_picked":["Leap","Gash"],"picked":"Ball Lightning","floor":14},{"not_picked":["Fusion","Sweeping Beam","Beam Cell+1"],"picked":"SKIP","floor":18},{"not_picked":["Lockon","Doom and Gloom"],"picked":"Consume+1","floor":19},{"not_picked":["Conserve Battery+1","Coolheaded","Streamline+1"],"picked":"SKIP","floor":21}],"player_experience":146179,"relics_obtained":[{"floor":9,"key":"Bag of Preparation"},{"floor":14,"key":"FossilizedHelix"}],"event_choices":[{"event_name":"Match and Keep!","player_choice":"3 cards matched","floor":2,"damage_taken":0},{"event_name":"Wheel of Change","player_choice":"Damage","floor":5,"damage_taken":0},{"event_name":"Golden Idol","player_choice":"Take Damage","floor":10,"damage_taken":0},{"event_name":"Beggar","player_choice":"Gave Gold","floor":20,"damage_taken":0}],"is_beta":false,"boss_relics":[{"not_picked":["FrozenCore","Empty Cage"],"picked":"Sozu"}],"items_purged_floors":[],"is_endless":false,"potions_floor_spawned":[3,4,7,12,14,18,21],"killed_by":"Gremlin Leader","ascension_level":0}