{"gold_per_floor":[110,110,126,141,141,141,160,57,57,37,54,54,69,81,81,81],"floor_reached":16,"playtime":673,"items_purged":[],"score":187,"play_id":"c7d54ac9-c7c1-4bc0-8630-1b3d68e53a81","local_time":"20181002230444","is_ascension_mode":true,"campfire_choices":[{"floor":12,"key":"REST"},{"floor":15,"key":"REST"}],"neow_cost":"NONE","seed_source_timestamp":424193047671590,"circlet_count":0,"master_deck":["Strike_B","Strike_B","Strike_B","Defend_B+1","Defend_B+1","Defend_B","Defend_B","Zap+1","Dualcast","AscendersBane","Capacitor","Capacitor","Chill","Conserve Battery"],"relics":["Cracked Core","Gambling Chip","Bottled Lightning"],"potions_floor_usage":[7,7],"damage_taken":[{"damage":4,"enemies":"Small Slimes","floor":1,"turns":3},{"damage":0,"enemies":"2 Louse","floor":3,"turns":3},{"damage":18,"enemies":"Jaw Worm","floor":4,"turns":7},{"damage":1,"enemies":"Gremlin Gang","floor":7,"turns":5},{"damage":3,"enemies":"Exordium Thugs","floor":10,"turns":4},{"damage":4,"enemies":"Blue Slaver","floor":11,"turns":5},{"damage":4,"enemies":"2 Fungi Beasts","floor":13,"turns":5},{"damage":2,"enemies":"Looter","floor":14,"turns":4},{"damage":58,"enemies":"Slime Boss","floor":16,"turns":6}],"seed_played":"7406239188477422914","potions_obtained":[{"floor":4,"key":"Fire Potion"},{"floor":6,"key":"EssenceOfSteel"},{"floor":10,"key":"Ancient Potion"}],"is_trial":false,"path_per_floor":["M","?","M","M","?","?","M","?","T","M","M","R","M","M","R"],"character_chosen":"DEFECT","items_purchased":[],"campfire_rested":2,"item_purchase_floors":[],"current_hp_per_floor":[60,53,53,35,14,14,13,13,13,10,6,27,23,21,42,0],"gold":81,"neow_bonus":"UPGRADE_CARD","is_prod":false,"is_daily":false,"chose_seed":false,"campfire_upgraded":0,"win_rate":0,"timestamp":1538514284,"path_taken":["M","?","?","M","?","?","M","?","T","M","M","R","M","M","R","BOSS"],"build_version":"2018-09-27","purchased_purges":0,"victory":false,"max_hp_per_floor":[71,71,71,71,71,71,71,71,71,71,71,71,71,71,71,71],"card_choices":[{"not_picked":["Rebound","Storm"],"picked":"Capacitor","floor":1},{"not_picked":["Compile Driver","Ball Lightning"],"picked":"Capacitor","floor":3},{"not_picked":["Lockon","Sweeping Beam"],"picked":"Chill","floor":4},{"not_picked":["Beam Cell","Recycle","Sweeping Beam"],"picked":"SKIP","floor":7},{"not_picked":["Leap","Chaos"],"picked":"Conserve Battery","floor":10},{"not_picked":["Reboot","Turbo","Fusion"],"picked":"SKIP","floor":11},{"not_picked":["Fusion","Scrape","Rebound"],"picked":"SKIP","floor":13},{"not_picked":["Cold Snap","Go for the Eyes","Rebound"],"picked":"SKIP","floor":14}],"player_experience":737651,"relics_obtained":[{"floor":9,"key":"Bottled Lightning"}],"event_choices":[{"event_name":"Golden Wing","player_choice":"Card Removal","floor":2,"damage_taken":0},{"event_name":"Shining Light","player_choice":"Entered Light","floor":5,"damage_taken":0},{"event_name":"The Lab","player_choice":"Got Potions","floor":6,"damage_taken":0},{"event_name":"WeMeetAgain","player_choice":"Gold","floor":8,"damage_taken":0}],"is_beta":false,"boss_relics":[],"items_purged_floors":[],"is_endless":false,"potions_floor_spawned":[4,10],"killed_by":"Slime Boss","ascension_level":19}