{"path_per_floor":["M","?","?","M","M","?","E","R","T","$","E","R","E","?","R","B",null,"M","?","M","?","?","R","E","?","T","$","R","E","$","M","R","B",null,"M","$","?","M","T","R","E","R","T","E","M","E","?","$","R","B"],"character_chosen":"THE_SILENT","items_purchased":["Snake Skull","Adrenaline","Lantern","Noxious Fumes","Anchor"],"gold_per_floor":[118,118,193,207,227,177,209,209,209,55,86,86,120,150,150,245,245,258,258,278,378,378,378,405,330,330,36,36,62,62,81,81,183,183,194,119,173,191,246,246,276,276,355,385,399,427,427,139,139,139],"floor_reached":51,"campfire_rested":4,"playtime":2841,"current_hp_per_floor":[63,63,52,52,52,52,32,53,53,53,33,54,52,52,52,49,65,63,63,63,63,63,63,43,43,43,43,43,43,43,37,58,25,59,59,59,59,59,59,59,50,70,70,69,69,67,67,67,67,59],"items_purged":["Defend_G","Strike_G"],"gold":139,"score":1212,"play_id":"5d0e6341-d69a-4901-91be-d258c3d63fd9","local_time":"20180508225930","is_prod":false,"is_daily":false,"chose_seed":false,"is_ascension_mode":true,"campfire_upgraded":5,"timestamp":1525845570,"path_taken":["M","?","?","M","M","?","E","R","T","$","E","R","E","?","R","BOSS","M","?","M","?","?","R","E","?","T","$","R","E","$","M","R","BOSS","M","?","?","?","?","R","E","R","T","E","M","E","?","$","R","BOSS"],"build_version":"2018-05-03","seed_source_timestamp":359408377615537,"purchased_purges":2,"victory":true,"master_deck":["Defend_G+1","Defend_G+1","Defend_G+1","Defend_G+1","Strike_G+1","Strike_G+1","Survivor","Neutralize+1","AscendersBane","Poisoned Stab","Footwork+1","Dagger Spray+1","Flying Knee+1","Escape Plan","Bouncing Flask+1","Tools of the Trade+1","Heel Hook+1","Adrenaline+1","Underhanded Strike+1","Envenom+1","Sucker Punch+1","Cloak And Dagger+1","Terror+1","A Thousand Cuts","A Thousand Cuts","Sucker Punch","Dash","Blind","Noxious Fumes+1"],"max_hp_per_floor":[70,70,70,70,70,70,70,70,70,70,70,70,70,70,70,70,70,70,70,70,70,70,70,70,70,70,70,70,70,70,70,70,70,70,70,70,70,70,70,70,70,70,70,70,70,70,70,70,70,70],"relics":["Ring of the Snake","NeowsBlessing","Torii","Gambling Chip","Snake Skull","Tingsha","Matryoshka","Black Star","Mercury Hourglass","Centennial Puzzle","Dodecahedron","Meat on the Bone","Lantern","Pen Nib","Omamori","Cursed Key","Ginger","Whetstone","Prayer Wheel","Paper Crane","Bottled Tornado","Gremlin Horn","War Paint","Orichalcum","Art of War","Juzu Bracelet","Anchor"],"card_choices":[{"not_picked":["PiercingWail","Slice"],"picked":"Poisoned Stab","floor":1},{"not_picked":["Choke","Bane"],"picked":"Footwork","floor":4},{"not_picked":["Deadly Poison","PiercingWail"],"picked":"Dagger Spray","floor":5},{"not_picked":["Poisoned Stab","Dash"],"picked":"Flying Knee","floor":7},{"not_picked":["Finisher","Acrobatics"],"picked":"Escape Plan","floor":11},{"not_picked":["Dagger Throw","Finisher"],"picked":"Bouncing Flask","floor":13},{"not_picked":["Doppelganger","Wraith Form v2"],"picked":"Tools of the Trade","floor":16},{"not_picked":["Dodge and Roll","Predator"],"picked":"Heel Hook","floor":18},{"not_picked":["Outmaneuver","Prepared"],"picked":"Underhanded Strike","floor":29},{"not_picked":["Wraith Form v2","Venomology"],"picked":"Envenom","floor":33},{"not_picked":["Slice","Concentrate"],"picked":"Sucker Punch","floor":37},{"not_picked":["Deflect","Flying Knee"],"picked":"Cloak And Dagger","floor":38},{"not_picked":["PiercingWail","Acrobatics"],"picked":"Terror","floor":41},{"not_picked":["Accuracy","Backflip"],"picked":"A Thousand Cuts","floor":43},{"not_picked":["Storm of Steel","Flying Knee"],"picked":"A Thousand Cuts","floor":44},{"not_picked":["Choke","Heel Hook"],"picked":"Sucker Punch","floor":45},{"not_picked":["Wraith Form v2","Blade Dance"],"picked":"Dash","floor":46},{"not_picked":["Madness","Deep Breath"],"picked":"Blind","floor":47}],"player_experience":271406,"potions_floor_usage":[7,7,24,29,37,38,50,50,50],"damage_taken":[{"damage":0,"enemies":"2 Louse","floor":1,"turns":1},{"damage":0,"enemies":"Jaw Worm","floor":4,"turns":1},{"damage":0,"enemies":"Small Slimes","floor":5,"turns":1},{"damage":20,"enemies":"Lagavulin","floor":7,"turns":9},{"damage":20,"enemies":"3 Sentries","floor":11,"turns":8},{"damage":2,"enemies":"Lagavulin","floor":13,"turns":6},{"damage":3,"enemies":"Hexaghost","floor":16,"turns":7},{"damage":2,"enemies":"Shell Parasite","floor":18,"turns":3},{"damage":0,"enemies":"Spheric Guardian","floor":20,"turns":3},{"damage":20,"enemies":"Gremlin Leader","floor":24,"turns":6},{"damage":0,"enemies":"Book of Stabbing","floor":29,"turns":5},{"damage":6,"enemies":"Centurion and Healer","floor":31,"turns":3},{"damage":45,"enemies":"Collector","floor":33,"turns":7},{"damage":0,"enemies":"Orb Walker","floor":35,"turns":2},{"damage":0,"enemies":"Mysterious Sphere","floor":37,"turns":3},{"damage":0,"enemies":"3 Darklings","floor":38,"turns":5},{"damage":9,"enemies":"Giant Head","floor":41,"turns":5},{"damage":1,"enemies":"Nemesis","floor":44,"turns":5},{"damage":0,"enemies":"Sphere and 2 Shapes","floor":45,"turns":3},{"damage":2,"enemies":"2 Orb Walkers","floor":46,"turns":3},{"damage":23,"enemies":"Time Eater","floor":50,"turns":10}],"event_choices":[{"event_name":"Living Wall","player_choice":"Grow","floor":2,"damage_taken":0},{"event_name":"World of Goop","player_choice":"Gather Gold","floor":3,"damage_taken":0},{"event_name":"The Cleric","player_choice":"Card Removal","floor":6,"damage_taken":0},{"event_name":"Dead Adventurer","player_choice":"Searched \u00271\u0027 times","floor":14,"damage_taken":0},{"event_name":"Back to Basics","player_choice":"Simplicity","floor":19,"damage_taken":0},{"event_name":"Golden Shrine","player_choice":"Pray","floor":21,"damage_taken":0},{"event_name":"Drug Dealer","player_choice":"Ignored","floor":22,"damage_taken":0},{"event_name":"Beggar","player_choice":"Gave Gold","floor":25,"damage_taken":0},{"event_name":"Mysterious Sphere","player_choice":"Fight","floor":37,"damage_taken":0},{"event_name":"SensoryStone","player_choice":"Memory 1","floor":47,"damage_taken":0}],"boss_relics":[{"not_picked":["Lizard Tail","Runic Pyramid"],"picked":"Black Star"},{"not_picked":["Runic Dome","Sozu"],"picked":"Cursed Key"}],"potions_floor_spawned":[4,5,11,18,29,33,38,41,44,46],"seed_played":"-8481778409406035812","ascension_level":10,"is_trial":false}