{"path_per_floor":["M","M","M","?","?","E","M","R","T","$","?","M","M","M","R","B",null,"M","$","?","?","M","R","E","R","T","M"],"character_chosen":"THE_SILENT","items_purchased":["Membership Card","Snake Skull"],"gold_per_floor":[15,35,55,230,230,265,277,277,328,59,59,78,95,107,107,208,238,251,47,47,47,61,61,93,93,93,104,104],"floor_reached":28,"campfire_rested":2,"playtime":1333,"current_hp_per_floor":[67,67,67,67,67,17,7,28,28,28,28,30,32,32,53,26,75,66,66,66,66,63,63,62,62,62,51,0],"items_purged":["Doubt","Strike_G"],"gold":104,"score":240,"play_id":"c230d7c7-2111-4a1c-ab9c-e29cb0a45ec8","local_time":"20180327195301","is_prod":false,"is_daily":false,"is_ascension_mode":false,"campfire_upgraded":2,"timestamp":1522173181,"path_taken":["M","M","M","?","?","E","?","R","T","$","?","M","?","M","R","BOSS","M","$","?","?","M","R","E","R","T","M","E"],"build_version":"2018-03-22v2","purchased_purges":2,"victory":false,"master_deck":["Defend_G","Defend_G","Defend_G","Strike_G","Strike_G","Strike_G","Survivor","Neutralize","Corpse Explosion","Noxious Fumes+1","Bane","Slice","Bane","Crippling Poison","Envenom+1","Venomology+1","Leg Sweep","Malaise","Poisoned Stab","Distraction","Envenom"],"max_hp_per_floor":[70,70,70,70,70,70,70,70,70,70,70,70,70,70,70,70,75,75,75,75,75,75,75,75,75,75,75,75],"relics":["Ring of the Snake","Lantern","Blood Vial","Membership Card","Tiny House","Snake Skull","Tingsha","Du-Vu Doll"],"card_choices":[{"not_picked":["Bane","Footwork"],"picked":"Corpse Explosion","floor":1},{"not_picked":["Dodge and Roll","Dash"],"picked":"Noxious Fumes","floor":2},{"not_picked":["Accuracy","Catalyst"],"picked":"Bane","floor":3},{"not_picked":["Flying Knee","Glass Knife"],"picked":"Bane","floor":6},{"not_picked":["PiercingWail","Dagger Throw"],"picked":"Crippling Poison","floor":7},{"not_picked":["Dodge and Roll","Crippling Poison"],"picked":"Envenom","floor":14},{"not_picked":["Night Terror","Unload"],"picked":"Venomology","floor":16},{"not_picked":["Outmaneuver","Sucker Punch"],"picked":"Leg Sweep","floor":17},{"not_picked":["Sucker Punch","Dagger Throw"],"picked":"Malaise","floor":18},{"not_picked":["Quick Slash","Predator"],"picked":"Distraction","floor":22},{"not_picked":["Well Laid Plans","Backstab"],"picked":"Envenom","floor":27}],"player_experience":117588,"potions_floor_usage":[6,7,16,18,18,24,24,27,28],"damage_taken":[{"damage":3,"enemies":"Jaw Worm","floor":1,"turns":4},{"damage":0,"enemies":"Small Slimes","floor":2,"turns":3},{"damage":0,"enemies":"Cultist","floor":3,"turns":4},{"damage":50,"enemies":"Gremlin Nob","floor":6,"turns":6},{"damage":10,"enemies":"Exordium Thugs","floor":7,"turns":5},{"damage":0,"enemies":"Gremlin Gang","floor":12,"turns":3},{"damage":0,"enemies":"3 Louse","floor":13,"turns":2},{"damage":2,"enemies":"Looter","floor":14,"turns":4},{"damage":29,"enemies":"The Guardian","floor":16,"turns":9},{"damage":9,"enemies":"3 Byrds","floor":18,"turns":4},{"damage":5,"enemies":"Shell Parasite","floor":22,"turns":7},{"damage":18,"enemies":"Book of Stabbing","floor":24,"turns":6},{"damage":13,"enemies":"Snake Plant","floor":27,"turns":6},{"damage":67,"enemies":"Gremlin Leader","floor":28,"turns":4}],"event_choices":[{"event_name":"Liars Game","player_choice":"agreed","floor":4,"damage_taken":0},{"event_name":"Transmorgrifier","player_choice":"Transform","floor":5,"damage_taken":0},{"event_name":"Scrap Ooze","player_choice":"unsuccessful","floor":11,"damage_taken":0},{"event_name":"Addict","player_choice":"Ignored","floor":20,"damage_taken":0},{"event_name":"The Library","player_choice":"Read","floor":21,"damage_taken":0}],"boss_relics":[{"not_picked":["Runic Dome","Velvet Choker"],"picked":"Tiny House"}],"potions_floor_spawned":[2,6,12,13,18],"seed_played":"7459014769758703494","killed_by":"Gremlin Leader","ascension_level":0,"is_trial":false}