{"gold_per_floor":[115,6,36,51,66,66,95,121,133,164,196,168,180,41,41,41],"floor_reached":16,"playtime":686,"items_purged":["Defend_B"],"score":133,"play_id":"b56d625b-24ce-4836-9407-95580ff3c4af","local_time":"20180916002958","is_ascension_mode":true,"campfire_choices":[{"data":"Static Discharge","floor":6,"key":"SMITH"},{"floor":13,"key":"REST"},{"floor":15,"key":"REST"}],"neow_cost":"","seed_source_timestamp":42218303179235,"circlet_count":0,"master_deck":["Strike_B","Strike_B","Strike_B","Strike_B","Defend_B","Defend_B","Defend_B","Zap","Dualcast","Static Discharge+1","Static Discharge","Sweeping Beam","Leap","FTL"],"relics":["Cracked Core","Tiny Chest","MawBank","Bag of Marbles","Anchor"],"potions_floor_usage":[7,10,16],"damage_taken":[{"damage":1,"enemies":"Cultist","floor":1,"turns":3},{"damage":3,"enemies":"Jaw Worm","floor":4,"turns":4},{"damage":1,"enemies":"2 Louse","floor":5,"turns":3},{"damage":20,"enemies":"Lagavulin","floor":7,"turns":4},{"damage":23,"enemies":"Lots of Slimes","floor":8,"turns":3},{"damage":0,"enemies":"2 Fungi Beasts","floor":10,"turns":4},{"damage":13,"enemies":"Blue Slaver","floor":11,"turns":3},{"damage":60,"enemies":"Slime Boss","floor":16,"turns":7}],"seed_played":"-6328061286206021518","potions_obtained":[{"floor":1,"key":"Fire Potion"},{"floor":7,"key":"Dexterity Potion"},{"floor":11,"key":"SpeedPotion"}],"is_trial":false,"path_per_floor":["M","$","T","M","M","R","E","M","T","M","M","?","R","$","R"],"character_chosen":"DEFECT","items_purchased":["Static Discharge","Anchor"],"campfire_rested":2,"item_purchase_floors":[2,14],"current_hp_per_floor":[67,67,67,64,63,63,43,20,20,20,7,7,29,29,51,0],"gold":41,"neow_bonus":"","is_prod":false,"is_daily":false,"chose_seed":false,"campfire_upgraded":1,"win_rate":0,"timestamp":1537050598,"path_taken":["M","$","?","M","M","R","E","M","T","M","?","?","R","$","R","BOSS"],"build_version":"2018-09-06","purchased_purges":1,"victory":false,"max_hp_per_floor":[75,75,75,75,75,75,75,75,75,75,75,75,75,75,75,75],"card_choices":[{"not_picked":["Aggregate","Cold Snap","Recycle"],"picked":"SKIP","floor":1},{"not_picked":["Chaos","Sunder"],"picked":"Static Discharge","floor":4},{"not_picked":["Reinforced Body","Hologram","Redo"],"picked":"SKIP","floor":5},{"not_picked":["Hello World","Aggregate"],"picked":"Sweeping Beam","floor":7},{"not_picked":["Compile Driver","Coolheaded"],"picked":"Leap","floor":8},{"not_picked":["Rip and Tear","Turbo"],"picked":"FTL","floor":10},{"not_picked":["Fusion","Genetic Algorithm","Cold Snap"],"picked":"SKIP","floor":11}],"player_experience":207434,"relics_obtained":[{"floor":3,"key":"Tiny Chest"},{"floor":7,"key":"MawBank"},{"floor":9,"key":"Bag of Marbles"}],"event_choices":[{"event_name":"World of Goop","player_choice":"Left","floor":12,"damage_taken":0}],"is_beta":false,"boss_relics":[],"items_purged_floors":[2],"is_endless":false,"potions_floor_spawned":[1,7,11],"killed_by":"Slime Boss","ascension_level":6}