{"gold_per_floor":[113,113,128,140,140,140,174,174,199,199,47,61,80,95,95,191,191,131],"floor_reached":18,"playtime":547,"items_purged":["Strike_B"],"score":178,"play_id":"263f8f21-9588-4d5e-9f72-b221c0bda3b9","local_time":"20190122231354","is_ascension_mode":true,"campfire_choices":[{"data":"Reinforced Body","floor":6,"key":"SMITH"},{"data":"Storm","floor":8,"key":"SMITH"},{"data":"Zap","floor":10,"key":"SMITH"},{"data":"Auto Shields","floor":15,"key":"SMITH"}],"neow_cost":"NONE","seed_source_timestamp":4406409414308,"circlet_count":0,"master_deck":["Strike_B","Strike_B","Defend_B","Defend_B","Defend_B","Defend_B","Zap+1","Dualcast","Ball Lightning","Reinforced Body+1","Compile Driver","Storm+1","Loop","Auto Shields+1","Capacitor","Fission","Doubt","Normality","Clumsy"],"relics":["Cracked Core","NeowsBlessing","CultistMask","Strawberry","Lantern","Calling Bell","Du-Vu Doll","Dodecahedron","Art of War"],"potions_floor_usage":[7,7],"damage_taken":[{"damage":0,"enemies":"Small Slimes","floor":1,"turns":2},{"damage":0,"enemies":"Cultist","floor":3,"turns":1},{"damage":0,"enemies":"2 Louse","floor":4,"turns":1},{"damage":13,"enemies":"3 Sentries","floor":7,"turns":8},{"damage":0,"enemies":"Red Slaver","floor":12,"turns":3},{"damage":0,"enemies":"Large Slime","floor":13,"turns":3},{"damage":18,"enemies":"Lots of Slimes","floor":14,"turns":3},{"damage":33,"enemies":"Hexaghost","floor":16,"turns":11},{"damage":24,"enemies":"2 Thieves","floor":18,"turns":4}],"seed_played":"-1169658083023940626","potions_obtained":[{"floor":1,"key":"Explosive Potion"},{"floor":4,"key":"Energy Potion"},{"floor":12,"key":"Dexterity Potion"},{"floor":16,"key":"FearPotion"}],"is_trial":false,"path_per_floor":["M","?","M","M","?","R","E","R","T","R","$","M","M","M","R","B",null,"M"],"character_chosen":"DEFECT","items_purchased":["Loop"],"campfire_rested":0,"item_purchase_floors":[11],"current_hp_per_floor":[75,75,75,75,75,75,69,69,69,69,69,69,69,51,51,18,82,58],"gold":131,"neow_bonus":"THREE_ENEMY_KILL","is_prod":false,"is_daily":false,"chose_seed":false,"campfire_upgraded":4,"win_rate":0,"timestamp":1548216834,"path_taken":["M","?","M","?","?","R","E","R","T","R","$","M","?","M","R","BOSS","M"],"build_version":"2019-01-17v2","purchased_purges":1,"victory":false,"max_hp_per_floor":[75,75,75,75,75,75,82,82,82,82,82,82,82,82,82,82,82,82],"card_choices":[{"not_picked":["Sweeping Beam","Rip and Tear"],"picked":"Ball Lightning","floor":1},{"not_picked":["Genetic Algorithm","White Noise"],"picked":"Reinforced Body","floor":3},{"not_picked":["Beam Cell","Rebound","Heatsinks"],"picked":"SKIP","floor":4},{"not_picked":["Coolheaded","BootSequence"],"picked":"Storm","floor":7},{"not_picked":["Coolheaded","Cold Snap","Rebound"],"picked":"SKIP","floor":12},{"not_picked":["Turbo","Conserve Battery"],"picked":"Auto Shields","floor":13},{"not_picked":["Doom and Gloom","Stack"],"picked":"Capacitor","floor":14},{"not_picked":["Echo Form","Meteor Strike"],"picked":"Fission","floor":16}],"player_experience":571788,"relics_obtained":[{"floor":7,"key":"Strawberry"},{"floor":9,"key":"Lantern"},{"floor":17,"key":"Du-Vu Doll"},{"floor":17,"key":"Dodecahedron"},{"floor":17,"key":"Art of War"}],"event_choices":[{"damage_healed":0,"gold_gain":0,"player_choice":"Trade","damage_taken":0,"relics_obtained":["CultistMask"],"max_hp_gain":0,"max_hp_loss":0,"event_name":"FaceTrader","floor":2,"gold_loss":0},{"damage_healed":0,"gold_gain":0,"cards_transformed":["Strike_B"],"player_choice":"Transformed","damage_taken":0,"max_hp_gain":0,"max_hp_loss":0,"event_name":"Transmorgrifier","floor":5,"gold_loss":0,"cards_obtained":["Compile Driver"]}],"is_beta":false,"boss_relics":[{"not_picked":["Philosopher\u0027s Stone","Busted Crown"],"picked":"Calling Bell"}],"items_purged_floors":[11],"is_endless":false,"potions_floor_spawned":[1,4,12,16],"killed_by":"2 Thieves","ascension_level":2}