{"gold_per_floor":[109,119,119,119,134,134,160,176,176,176,176,176,20,20],"floor_reached":14,"playtime":1371,"items_purged":[],"score":88,"play_id":"c007da65-0f68-46ca-bb72-894c6a6fadcb","local_time":"20180629151124","is_ascension_mode":false,"campfire_choices":[{"data":"Fusion","floor":6,"key":"SMITH"},{"floor":10,"key":"REST"},{"data":"Loop","floor":12,"key":"SMITH"}],"neow_cost":"","seed_source_timestamp":7795183675587,"circlet_count":0,"master_deck":["Strike_B","Strike_B","Strike_B","Defend_B","Defend_B","Defend_B","Defend_B","Zap","Dualcast+1","Loop+1","Fusion+1","Self Repair","Barrage","Stack","Sweeping Beam"],"relics":["Cracked Core","Mummified Hand","Prayer Wheel","Blood Vial"],"potions_floor_usage":[14,14],"damage_taken":[{"damage":8,"enemies":"2 Louse","floor":1,"turns":2},{"damage":1,"enemies":"Cultist","floor":2,"turns":3},{"damage":10,"enemies":"Jaw Worm","floor":5,"turns":4},{"damage":26,"enemies":"3 Sentries","floor":7,"turns":7},{"damage":9,"enemies":"2 Fungi Beasts","floor":8,"turns":3},{"damage":87,"enemies":"Gremlin Nob","floor":14,"turns":5}],"seed_played":"126111262138945270","potions_obtained":[{"floor":1,"key":"Energy Potion"},{"floor":2,"key":"Ancient Potion"},{"floor":8,"key":"Regen Potion"}],"is_trial":false,"path_per_floor":["M","M","?","?","M","R","E","M","T","R","?","R","$"],"character_chosen":"DEFECT","items_purchased":["Blood Vial"],"campfire_rested":1,"item_purchase_floors":[13],"current_hp_per_floor":[67,66,66,66,63,63,44,42,42,64,64,64,64,0],"gold":20,"neow_bonus":"","is_prod":false,"is_daily":false,"chose_seed":false,"campfire_upgraded":2,"win_rate":0.0,"timestamp":1530281484,"path_taken":["M","M","?","?","?","R","E","M","T","R","?","R","$","E"],"build_version":"2018-06-28","purchased_purges":0,"victory":false,"max_hp_per_floor":[75,75,75,75,75,75,75,75,75,75,75,75,75,75],"card_choices":[{"not_picked":["Storm","Go for the Eyes"],"picked":"Loop","floor":1},{"not_picked":["Leap","Loop"],"picked":"Fusion","floor":2},{"not_picked":["Hologram","Compile Driver"],"picked":"Barrage","floor":5},{"not_picked":["Compile Driver","Hologram"],"picked":"Stack","floor":7},{"not_picked":["Reinforced Body","Compile Driver"],"picked":"Sweeping Beam","floor":8}],"player_experience":114776,"relics_obtained":[{"floor":7,"key":"Mummified Hand"},{"floor":9,"key":"Prayer Wheel"}],"event_choices":[{"event_name":"Living Wall","player_choice":"Grow","floor":3,"damage_taken":0},{"event_name":"Transmorgrifier","player_choice":"Transform","floor":4,"damage_taken":0},{"event_name":"Liars Game","player_choice":"disagreed","floor":11,"damage_taken":0}],"boss_relics":[],"items_purged_floors":[],"is_endless":false,"potions_floor_spawned":[1,2,8],"killed_by":"Gremlin Nob","ascension_level":0}