{"gold_per_floor":[115,135,135,152,166,166,194,194,194,194,194,211,211,229,229,332,382,397,397,322,341,359,359,387,387,440,457,471,237,265,284,284,379,379,395,120,133,133,0,0,18,51,104,104,121,139,139,139,139,139],"floor_reached":51,"playtime":2632,"items_purged":["Defend_B","Strike_B"],"score":1020,"play_id":"a16a0c7e-2831-4637-9175-8be6a3d34eb6","local_time":"20180917020643","is_ascension_mode":true,"campfire_choices":[{"floor":6,"key":"REST"},{"floor":8,"key":"REST"},{"data":"Storm","floor":10,"key":"SMITH"},{"data":"Static Discharge","floor":15,"key":"SMITH"},{"floor":23,"key":"REST"},{"floor":25,"key":"REST"},{"data":"Defragment","floor":32,"key":"SMITH"},{"floor":40,"key":"REST"},{"floor":44,"key":"REST"},{"floor":47,"key":"REST"},{"floor":49,"key":"REST"}],"neow_cost":"","seed_source_timestamp":132464607461053,"circlet_count":0,"master_deck":["Strike_B+1","Strike_B","Defend_B+1","Defend_B","Zap+1","Dualcast","Self Repair","Storm+1","BootSequence+1","Sunder","Static Discharge+1","Machine Learning","Electrodynamics","Defragment+1","Turbo+1","White Noise+1","Sweeping Beam+1","Steam+1","Steam+1","Hologram+1","Electrodynamics","Defragment+1","Sweeping Beam","Seek+1","Consume","Loop+1","White Noise+1","Parasite","Loop+1","Injury","Force Field+1","Conserve Battery+1"],"relics":["Cracked Core","Boot","Matryoshka","Tiny House","Torii","Tiny Chest","Ancient Tea Set","Frozen Egg 2","Cursed Key","Lantern","Art of War","Red Mask","The Courier","War Paint","Prayer Wheel"],"potions_floor_usage":[7,22,24,24,28,30,30,35,42,42,46,50],"damage_taken":[{"damage":0,"enemies":"2 Louse","floor":1,"turns":3},{"damage":0,"enemies":"Small Slimes","floor":2,"turns":2},{"damage":7,"enemies":"Jaw Worm","floor":4,"turns":4},{"damage":9,"enemies":"Red Slaver","floor":5,"turns":4},{"damage":34,"enemies":"Lagavulin","floor":7,"turns":8},{"damage":3,"enemies":"Blue Slaver","floor":12,"turns":4},{"damage":1,"enemies":"3 Louse","floor":14,"turns":3},{"damage":40,"enemies":"Slime Boss","floor":16,"turns":7},{"damage":24,"enemies":"Spheric Guardian","floor":18,"turns":4},{"damage":2,"enemies":"3 Byrds","floor":21,"turns":2},{"damage":14,"enemies":"Snake Plant","floor":22,"turns":3},{"damage":29,"enemies":"Gremlin Leader","floor":24,"turns":5},{"damage":19,"enemies":"Centurion and Healer","floor":27,"turns":4},{"damage":0,"enemies":"Chosen and Byrds","floor":28,"turns":3},{"damage":5,"enemies":"Book of Stabbing","floor":30,"turns":4},{"damage":0,"enemies":"3 Cultists","floor":31,"turns":2},{"damage":42,"enemies":"Automaton","floor":33,"turns":9},{"damage":25,"enemies":"3 Darklings","floor":35,"turns":3},{"damage":1,"enemies":"Orb Walker","floor":37,"turns":2},{"damage":12,"enemies":"Spire Growth","floor":41,"turns":4},{"damage":32,"enemies":"2 Orb Walkers","floor":42,"turns":3},{"damage":30,"enemies":"Maw","floor":45,"turns":5},{"damage":11,"enemies":"4 Shapes","floor":46,"turns":2},{"damage":0,"enemies":"Mind Bloom Boss Battle","floor":48,"turns":4},{"damage":34,"enemies":"Time Eater","floor":50,"turns":7}],"seed_played":"5617807002381662502","potions_obtained":[{"floor":2,"key":"Poison Potion"},{"floor":12,"key":"Regen Potion"},{"floor":16,"key":"FearPotion"},{"floor":17,"key":"EssenceOfSteel"},{"floor":24,"key":"Weak Potion"},{"floor":27,"key":"PowerPotion"},{"floor":28,"key":"Block Potion"},{"floor":33,"key":"AttackPotion"},{"floor":35,"key":"FocusPotion"},{"floor":45,"key":"SkillPotion"}],"is_trial":false,"path_per_floor":["M","M","?","M","M","R","E","R","T","R","?","M","?","M","R","B",null,"M","?","?","M","M","R","E","R","T","M","M","$","E","M","R","B",null,"M","$","M","T","?","R","M","E","T","R","M","M","R","?","R","B"],"character_chosen":"DEFECT","items_purchased":["Electrodynamics","Loop+1","AttackPotion","Block Potion"],"campfire_rested":8,"item_purchase_floors":[29,36,36,36],"current_hp_per_floor":[68,68,53,53,51,73,46,68,68,68,68,72,77,80,80,40,75,58,58,58,56,49,74,66,85,85,73,73,73,68,68,68,26,70,45,45,44,44,44,69,64,39,39,64,41,30,55,62,85,58],"gold":139,"neow_bonus":"","is_prod":false,"is_daily":false,"chose_seed":false,"campfire_upgraded":3,"win_rate":0,"timestamp":1537142803,"path_taken":["M","M","?","M","M","R","E","R","T","R","?","?","?","M","R","BOSS","M","?","?","M","M","R","E","R","T","?","?","$","E","M","R","BOSS","M","$","M","?","?","R","M","E","T","R","M","M","R","?","R","BOSS"],"build_version":"2018-09-06","purchased_purges":2,"victory":true,"max_hp_per_floor":[75,75,75,75,75,75,75,75,75,75,75,75,80,80,80,80,85,85,85,85,85,85,85,85,85,85,85,85,85,85,85,85,85,85,85,85,85,85,85,85,85,85,85,85,85,85,85,85,85,85],"card_choices":[{"not_picked":["Beam Cell","Hologram","Turbo"],"picked":"SKIP","floor":1},{"not_picked":["Stack","Beam Cell"],"picked":"Self Repair","floor":2},{"not_picked":["Defragment","Compile Driver"],"picked":"Storm","floor":4},{"not_picked":["Tempest","Gash"],"picked":"BootSequence","floor":5},{"not_picked":["Coolheaded","Stack"],"picked":"Sunder","floor":7},{"not_picked":["Barrage","Double Energy"],"picked":"Static Discharge","floor":12},{"not_picked":["Coolheaded","Turbo"],"picked":"Machine Learning","floor":14},{"not_picked":["Machine Learning","Buffer"],"picked":"Electrodynamics","floor":16},{"not_picked":["Fusion","Redo"],"picked":"Defragment","floor":17},{"not_picked":["Genetic Algorithm","Leap"],"picked":"Turbo+1","floor":18},{"not_picked":["Gash","Hologram+1"],"picked":"White Noise+1","floor":21},{"not_picked":["Redo","Compile Driver+1"],"picked":"Sweeping Beam+1","floor":22},{"not_picked":["Streamline","Barrage+1"],"picked":"Steam+1","floor":24},{"not_picked":["Leap","Conserve Battery"],"picked":"Steam+1","floor":27},{"not_picked":["Stack","Cold Snap"],"picked":"Hologram+1","floor":28},{"not_picked":["Scrape","Reinforced Body"],"picked":"Defragment","floor":30},{"not_picked":["Buffer+1","Ball Lightning"],"picked":"Sweeping Beam","floor":31},{"not_picked":["Reboot","Amplify"],"picked":"Seek","floor":33},{"not_picked":["Blizzard+1","Streamline+1"],"picked":"Consume","floor":35},{"not_picked":["Fusion+1","Compile Driver"],"picked":"White Noise+1","floor":37},{"not_picked":["Conserve Battery","Redo","Hologram"],"picked":"SKIP","floor":41},{"not_picked":["Ball Lightning","Go for the Eyes"],"picked":"Loop+1","floor":42},{"not_picked":["Beam Cell","Coolheaded","Rip and Tear"],"picked":"SKIP","floor":45},{"not_picked":["Heatsinks+1","Compile Driver"],"picked":"Force Field+1","floor":46},{"not_picked":["Heatsinks+1","Tempest+1"],"picked":"Conserve Battery+1","floor":48}],"player_experience":266371,"relics_obtained":[{"floor":7,"key":"Boot"},{"floor":9,"key":"Matryoshka"},{"floor":24,"key":"Torii"},{"floor":26,"key":"Tiny Chest"},{"floor":26,"key":"Ancient Tea Set"},{"floor":30,"key":"Frozen Egg 2"},{"floor":38,"key":"Lantern"},{"floor":38,"key":"Art of War"},{"floor":42,"key":"The Courier"},{"floor":43,"key":"War Paint"},{"floor":48,"key":"Prayer Wheel"}],"event_choices":[{"event_name":"Shining Light","player_choice":"Entered Light","floor":3,"damage_taken":0},{"event_name":"Liars Game","player_choice":"disagreed","floor":11,"damage_taken":0},{"event_name":"Big Fish","player_choice":"Donut","floor":13,"damage_taken":0},{"event_name":"Back to Basics","player_choice":"Elegance","floor":19,"damage_taken":0},{"event_name":"Beggar","player_choice":"Gave Gold","floor":20,"damage_taken":0},{"event_name":"Tomb of Lord Red Mask","player_choice":"Paid","floor":39,"damage_taken":0},{"event_name":"MindBloom","player_choice":"Fight","floor":48,"damage_taken":0}],"is_beta":false,"boss_relics":[{"not_picked":["Pandora\u0027s Box","Ectoplasm"],"picked":"Tiny House"},{"not_picked":["Velvet Choker","Runic Pyramid"],"picked":"Cursed Key"}],"items_purged_floors":[29,36],"is_endless":false,"potions_floor_spawned":[2,12,16,24,27,28,33,35,37,45],"ascension_level":9}