{"gold_per_floor":[114,64,16,16,16,54,54,98,150,188,188,204,204,204,204,204],"floor_reached":16,"playtime":595,"items_purged":[],"score":271,"play_id":"e41cd64c-c5eb-4f4b-9690-1568e9cc9b00","local_time":"20180921200526","is_ascension_mode":true,"campfire_choices":[{"floor":7,"key":"REST"},{"data":"Storm","floor":11,"key":"SMITH"},{"data":"White Noise","floor":13,"key":"SMITH"},{"data":"Dualcast","floor":15,"key":"SMITH"}],"neow_cost":"NONE","seed_source_timestamp":544843685964792,"circlet_count":0,"master_deck":["Strike_B","Strike_B","Strike_B","Strike_B","Defend_B","Defend_B","Defend_B","Zap","Dualcast+1","AscendersBane","White Noise+1","Compile Driver","Storm+1","Self Repair","Leap+1","Force Field+1"],"relics":["Cracked Core","NeowsBlessing","Golden Idol","Ginger","Toxic Egg 2","Juzu Bracelet","Bird Faced Urn","Ornamental Fan"],"potions_floor_usage":[10],"damage_taken":[{"damage":0,"enemies":"Jaw Worm","floor":1,"turns":1},{"damage":0,"enemies":"Lagavulin","floor":6,"turns":1},{"damage":0,"enemies":"3 Sentries","floor":8,"turns":1},{"damage":25,"enemies":"Lagavulin","floor":10,"turns":5},{"damage":0,"enemies":"Small Slimes","floor":12,"turns":3},{"damage":79,"enemies":"Hexaghost","floor":16,"turns":10}],"seed_played":"-4367861798887071760","potions_obtained":[{"floor":1,"key":"AttackPotion"},{"floor":4,"key":"Fire Potion"},{"floor":4,"key":"SmokeBomb"},{"floor":12,"key":"SmokeBomb"}],"is_trial":false,"path_per_floor":["M","?","$","?","?","E","R","E","T","E","R","M","R","T","R"],"character_chosen":"DEFECT","items_purchased":["Compile Driver"],"campfire_rested":1,"item_purchase_floors":[3],"current_hp_per_floor":[68,68,68,68,50,50,72,72,72,54,54,67,67,67,67,0],"gold":204,"neow_bonus":"THREE_ENEMY_KILL","is_prod":false,"is_daily":false,"chose_seed":false,"campfire_upgraded":3,"win_rate":0,"timestamp":1537553126,"path_taken":["M","?","$","?","?","E","R","E","T","E","R","M","R","?","R","BOSS"],"build_version":"2018-09-20","purchased_purges":0,"victory":false,"max_hp_per_floor":[75,75,75,75,75,75,75,75,75,75,75,75,75,75,75,75],"card_choices":[{"not_picked":["Barrage","Aggregate"],"picked":"White Noise","floor":1},{"not_picked":["Hologram","Turbo"],"picked":"Storm","floor":6},{"not_picked":["Coolheaded","Stack"],"picked":"Self Repair","floor":8},{"not_picked":["Beam Cell","Biased Cognition"],"picked":"Leap+1","floor":10},{"not_picked":["Recycle+1","Redo+1"],"picked":"Force Field+1","floor":12}],"player_experience":485367,"relics_obtained":[{"floor":6,"key":"Ginger"},{"floor":8,"key":"Toxic Egg 2"},{"floor":9,"key":"Juzu Bracelet"},{"floor":10,"key":"Bird Faced Urn"},{"floor":14,"key":"Ornamental Fan"}],"event_choices":[{"event_name":"The Cleric","player_choice":"Card Removal","floor":2,"damage_taken":0},{"event_name":"The Lab","player_choice":"Got Potions","floor":4,"damage_taken":0},{"event_name":"Golden Idol","player_choice":"Take Damage","floor":5,"damage_taken":0}],"is_beta":false,"boss_relics":[],"items_purged_floors":[],"is_endless":false,"potions_floor_spawned":[1,6,12],"killed_by":"Hexaghost","ascension_level":13}