{"path_per_floor":["M","?","$","?","$","E","M","M","T","?","?","R","M","E","R","B",null,"M","?","M","$","?","R","M","R","T","M","T","?","$","M","R","B",null,"M","?","$"],"character_chosen":"IRONCLAD","items_purchased":["Whetstone","Thread and Needle"],"gold_per_floor":[118,118,118,74,74,101,115,135,135,188,188,188,201,231,231,328,328,344,344,356,201,201,201,218,218,218,231,313,313,20,36,36,136,136,156,156,81,81],"floor_reached":38,"campfire_rested":3,"playtime":2235,"current_hp_per_floor":[80,80,80,80,80,53,55,49,49,49,49,73,80,75,75,24,87,61,61,43,43,43,62,31,50,50,41,41,41,41,55,55,16,65,42,42,42,0],"items_purged":["Decay"],"gold":81,"score":405,"play_id":"82b7152a-1bfb-42a4-b181-54c17148ede4","local_time":"20180409174440","is_prod":false,"is_daily":false,"is_ascension_mode":false,"campfire_upgraded":2,"timestamp":1523292280,"path_taken":["M","?","?","?","$","E","M","?","T","?","?","R","M","E","R","BOSS","M","?","M","$","?","R","M","R","T","M","?","?","$","M","R","BOSS","M","?","$","?"],"build_version":"2018-04-05v2","purchased_purges":2,"victory":false,"master_deck":["Defend_R","Defend_R","Defend_R","Defend_R","Bash","Uppercut+1","Bash","Armaments","Feed","Anger+1","Flex","Pommel Strike","Iron Wave","Double Tap","Metallicize+1","Pummel+1","Bite","Bite","Bite","Bite","Bite","Hemokinesis+1","Rage+1","Spot Weakness","Clothesline+1","Offering","Parasite","Disarm"],"max_hp_per_floor":[80,80,80,80,80,80,80,80,80,80,80,80,84,87,87,87,87,90,90,93,93,65,65,65,65,65,65,65,65,65,65,65,65,65,68,68,68,71],"relics":["Burning Blood","Pen Nib","Torii","Shuriken","Runic Pyramid","Whetstone","Orichalcum","Toolbox","Thread and Needle","Calling Bell","Dream Catcher","Frozen Egg 2","Kunai","Spirit Poop"],"card_choices":[{"not_picked":["Twin Strike","Pommel Strike"],"picked":"Uppercut","floor":1},{"not_picked":["Carnage","True Grit"],"picked":"Feed","floor":6},{"not_picked":["Pommel Strike","Shrug It Off"],"picked":"Anger","floor":7},{"not_picked":["True Grit","Ghostly Armor"],"picked":"Flex","floor":8},{"not_picked":["Headbutt","Clash"],"picked":"Iron Wave","floor":13},{"not_picked":["Cleave","True Grit"],"picked":"Corruption","floor":14},{"not_picked":["Limit Break","Dark Embrace"],"picked":"Double Tap","floor":16},{"not_picked":["Perfected Strike","Feel No Pain"],"picked":"Metallicize","floor":18},{"not_picked":["Heavy Blade","Wild Strike"],"picked":"Pummel","floor":20},{"not_picked":["Entrench","Feel No Pain"],"picked":"Hemokinesis","floor":24},{"not_picked":["Havoc","Rupture"],"picked":"Rage","floor":27},{"not_picked":["Bloodletting","Wild Strike"],"picked":"Clothesline","floor":31},{"not_picked":["Bludgeon","Exhume"],"picked":"Offering","floor":33},{"not_picked":["True Grit","Inflame"],"picked":"Disarm","floor":35}],"player_experience":36999,"potions_floor_usage":[14,14,33],"damage_taken":[{"damage":0,"enemies":"Small Slimes","floor":1,"turns":3},{"damage":33,"enemies":"3 Sentries","floor":6,"turns":8},{"damage":4,"enemies":"Cultist","floor":7,"turns":3},{"damage":12,"enemies":"2 Louse","floor":8,"turns":2},{"damage":3,"enemies":"Lots of Slimes","floor":13,"turns":4},{"damage":14,"enemies":"Lagavulin","floor":14,"turns":6},{"damage":57,"enemies":"The Guardian","floor":16,"turns":10},{"damage":35,"enemies":"3 Byrds","floor":18,"turns":7},{"damage":27,"enemies":"2 Thieves","floor":20,"turns":4},{"damage":46,"enemies":"Snecko","floor":24,"turns":8},{"damage":23,"enemies":"Slaver and Parasite","floor":27,"turns":4},{"damage":2,"enemies":"Cultist and Chosen","floor":31,"turns":5},{"damage":57,"enemies":"Automaton","floor":33,"turns":8},{"damage":39,"enemies":"3 Shapes","floor":35,"turns":5},{"damage":53,"enemies":"Mysterious Sphere","floor":38,"turns":7}],"event_choices":[{"event_name":"Match and Keep!","player_choice":"2 cards matched","floor":2,"damage_taken":0},{"event_name":"World of Goop","player_choice":"Left","floor":4,"damage_taken":0},{"event_name":"Golden Wing","player_choice":"Gained Gold","floor":10,"damage_taken":0},{"event_name":"Living Wall","player_choice":"Change","floor":11,"damage_taken":0},{"event_name":"Back to Basics","player_choice":"Elegance","floor":19,"damage_taken":0},{"event_name":"Vampires","player_choice":"Became a vampire","floor":22,"damage_taken":0},{"event_name":"The Library","player_choice":"Read","floor":29,"damage_taken":0},{"event_name":"Bonfire Elementals","player_choice":"CURSE","floor":36,"damage_taken":0},{"event_name":"Mysterious Sphere","player_choice":"Fight","floor":38,"damage_taken":0}],"boss_relics":[{"not_picked":["Tiny House","Lizard Tail"],"picked":"Runic Pyramid"},{"not_picked":["Orrery","Snecko Eye"],"picked":"Calling Bell"}],"potions_floor_spawned":[6,8,13,18,27],"seed_played":"-582629899141465760","killed_by":"Mysterious Sphere","ascension_level":0,"is_trial":false}