{"gold_per_floor":[114,114,89,104,119,179,179,179,204,219,219,234,249,249,249,349,349,364,379,379,394,409,409,439,454,479,509,524,524,99,99,99,199,199,214,214,229,244,144,174,493,493,493,508,523,523,553,568,568,568],"floor_reached":51,"playtime":1332,"items_purged":["Strike_R","Strike_R"],"score":1151,"play_id":"e0ca463a-b5a1-462e-b9fc-84834e9a1708","local_time":"20180826160734","daily_mods":["Specialized","Cursed Run","Time Dilation"],"is_ascension_mode":false,"campfire_choices":[{"data":"Whirlwind","floor":7,"key":"SMITH"},{"data":"Sword Boomerang","floor":11,"key":"SMITH"},{"floor":15,"key":"REST"},{"data":"Limit Break","floor":23,"key":"SMITH"},{"data":"Armaments","floor":32,"key":"SMITH"},{"floor":42,"key":"REST"},{"floor":49,"key":"REST"}],"neow_cost":"","seed_source_timestamp":0,"circlet_count":0,"master_deck":["Strike_R","Strike_R","Defend_R","Defend_R","Defend_R","Defend_R","Bash+1","Offering","Offering","Offering","Offering","Offering","Heavy Blade","Sword Boomerang+1","Pommel Strike","Twin Strike","Whirlwind+1","Decay","Parasite","Double Tap+1","Feed","Writhe","Limit Break+1","True Grit+1","Double Tap+1","Shrug It Off","Reaper","Metallicize+1","Shrug It Off","Doubt","Armaments+1","Shame","Pain","Feed","Heavy Blade+1","Clumsy","Clothesline+1","Parasite","Regret"],"special_seed":17769,"relics":["Cursed Key","Darkstone Periapt","Du-Vu Doll","Tiny Chest","Red Skull","Orichalcum","Runic Dome","Torii","Happy Flower","Calipers","Ice Cream","Chemical X","Regal Pillow","Fusion Hammer","Ginger","Old Coin","Gambling Chip","Charon\u0027s Ashes","Potion Belt"],"potions_floor_usage":[16,21,21,24,24,33],"damage_taken":[{"damage":6,"enemies":"2 Louse","floor":1,"turns":3},{"damage":7,"enemies":"Jaw Worm","floor":4,"turns":2},{"damage":0,"enemies":"Cultist","floor":5,"turns":2},{"damage":12,"enemies":"Lagavulin","floor":6,"turns":2},{"damage":12,"enemies":"Exordium Wildlife","floor":10,"turns":1},{"damage":12,"enemies":"Lots of Slimes","floor":12,"turns":1},{"damage":6,"enemies":"Large Slime","floor":13,"turns":1},{"damage":31,"enemies":"The Guardian","floor":16,"turns":2},{"damage":6,"enemies":"2 Thieves","floor":18,"turns":1},{"damage":6,"enemies":"Spheric Guardian","floor":19,"turns":1},{"damage":17,"enemies":"Shelled Parasite and Fungi","floor":21,"turns":2},{"damage":0,"enemies":"Snecko","floor":22,"turns":2},{"damage":26,"enemies":"Slavers","floor":24,"turns":3},{"damage":6,"enemies":"Snake Plant","floor":25,"turns":1},{"damage":6,"enemies":"Gremlin Leader","floor":27,"turns":1},{"damage":1,"enemies":"Cultist and Chosen","floor":28,"turns":2},{"damage":31,"enemies":"Automaton","floor":33,"turns":4},{"damage":0,"enemies":"3 Darklings","floor":35,"turns":2},{"damage":12,"enemies":"Orb Walker","floor":37,"turns":1},{"damage":32,"enemies":"4 Shapes","floor":38,"turns":2},{"damage":18,"enemies":"2 Orb Walkers","floor":40,"turns":2},{"damage":28,"enemies":"Mysterious Sphere","floor":41,"turns":2},{"damage":8,"enemies":"3 Darklings","floor":44,"turns":1},{"damage":6,"enemies":"Maw","floor":45,"turns":2},{"damage":12,"enemies":"Giant Head","floor":47,"turns":3},{"damage":0,"enemies":"Flame Bruiser 2 Orb","floor":48,"turns":1},{"damage":12,"enemies":"Donu and Deca","floor":50,"turns":1}],"seed_played":"1407461410960682535","potions_obtained":[{"floor":6,"key":"PowerPotion"},{"floor":13,"key":"Explosive Potion"},{"floor":18,"key":"EntropicBrew"},{"floor":21,"key":"AttackPotion"},{"floor":24,"key":"SpeedPotion"},{"floor":27,"key":"Dexterity Potion"},{"floor":28,"key":"FearPotion"},{"floor":35,"key":"Regen Potion"},{"floor":47,"key":"Block Potion"},{"floor":48,"key":"Swift Potion"}],"is_trial":false,"path_per_floor":["M","?","$","M","M","E","R","T","T","M","R","M","M","?","R","B",null,"M","M","?","M","M","R","E","M","T","E","M","?","$","?","R","B",null,"M","?","M","M","$","E","?","R","T","M","M","T","E","M","R","B"],"character_chosen":"IRONCLAD","items_purchased":["Sword Boomerang","Chemical X","Regal Pillow"],"campfire_rested":3,"item_purchase_floors":[3,30,30],"current_hp_per_floor":[74,74,74,67,67,55,55,61,67,55,55,43,37,37,64,42,101,95,92,92,75,75,75,49,43,49,43,113,119,119,119,119,113,125,125,125,113,84,84,85,60,114,120,112,106,112,100,100,143,137],"gold":568,"neow_bonus":"","is_prod":false,"is_daily":true,"chose_seed":false,"campfire_upgraded":4,"win_rate":0,"timestamp":1535324854,"path_taken":["M","?","$","M","M","E","R","?","T","M","R","?","M","?","R","BOSS","M","M","?","?","M","R","E","M","T","E","M","?","$","?","R","BOSS","M","?","M","M","?","E","?","R","T","?","M","?","E","M","R","BOSS"],"build_version":"2018-08-23v2","purchased_purges":2,"victory":true,"max_hp_per_floor":[80,80,80,80,80,80,80,86,92,92,92,92,92,92,92,101,101,101,104,104,104,104,104,104,104,110,110,113,119,119,119,119,125,125,125,125,125,128,128,128,131,131,137,137,137,143,143,143,143,149],"card_choices":[{"not_picked":["True Grit","Fire Breathing"],"picked":"Heavy Blade","floor":1},{"not_picked":["Clash","Cleave"],"picked":"Pommel Strike","floor":4},{"not_picked":["Havoc","Heavy Blade"],"picked":"Twin Strike","floor":5},{"not_picked":["Clash","Havoc"],"picked":"Whirlwind","floor":6},{"not_picked":["Wild Strike","Warcry","Power Through"],"picked":"SKIP","floor":10},{"not_picked":["Twin Strike","Clash"],"picked":"Double Tap","floor":12},{"not_picked":["Warcry","Shrug It Off"],"picked":"Feed","floor":13},{"not_picked":["Juggernaut","Exhume"],"picked":"Limit Break","floor":16},{"not_picked":["Cleave+1","Rage"],"picked":"True Grit+1","floor":18},{"not_picked":["Clash","Headbutt+1"],"picked":"Inflame","floor":19},{"not_picked":["Wild Strike+1","Pommel Strike"],"picked":"Shrug It Off","floor":21},{"not_picked":["Wild Strike","Clash"],"picked":"Reaper","floor":22},{"not_picked":["Headbutt","Fire Breathing"],"picked":"Metallicize+1","floor":24},{"not_picked":["Rage","Iron Wave+1"],"picked":"Shrug It Off","floor":25},{"not_picked":["Bloodletting+1","Disarm+1","Clash"],"picked":"SKIP","floor":27},{"not_picked":["Iron Wave","Infernal Blade+1"],"picked":"Armaments","floor":28},{"not_picked":["Brutality","Exhume"],"picked":"Feed","floor":33},{"not_picked":["Anger","Dropkick","Power Through+1"],"picked":"SKIP","floor":35},{"not_picked":["Body Slam","Armaments","Reckless Charge+1"],"picked":"SKIP","floor":37},{"not_picked":["Corruption","Heavy Blade+1","Dropkick"],"picked":"SKIP","floor":38},{"not_picked":["Corruption","Dropkick"],"picked":"Heavy Blade+1","floor":38},{"not_picked":["Fire Breathing","Iron Wave+1","Corruption"],"picked":"SKIP","floor":40},{"not_picked":["Twin Strike+1","Exhume","Wild Strike"],"picked":"SKIP","floor":44},{"not_picked":["Ghostly Armor+1","Heavy Blade+1"],"picked":"Clothesline+1","floor":45},{"not_picked":["Sword Boomerang","Entrench","Evolve"],"picked":"SKIP","floor":47},{"not_picked":["Sever Soul+1","Sword Boomerang+1","Armaments"],"picked":"SKIP","floor":48}],"player_experience":441351,"relics_obtained":[{"floor":6,"key":"Tiny Chest"},{"floor":8,"key":"Red Skull"},{"floor":9,"key":"Orichalcum"},{"floor":24,"key":"Torii"},{"floor":26,"key":"Happy Flower"},{"floor":27,"key":"Calipers"},{"floor":40,"key":"Ginger"},{"floor":41,"key":"Old Coin"},{"floor":43,"key":"Gambling Chip"},{"floor":46,"key":"Charon\u0027s Ashes"},{"floor":47,"key":"Potion Belt"}],"event_choices":[{"event_name":"Living Wall","player_choice":"Grow","floor":2,"damage_taken":0},{"event_name":"Upgrade Shrine","player_choice":"Upgraded","floor":14,"damage_taken":0},{"event_name":"Duplicator","player_choice":"One dupe","floor":20,"damage_taken":0},{"event_name":"Addict","player_choice":"Stole Relic","floor":29,"damage_taken":0},{"event_name":"Back to Basics","player_choice":"Elegance","floor":31,"damage_taken":0},{"event_name":"Falling","player_choice":"Removed Power","floor":36,"damage_taken":0},{"event_name":"Mysterious Sphere","player_choice":"Fight","floor":41,"damage_taken":0}],"is_beta":false,"boss_relics":[{"not_picked":["Astrolabe","Runic Pyramid"],"picked":"Runic Dome"},{"not_picked":["Coffee Dripper","Orrery"],"picked":"Fusion Hammer"}],"items_purged_floors":[30,39],"is_endless":false,"potions_floor_spawned":[6,13,18,21,24,27,28,35,47,48],"ascension_level":0}