{"gold_per_floor":[111,111,186,186,205,233,233,246,272,290,290,290,290,305,305,379,379,391,405,405,419,419,419,449,449,449,474,485,497,422,422,422,493,493,509,526,546,565,157,157,184,32,32,32,84,100,100,111,111,111],"floor_reached":51,"playtime":3235,"items_purged":[],"score":1217,"play_id":"b7f1a90e-9c06-40ff-9197-5135c306df80","local_time":"20180816162336","is_ascension_mode":true,"campfire_choices":[{"floor":7,"key":"REST"},{"floor":12,"key":"REST"},{"data":"A Thousand Cuts","floor":15,"key":"SMITH"},{"floor":23,"key":"REST"},{"data":"After Image","floor":25,"key":"SMITH"},{"data":"Cloak And Dagger","floor":32,"key":"SMITH"},{"data":"Apotheosis","floor":40,"key":"SMITH"},{"data":"Footwork","floor":44,"key":"SMITH"},{"data":"Cloak And Dagger","floor":49,"key":"SMITH"}],"neow_cost":"TEN_PERCENT_HP_LOSS","seed_source_timestamp":159454889528781,"circlet_count":0,"master_deck":["Defend_G","Defend_G","Defend_G","Defend_G","Defend_G","Strike_G","Strike_G","Strike_G","Survivor","Neutralize","AscendersBane","A Thousand Cuts+1","Well Laid Plans","Terror","A Thousand Cuts+1","Footwork+1","Deflect","Deflect","After Image+1","Dagger Spray+1","Cloak And Dagger+1","Cloak And Dagger+1","Tools of the Trade","Dagger Spray","Sucker Punch","Cloak And Dagger+1","Apotheosis+1","Blade Dance"],"relics":["Ring of the Snake","Centennial Puzzle","Pen Nib","Pantograph","Calling Bell","Regal Pillow","Meat on the Bone","Bird Faced Urn","Pear","Mummified Hand","Sozu","HandDrill","Potion Belt","Boot","Singing Bowl","Incense Burner"],"potions_floor_usage":[6,6,24,24,33,50],"damage_taken":[{"damage":15,"enemies":"Small Slimes","floor":1,"turns":4},{"damage":4,"enemies":"Jaw Worm","floor":5,"turns":4},{"damage":8,"enemies":"Gremlin Nob","floor":6,"turns":5},{"damage":3,"enemies":"Cultist","floor":8,"turns":4},{"damage":3,"enemies":"Blue Slaver","floor":10,"turns":5},{"damage":10,"enemies":"2 Fungi Beasts","floor":14,"turns":4},{"damage":22,"enemies":"Hexaghost","floor":16,"turns":11},{"damage":22,"enemies":"Shell Parasite","floor":18,"turns":9},{"damage":28,"enemies":"Spheric Guardian","floor":19,"turns":8},{"damage":22,"enemies":"Snecko","floor":21,"turns":5},{"damage":23,"enemies":"Book of Stabbing","floor":24,"turns":7},{"damage":48,"enemies":"Gremlin Leader","floor":27,"turns":6},{"damage":1,"enemies":"Chosen and Byrds","floor":28,"turns":5},{"damage":1,"enemies":"3 Cultists","floor":29,"turns":4},{"damage":70,"enemies":"Champ","floor":33,"turns":13},{"damage":10,"enemies":"Orb Walker","floor":35,"turns":3},{"damage":16,"enemies":"3 Shapes","floor":36,"turns":6},{"damage":3,"enemies":"Sphere and 2 Shapes","floor":37,"turns":4},{"damage":17,"enemies":"Flame Bruiser 2 Orb","floor":38,"turns":5},{"damage":27,"enemies":"Nemesis","floor":41,"turns":7},{"damage":10,"floor":45,"turns":3},{"damage":3,"enemies":"3 Darklings","floor":46,"turns":4},{"damage":11,"enemies":"Transient","floor":48,"turns":5},{"damage":35,"enemies":"Donu and Deca","floor":50,"turns":10}],"seed_played":"-8001693030867311554","potions_obtained":[{"floor":1,"key":"GhostInAJar"},{"floor":5,"key":"Swift Potion"},{"floor":16,"key":"EssenceOfSteel"},{"floor":18,"key":"Poison Potion"},{"floor":28,"key":"Regen Potion"},{"floor":33,"key":"LiquidBronze"}],"is_trial":false,"path_per_floor":["M","?","?","?","M","E","R","M","T","M","?","R","T","M","R","B",null,"M","M","?","M","?","R","E","R","T","E","M","M","?","?","R","B",null,"M","M","M","M","$","R","E","$","T","R","?","M","?","M","R","B"],"character_chosen":"THE_SILENT","items_purchased":["Apotheosis","HandDrill","Boot"],"campfire_rested":3,"item_purchase_floors":[39,39,42],"current_hp_per_floor":[44,44,33,26,22,14,32,29,29,26,26,44,44,34,34,37,54,42,36,36,36,36,57,44,44,44,18,39,48,48,48,48,22,56,58,54,63,54,54,54,39,39,39,39,39,50,50,53,53,42],"gold":111,"neow_bonus":"THREE_RARE_CARDS","is_prod":false,"is_daily":false,"chose_seed":false,"campfire_upgraded":6,"win_rate":0,"timestamp":1534461816,"path_taken":["M","?","?","?","M","E","R","M","T","?","?","R","?","M","R","BOSS","M","M","?","M","?","R","E","R","T","E","?","M","?","?","R","BOSS","M","M","?","M","?","R","E","$","T","R","?","M","?","?","R","BOSS"],"build_version":"2018-08-09","purchased_purges":0,"victory":true,"max_hp_per_floor":[60,60,60,60,60,60,60,60,60,60,60,60,60,60,60,60,60,60,60,57,57,57,57,67,67,67,67,67,67,67,67,67,67,67,67,67,67,67,67,67,67,67,67,67,67,69,69,71,71,71],"card_choices":[{"not_picked":["Storm of Steel","Bullet Time"],"picked":"A Thousand Cuts","floor":0},{"not_picked":["Reflex","Deadly Poison"],"picked":"Well Laid Plans","floor":1},{"not_picked":["Bane","Poisoned Stab"],"picked":"Terror","floor":5},{"not_picked":["Noxious Fumes","Deflect"],"picked":"A Thousand Cuts","floor":6},{"not_picked":["Prepared","Quick Slash"],"picked":"Footwork","floor":8},{"not_picked":["Poisoned Stab","Heel Hook"],"picked":"Deflect","floor":10},{"not_picked":["Caltrops","Tactician"],"picked":"Deflect","floor":14},{"not_picked":["Envenom","Corpse Explosion"],"picked":"After Image","floor":16},{"not_picked":["Riddle With Holes","Flechettes"],"picked":"Dagger Spray+1","floor":18},{"not_picked":["All Out Attack","Crippling Poison","Accuracy"],"picked":"SKIP","floor":19},{"not_picked":["Acrobatics","Calculated Gamble","Riddle With Holes"],"picked":"SKIP","floor":21},{"not_picked":["PiercingWail","Setup","All Out Attack+1"],"picked":"SKIP","floor":24},{"not_picked":["Venomology","Acrobatics"],"picked":"Cloak And Dagger","floor":27},{"not_picked":["Reflex+1","Dash","Bane"],"picked":"SKIP","floor":28},{"not_picked":["Flying Knee","Night Terror"],"picked":"Cloak And Dagger","floor":29},{"not_picked":["Venomology","Grand Finale"],"picked":"Tools of the Trade","floor":33},{"not_picked":["Concentrate","Dagger Spray","Deadly Poison"],"picked":"SKIP","floor":35},{"not_picked":["Concentrate","Deadly Poison"],"picked":"Dagger Spray","floor":35},{"not_picked":["Finisher","Bane"],"picked":"Sucker Punch","floor":36},{"not_picked":["Skewer+1","Acrobatics","Quick Slash"],"picked":"SKIP","floor":37},{"not_picked":["Dagger Spray","Outmaneuver"],"picked":"Cloak And Dagger+1","floor":38},{"not_picked":["Bouncing Flask","Eviscerate","Outmaneuver+1"],"picked":"SKIP","floor":41},{"not_picked":["Flechettes","Dagger Throw"],"picked":"Blade Dance","floor":45},{"not_picked":["Skewer","Envenom","Deflect"],"picked":"Singing Bowl","floor":46},{"not_picked":["Dagger Throw+1","Outmaneuver+1","Acrobatics+1"],"picked":"Singing Bowl","floor":48}],"player_experience":409765,"relics_obtained":[{"floor":6,"key":"Centennial Puzzle"},{"floor":9,"key":"Pen Nib"},{"floor":13,"key":"Pantograph"},{"floor":17,"key":"Regal Pillow"},{"floor":17,"key":"Meat on the Bone"},{"floor":17,"key":"Bird Faced Urn"},{"floor":24,"key":"Pear"},{"floor":26,"key":"Mummified Hand"},{"floor":41,"key":"Potion Belt"},{"floor":43,"key":"Singing Bowl"},{"floor":45,"key":"Incense Burner"}],"event_choices":[{"event_name":"Living Wall","player_choice":"Grow","floor":2,"damage_taken":0},{"event_name":"World of Goop","player_choice":"Gather Gold","floor":3,"damage_taken":0},{"event_name":"Golden Wing","player_choice":"Card Removal","floor":4,"damage_taken":0},{"event_name":"Shining Light","player_choice":"Ignored","floor":11,"damage_taken":0},{"event_name":"Fountain of Cleansing","player_choice":"Removed Curse","floor":20,"damage_taken":0},{"event_name":"Ghosts","player_choice":"Ignored","floor":22,"damage_taken":0},{"event_name":"Beggar","player_choice":"Gave Gold","floor":30,"damage_taken":0},{"event_name":"Drug Dealer","player_choice":"Ignored","floor":31,"damage_taken":0},{"event_name":"Mysterious Sphere","player_choice":"Fight","floor":45,"damage_taken":0},{"event_name":"Match and Keep!","player_choice":"0 cards matched","floor":47,"damage_taken":0}],"is_beta":false,"boss_relics":[{"not_picked":["WristBlade","Philosopher\u0027s Stone"],"picked":"Calling Bell"},{"not_picked":["Ring of the Serpent","Velvet Choker"],"picked":"Sozu"}],"items_purged_floors":[],"is_endless":false,"potions_floor_spawned":[1,5,16,18,21,28,33,36,41,45,46],"ascension_level":15}