{"gold_per_floor":[115,131,147,70,70,70,99,114,168,179,179,74,93,122,122,223,223,236,21,35,35,46,46,76,76],"floor_reached":25,"playtime":926,"items_purged":[],"score":315,"play_id":"be1f219e-dc6b-48c2-9b1e-bcf01a337244","local_time":"20181228162506","is_ascension_mode":true,"campfire_choices":[{"data":"Sunder","floor":6,"key":"SMITH"},{"floor":15,"key":"REST"},{"floor":23,"key":"REST"}],"neow_cost":"NONE","seed_source_timestamp":609455517718454,"circlet_count":0,"master_deck":["Zap+1","Dualcast","Stack","Genetic Algorithm","Tempest","Sunder+1","Streamline","Go for the Eyes","Conserve Battery","Glacier","Rip and Tear","Loop","Core Surge","Amplify","Meteor Strike","Gash","Beam Cell","Heatsinks","Amplify","Fusion","Lockon","Steam","Cold Snap+1","All For One","Glacier","Conserve Battery","Stack","Gash+1"],"relics":["Cracked Core","Sundial","Potion Belt","Blood Vial","Pandora\u0027s Box","Strawberry"],"potions_floor_usage":[7,16,16,18,24,24,24,24],"damage_taken":[{"damage":3,"enemies":"2 Louse","floor":1,"turns":2},{"damage":12,"enemies":"Jaw Worm","floor":2,"turns":3},{"damage":0,"enemies":"Cultist","floor":3,"turns":4},{"damage":2,"enemies":"Gremlin Nob","floor":7,"turns":3},{"damage":25,"enemies":"Lots of Slimes","floor":8,"turns":4},{"damage":0,"enemies":"Large Slime","floor":10,"turns":4},{"damage":4,"enemies":"3 Louse","floor":13,"turns":3},{"damage":11,"enemies":"Lagavulin","floor":14,"turns":5},{"damage":10,"enemies":"The Guardian","floor":16,"turns":8},{"damage":20,"enemies":"2 Thieves","floor":18,"turns":3},{"damage":6,"enemies":"Chosen","floor":20,"turns":4},{"damage":20,"enemies":"Shelled Parasite and Fungi","floor":22,"turns":6},{"damage":11,"enemies":"Slavers","floor":24,"turns":5},{"damage":39,"enemies":"Cultist and Chosen","floor":25,"turns":6}],"seed_played":"587390223502938011","potions_obtained":[{"floor":3,"key":"Energy Potion"},{"floor":8,"key":"PowerPotion"},{"floor":10,"key":"FocusPotion"},{"floor":13,"key":"GamblersBrew"},{"floor":21,"key":"Weak Potion"},{"floor":21,"key":"Weak Potion"},{"floor":21,"key":"Fire Potion"},{"floor":22,"key":"EssenceOfSteel"}],"is_trial":false,"path_per_floor":["M","M","M","$","?","R","E","M","T","M","?","$","M","E","R","B",null,"M","$","M","?","M","R","E","M"],"character_chosen":"DEFECT","items_purchased":["Sunder","Glacier","Rip and Tear","All For One","Glacier"],"campfire_rested":2,"item_purchase_floors":[4,12,12,19,19],"current_hp_per_floor":[65,53,53,53,38,38,36,11,11,11,36,36,32,21,43,35,65,47,47,43,43,25,47,45,8],"gold":76,"neow_bonus":"UPGRADE_CARD","is_prod":false,"is_daily":false,"chose_seed":false,"campfire_upgraded":1,"win_rate":0,"timestamp":1546010706,"path_taken":["M","M","M","$","?","R","E","M","T","M","?","$","M","E","R","BOSS","M","$","M","?","M","R","E","M"],"build_version":"2018-12-20","purchased_purges":0,"victory":false,"max_hp_per_floor":[75,75,75,75,75,75,75,75,75,75,75,75,75,75,75,75,75,75,75,75,75,75,75,82,82],"card_choices":[{"not_picked":["Barrage","Compile Driver"],"picked":"Stack","floor":1},{"not_picked":["Beam Cell","Self Repair"],"picked":"Genetic Algorithm","floor":2},{"not_picked":["Capacitor","Barrage"],"picked":"Tempest","floor":3},{"not_picked":["Gash","Compile Driver"],"picked":"Streamline","floor":7},{"not_picked":["Conserve Battery","Steam"],"picked":"Go for the Eyes","floor":8},{"not_picked":["Coolheaded","Compile Driver"],"picked":"Conserve Battery","floor":10},{"not_picked":["Static Discharge","Turbo"],"picked":"Loop","floor":13},{"not_picked":["Coolheaded","Conserve Battery"],"picked":"Core Surge","floor":14},{"not_picked":["Meteor Strike","Reboot"],"picked":"Amplify","floor":16},{"not_picked":["Barrage","Redo+1"],"picked":"Cold Snap+1","floor":18},{"not_picked":["Barrage","Reinforced Body"],"picked":"Conserve Battery","floor":20},{"not_picked":["Genetic Algorithm","Reinforced Body+1"],"picked":"Stack","floor":22},{"not_picked":["Rip and Tear","Capacitor"],"picked":"Gash+1","floor":24}],"player_experience":463606,"relics_obtained":[{"floor":7,"key":"Sundial"},{"floor":9,"key":"Potion Belt"},{"floor":14,"key":"Blood Vial"},{"floor":24,"key":"Strawberry"}],"event_choices":[{"damage_healed":0,"gold_gain":0,"player_choice":"Entered Light","damage_taken":15,"max_hp_gain":0,"max_hp_loss":0,"event_name":"Shining Light","floor":5,"gold_loss":0,"cards_upgraded":["Defend_B","Strike_B"]},{"damage_healed":25,"gold_gain":0,"player_choice":"Banana","damage_taken":0,"max_hp_gain":0,"max_hp_loss":0,"event_name":"Big Fish","floor":11,"gold_loss":0},{"damage_healed":0,"gold_gain":0,"player_choice":"Got Potions","damage_taken":0,"max_hp_gain":0,"max_hp_loss":0,"event_name":"Lab","floor":21,"gold_loss":0}],"is_beta":false,"boss_relics":[{"not_picked":["Sozu","Snecko Eye"],"picked":"Pandora\u0027s Box"}],"items_purged_floors":[],"is_endless":false,"potions_floor_spawned":[3,8,10,13,22],"killed_by":"Cultist and Chosen","ascension_level":7}