{"gold_per_floor":[114,39,54,69,84,84,84,109,159,189,189,189,189,208,208,333,333,352,352,2,2,2,40,3,3,3,41,41,41,41,41,41,166,196,215,215,548,563,563,593,593,643,668,683,621,636,636,86,86,86],"floor_reached":51,"playtime":2222,"items_purged":["Night Terror","Pain"],"score":955,"play_id":"e4b1d930-2d10-4e19-bb36-76a342f1fc0b","local_time":"20180729173656","daily_mods":["Specialized","Cursed Run","Binary"],"is_ascension_mode":false,"campfire_choices":[{"floor":6,"key":"REST"},{"floor":11,"key":"REST"},{"data":"Cloak And Dagger","floor":13,"key":"SMITH"},{"data":"Cloak And Dagger","floor":15,"key":"SMITH"},{"data":"Cloak And Dagger","floor":25,"key":"SMITH"},{"data":"Malaise","floor":30,"key":"SMITH"},{"data":"RitualDagger","floor":32,"key":"SMITH"},{"data":"Prepared","floor":41,"key":"SMITH"},{"data":"Neutralize","floor":49,"key":"SMITH"}],"neow_cost":"","seed_source_timestamp":0,"circlet_count":0,"master_deck":["Defend_G","Defend_G","Defend_G","Defend_G","Defend_G","Survivor","Neutralize+1","Cloak And Dagger+1","Decay","Writhe","Flying Knee","Injury","Cloak And Dagger+1","Glass Knife","Accuracy+1","Sucker Punch+1","Prepared+1","Flying Knee","Malaise+1","Cloak And Dagger+1","Backstab","Prepared+1","Bite","Bite","Bite","Bite","Bite","RitualDagger+1","Parasite","Die Die Die","Doubt","Clumsy","Regret","Dagger Throw","Prepared+1","Riddle With Holes","Pain","Normality","Blur","Infinite Blades+1","Acrobatics+1","Decay","Parasite"],"special_seed":17741,"relics":["Cursed Key","Darkstone Periapt","Du-Vu Doll","Ancient Tea Set","Bag of Marbles","Juzu Bracelet","Astrolabe","Shuriken","Omamori","Letter Opener","Mango","The Courier","Calling Bell","Tiny Chest","Ornamental Fan","Tingsha","Frozen Egg 2","Art of War","Centennial Puzzle","Strawberry","Ice Cream","Lee\u0027s Waffle","Happy Flower"],"potions_floor_usage":[23,33,39,50,50,50],"damage_taken":[{"damage":10,"enemies":"Cultist","floor":1,"turns":6},{"damage":3,"enemies":"Jaw Worm","floor":3,"turns":5},{"damage":15,"enemies":"Small Slimes","floor":4,"turns":5},{"damage":14,"enemies":"3 Louse","floor":5,"turns":6},{"damage":14,"enemies":"Gremlin Nob","floor":10,"turns":4},{"damage":7,"enemies":"Blue Slaver","floor":14,"turns":2},{"damage":18,"enemies":"Slime Boss","floor":16,"turns":8},{"damage":7,"enemies":"Chosen","floor":18,"turns":4},{"damage":9,"enemies":"Slavers","floor":23,"turns":6},{"damage":12,"enemies":"Book of Stabbing","floor":27,"turns":5},{"damage":22,"enemies":"Automaton","floor":33,"turns":8},{"damage":10,"enemies":"3 Shapes","floor":35,"turns":3},{"damage":0,"enemies":"Orb Walker","floor":38,"turns":1},{"damage":31,"floor":39,"turns":4},{"damage":4,"enemies":"Giant Head","floor":40,"turns":6},{"damage":6,"enemies":"Sphere and 2 Shapes","floor":44,"turns":2},{"damage":0,"enemies":"Maw","floor":46,"turns":4},{"damage":37,"enemies":"Awakened One","floor":50,"turns":9}],"seed_played":"3633398992768724987","potions_obtained":[{"floor":1,"key":"Strength Potion"},{"floor":3,"key":"PowerPotion"},{"floor":14,"key":"Dexterity Potion"},{"floor":27,"key":"Regen Potion"},{"floor":35,"key":"SkillPotion"},{"floor":44,"key":"PowerPotion"}],"is_trial":false,"path_per_floor":["M","$","M","M","M","R","?","T","T","E","R","?","R","M","R","B",null,"M","?","$","?","?","E","$","R","T","E","?","?","R","T","R","B",null,"M","$","?","M","?","E","R","T","T","M","$","M","T","$","R","B"],"character_chosen":"THE_SILENT","items_purchased":["Shuriken","Backstab","Infinite Blades+1","Ice Cream","Lee\u0027s Waffle","Happy Flower"],"campfire_rested":2,"item_purchase_floors":[20,24,45,48,48,48],"current_hp_per_floor":[60,60,57,42,28,49,42,48,54,40,64,70,70,63,63,51,94,87,87,87,87,87,78,78,78,78,80,75,69,69,69,69,63,99,89,89,89,91,64,72,72,78,84,82,82,88,101,131,131,118],"gold":86,"neow_bonus":"","is_prod":false,"is_daily":true,"chose_seed":false,"campfire_upgraded":7,"win_rate":0,"timestamp":1532911016,"path_taken":["M","?","?","M","M","R","?","?","T","E","R","?","R","M","R","BOSS","M","?","$","?","?","E","$","R","T","E","?","?","R","?","R","BOSS","M","$","?","M","?","E","R","?","T","M","$","M","?","$","R","BOSS"],"build_version":"2018-07-26","purchased_purges":2,"victory":true,"max_hp_per_floor":[70,70,70,70,70,70,70,76,82,82,82,88,88,88,88,94,94,94,94,94,94,94,94,94,94,94,108,75,75,75,75,75,81,99,99,99,99,99,99,99,99,105,111,111,111,111,124,131,131,137],"card_choices":[{"not_picked":["Well Laid Plans","Concentrate"],"picked":"SKIP","floor":1},{"not_picked":["Acrobatics","Deflect"],"picked":"SKIP","floor":3},{"not_picked":["Calculated Gamble","Masterful Stab"],"picked":"SKIP","floor":4},{"not_picked":["Flying Knee"],"picked":"Cloak And Dagger","floor":5},{"not_picked":["Well Laid Plans"],"picked":"Flying Knee","floor":10},{"not_picked":["Backflip"],"picked":"Cloak And Dagger","floor":14},{"not_picked":["Night Terror"],"picked":"Glass Knife","floor":16},{"not_picked":["Expertise+1","PiercingWail"],"picked":"SKIP","floor":18},{"not_picked":["Bane","Outmaneuver"],"picked":"SKIP","floor":23},{"not_picked":["PiercingWail"],"picked":"Prepared+1","floor":27},{"not_picked":["Bullet Time"],"picked":"Die Die Die","floor":33},{"not_picked":["Bane+1"],"picked":"Dagger Throw","floor":35},{"not_picked":["Poisoned Stab+1"],"picked":"Prepared","floor":38},{"not_picked":["Night Terror"],"picked":"Riddle With Holes","floor":40},{"not_picked":["Deflect"],"picked":"Blur","floor":44},{"not_picked":["Distraction"],"picked":"Acrobatics+1","floor":46}],"player_experience":387911,"relics_obtained":[{"floor":8,"key":"Ancient Tea Set"},{"floor":9,"key":"Bag of Marbles"},{"floor":10,"key":"Juzu Bracelet"},{"floor":23,"key":"Omamori"},{"floor":26,"key":"Letter Opener"},{"floor":27,"key":"Mango"},{"floor":31,"key":"The Courier"},{"floor":34,"key":"Tiny Chest"},{"floor":34,"key":"Ornamental Fan"},{"floor":39,"key":"Tingsha"},{"floor":40,"key":"Frozen Egg 2"},{"floor":42,"key":"Art of War"},{"floor":43,"key":"Centennial Puzzle"},{"floor":47,"key":"Strawberry"}],"event_choices":[{"event_name":"Golden Wing","player_choice":"Card Removal","floor":7,"damage_taken":0},{"event_name":"Golden Idol","player_choice":"Take Wound","floor":12,"damage_taken":0},{"event_name":"Match and Keep!","player_choice":"2 cards matched","floor":19,"damage_taken":0},{"event_name":"Beggar","player_choice":"Ignored","floor":21,"damage_taken":0},{"event_name":"The Library","player_choice":"Read","floor":22,"damage_taken":0},{"event_name":"Vampires","player_choice":"Became a vampire","floor":28,"damage_taken":0},{"event_name":"Nest","player_choice":"Joined the Cult","floor":29,"damage_taken":0},{"event_name":"The Moai Head","player_choice":"Gave Idol","floor":37,"damage_taken":0},{"event_name":"MindBloom","player_choice":"Fight","floor":39,"damage_taken":0}],"is_beta":false,"boss_relics":[{"not_picked":["Eternal Feather","Lizard Tail"],"picked":"Astrolabe"},{"not_picked":["Philosopher\u0027s Stone","HoveringKite"],"picked":"Calling Bell"}],"items_purged_floors":[2,20],"is_endless":false,"potions_floor_spawned":[1,3,14,27,35,44,46],"ascension_level":0}