{"path_per_floor":["M","?","M","M","?","E","M","T","T","R","M","$","R","$","R","B",null,"M","M","?"],"character_chosen":"IRONCLAD","items_purchased":["Bottled Tornado","Dexterity Potion"],"gold_per_floor":[109,109,128,147,247,274,284,284,311,311,326,16,16,16,16,118,118,137,103,103,103],"floor_reached":21,"campfire_rested":0,"playtime":1410,"current_hp_per_floor":[80,87,87,87,87,68,62,62,62,62,58,58,58,58,58,32,87,85,58,42,0],"items_purged":[],"gold":103,"score":179,"play_id":"26b0f549-6a42-480b-b4fd-9419074d72eb","local_time":"20180325191838","is_prod":false,"is_daily":false,"is_ascension_mode":false,"campfire_upgraded":3,"timestamp":1521998318,"path_taken":["M","?","M","M","?","E","M","?","T","R","M","$","R","$","R","BOSS","M","M","?","M"],"build_version":"2018-03-22v2","purchased_purges":0,"victory":false,"master_deck":["Strike_R","Strike_R","Strike_R","Strike_R","Defend_R+1","Defend_R","Defend_R","Defend_R","Bash","Headbutt","Flame Barrier+1","Regret","Flame Barrier","Armaments+1","Body Slam+1","Juggernaut+1","Bludgeon","Warcry","Iron Wave","Warcry","Ghostly Armor","Armaments","Shrug It Off","Necronomicurse"],"max_hp_per_floor":[80,87,87,87,87,87,87,87,87,87,87,87,87,87,87,87,87,87,87,87,87],"relics":["Burning Blood","Strawberry","War Paint","Sundial","Juzu Bracelet","Bottled Tornado","Orrery","Necronomicon"],"card_choices":[{"not_picked":["Thunderclap","Uppercut"],"picked":"Flame Barrier","floor":1},{"not_picked":["Armaments","Dual Wield"],"picked":"Flame Barrier","floor":3},{"not_picked":["Fire Breathing","Perfected Strike"],"picked":"Armaments","floor":4},{"not_picked":["Heavy Blade","Infernal Blade"],"picked":"Body Slam","floor":6},{"not_picked":["Pommel Strike","Anger"],"picked":"Juggernaut","floor":7},{"not_picked":["Double Tap","Reaper"],"picked":"Bludgeon","floor":16},{"not_picked":["Wild Strike","Searing Blow"],"picked":"Warcry","floor":17},{"not_picked":["Seeing Red","Battle Trance"],"picked":"Iron Wave","floor":17},{"not_picked":["Sword Boomerang","Clothesline"],"picked":"Warcry","floor":17},{"not_picked":["Wild Strike","Infernal Blade"],"picked":"Ghostly Armor","floor":17},{"not_picked":["Perfected Strike","Rupture"],"picked":"Armaments","floor":18},{"not_picked":["Brutality","Blood for Blood"],"picked":"Shrug It Off","floor":19}],"player_experience":64087,"potions_floor_usage":[6,7,16],"damage_taken":[{"damage":6,"enemies":"2 Louse","floor":1,"turns":4},{"damage":3,"enemies":"Jaw Worm","floor":3,"turns":3},{"damage":6,"enemies":"Cultist","floor":4,"turns":5},{"damage":25,"enemies":"Lagavulin","floor":6,"turns":8},{"damage":12,"enemies":"Large Slime","floor":7,"turns":5},{"damage":10,"enemies":"Blue Slaver","floor":11,"turns":4},{"damage":32,"enemies":"The Guardian","floor":16,"turns":11},{"damage":8,"enemies":"3 Byrds","floor":18,"turns":3},{"damage":33,"enemies":"2 Thieves","floor":19,"turns":5},{"damage":50,"enemies":"Slaver and Parasite","floor":21,"turns":4}],"event_choices":[{"event_name":"Big Fish","player_choice":"Box","floor":2,"damage_taken":0},{"event_name":"Golden Shrine","player_choice":"Pray","floor":5,"damage_taken":0},{"event_name":"Cursed Tome","player_choice":"Obtained Book","floor":20,"damage_taken":0}],"boss_relics":[{"not_picked":["Calling Bell","Cursed Key"],"picked":"Orrery"}],"potions_floor_spawned":[4,6,7,16,19],"seed_played":"6829794215794211527","killed_by":"Slaver and Parasite","ascension_level":0,"is_trial":false}