{"gold_per_floor":[110,110,10,21,21,21,52,71,71,71,71,71,71,87,87,161,161,179,94,94,94,19,19,32,32,84,96,112,130,141,157,157,229,229,248,248,75,2,22,22,22,42,42,60,71,81,81,100,100,100],"floor_reached":51,"playtime":5027,"items_purged":["Strike_B","Defend_B"],"score":1096,"play_id":"c263e9f3-12cc-4f3c-9fba-e4c857711a06","local_time":"20180923184827","is_ascension_mode":true,"campfire_choices":[{"data":"Zap","floor":6,"key":"SMITH"},{"data":"Dualcast","floor":10,"key":"SMITH"},{"data":"Ball Lightning","floor":12,"key":"SMITH"},{"floor":15,"key":"REST"},{"floor":23,"key":"REST"},{"data":"Buffer","floor":25,"key":"SMITH"},{"floor":32,"key":"REST"},{"data":"Consume","floor":40,"key":"SMITH"},{"floor":47,"key":"REST"},{"floor":49,"key":"REST"}],"neow_cost":"NONE","seed_source_timestamp":708484893388904,"circlet_count":0,"master_deck":["Defend_B","Defend_B","Zap+1","Dualcast+1","AscendersBane","Ball Lightning+1","Cold Snap","Coolheaded+1","FTL","Buffer+1","Consume+1","Ball Lightning+1","Go for the Eyes+1","Compile Driver+1","Core Surge+1","White Noise+1","Blizzard+1","White Noise+1","Glacier","Defragment","Cold Snap+1","FTL+1"],"relics":["Cracked Core","NeowsBlessing","Bottled Flame","Regal Pillow","Inserter","Molten Egg 2","Orichalcum","Astrolabe","Dodecahedron"],"potions_floor_usage":[16,16,18,24,29,31,33,39,50,50],"damage_taken":[{"damage":0,"enemies":"2 Louse","floor":1,"turns":1},{"damage":0,"enemies":"Jaw Worm","floor":4,"turns":1},{"damage":0,"enemies":"Gremlin Nob","floor":7,"turns":1},{"damage":9,"enemies":"Small Slimes","floor":8,"turns":3},{"damage":7,"enemies":"Blue Slaver","floor":14,"turns":3},{"damage":37,"enemies":"Slime Boss","floor":16,"turns":11},{"damage":18,"enemies":"Shell Parasite","floor":18,"turns":6},{"damage":9,"enemies":"Chosen","floor":24,"turns":5},{"damage":0,"enemies":"Sentry and Sphere","floor":27,"turns":4},{"damage":13,"enemies":"Centurion and Healer","floor":28,"turns":6},{"damage":4,"enemies":"Snake Plant","floor":29,"turns":4},{"damage":34,"enemies":"3 Cultists","floor":30,"turns":6},{"damage":8,"enemies":"Shelled Parasite and Fungi","floor":31,"turns":7},{"damage":34,"enemies":"Champ","floor":33,"turns":12},{"damage":6,"enemies":"3 Darklings","floor":35,"turns":6},{"damage":5,"enemies":"Orb Walker","floor":39,"turns":4},{"damage":16,"enemies":"3 Darklings","floor":42,"turns":5},{"damage":11,"enemies":"Transient","floor":44,"turns":5},{"damage":0,"enemies":"Sphere and 2 Shapes","floor":45,"turns":7},{"damage":18,"enemies":"Spire Growth","floor":46,"turns":6},{"damage":0,"enemies":"Maw","floor":48,"turns":8},{"damage":19,"enemies":"Time Eater","floor":50,"turns":13}],"seed_played":"1237378140998045476","potions_obtained":[{"floor":7,"key":"Poison Potion"},{"floor":14,"key":"SpeedPotion"},{"floor":16,"key":"Swift Potion"},{"floor":18,"key":"Poison Potion"},{"floor":28,"key":"LiquidBronze"},{"floor":30,"key":"AttackPotion"},{"floor":31,"key":"Swift Potion"},{"floor":45,"key":"Strength Potion"},{"floor":46,"key":"GamblersBrew"},{"floor":48,"key":"LiquidBronze"}],"is_trial":false,"path_per_floor":["M","?","$","M","$","R","E","M","T","R","?","R","?","M","R","B",null,"M","?","?","?","$","R","M","R","T","M","M","M","M","M","R","B",null,"M","?","$","$","M","R","$","M","T","M","M","M","R","M","R","B"],"character_chosen":"DEFECT","items_purchased":["Ball Lightning","Cold Snap","Glacier","Regen Potion"],"campfire_rested":5,"item_purchase_floors":[3,3,37,38],"current_hp_per_floor":[64,57,57,57,57,57,57,48,48,48,48,48,48,41,71,34,62,44,44,44,44,44,71,62,62,62,62,49,45,11,3,39,5,55,49,49,49,49,56,56,56,40,40,29,29,11,47,47,71,52],"gold":100,"neow_bonus":"THREE_ENEMY_KILL","is_prod":false,"is_daily":false,"chose_seed":false,"campfire_upgraded":5,"win_rate":0,"timestamp":1537721307,"path_taken":["M","?","$","M","$","R","E","M","T","R","?","R","?","?","R","BOSS","M","?","?","?","$","R","M","R","T","M","M","M","M","M","R","BOSS","M","?","?","$","M","R","$","M","T","M","?","?","R","M","R","BOSS"],"build_version":"2018-09-20","purchased_purges":2,"victory":true,"max_hp_per_floor":[71,71,71,71,71,71,71,71,71,71,71,71,71,71,71,71,71,71,71,71,71,71,71,71,71,71,71,71,71,71,71,71,71,71,71,71,71,71,71,71,71,71,71,71,71,71,71,71,71,71],"card_choices":[{"not_picked":["Sweeping Beam","Darkness","Rip and Tear"],"picked":"SKIP","floor":1},{"not_picked":["Compile Driver","Redo"],"picked":"Coolheaded","floor":4},{"not_picked":["Stack","Hologram"],"picked":"FTL","floor":7},{"not_picked":["Turbo","Gash","Compile Driver"],"picked":"SKIP","floor":8},{"not_picked":["Stack","Sunder","BootSequence"],"picked":"SKIP","floor":14},{"not_picked":["Seek","Hyperbeam"],"picked":"Buffer","floor":16},{"not_picked":["Loop","Steam Power","Stack"],"picked":"SKIP","floor":18},{"not_picked":["Capacitor","Cold Snap+1"],"picked":"Ball Lightning+1","floor":24},{"not_picked":["Hologram","Skim","Turbo"],"picked":"SKIP","floor":27},{"not_picked":["Leap","Scrape+1","Rebound+1"],"picked":"SKIP","floor":28},{"not_picked":["Redo","Turbo"],"picked":"Go for the Eyes+1","floor":29},{"not_picked":["Reprogram","Go for the Eyes+1"],"picked":"Compile Driver+1","floor":30},{"not_picked":["Conserve Battery","Hello World+1","Recycle+1"],"picked":"SKIP","floor":31},{"not_picked":["Fission","Biased Cognition"],"picked":"Core Surge+1","floor":33},{"not_picked":["Conserve Battery","Sweeping Beam+1","Storm"],"picked":"SKIP","floor":35},{"not_picked":["Stack","Aggregate","Tempest"],"picked":"SKIP","floor":39},{"not_picked":["Chaos","Redo"],"picked":"Defragment","floor":42},{"not_picked":["Redo+1","Genetic Algorithm+1","Chaos"],"picked":"SKIP","floor":44},{"not_picked":["Force Field","Beam Cell+1","Sunder+1"],"picked":"SKIP","floor":45},{"not_picked":["Hologram","Rip and Tear+1"],"picked":"Cold Snap+1","floor":46},{"not_picked":["Heatsinks","Aggregate"],"picked":"FTL+1","floor":48}],"player_experience":581461,"relics_obtained":[{"floor":7,"key":"Bottled Flame"},{"floor":9,"key":"Regal Pillow"},{"floor":26,"key":"Orichalcum"},{"floor":43,"key":"Dodecahedron"}],"event_choices":[{"event_name":"Golden Wing","player_choice":"Card Removal","floor":2,"damage_taken":0},{"event_name":"Accursed Blacksmith","player_choice":"Forge","floor":11,"damage_taken":0},{"event_name":"Liars Game","player_choice":"disagreed","floor":13,"damage_taken":0},{"event_name":"Addict","player_choice":"Obtained Relic","floor":19,"damage_taken":0},{"event_name":"The Library","player_choice":"Read","floor":20,"damage_taken":0},{"event_name":"Vampires","player_choice":"Ignored","floor":21,"damage_taken":0},{"event_name":"Tomb of Lord Red Mask","player_choice":"Ignored","floor":36,"damage_taken":0}],"is_beta":false,"boss_relics":[{"not_picked":["Ectoplasm","Runic Dome"],"picked":"Inserter"},{"not_picked":["Busted Crown","Tiny House"],"picked":"Astrolabe"}],"items_purged_floors":[22,37],"is_endless":false,"potions_floor_spawned":[7,14,16,18,28,30,31,45,46,48],"ascension_level":15}