{"gold_per_floor":[112,127,127,141,151,151,163,176,251,47,64,64,64,84,84,203,203,222,147,147,167,183,183,201,201,227,227,246,246,269,269],"floor_reached":31,"playtime":2374,"items_purged":["Strike_B"],"score":373,"play_id":"57d7a222-46f3-4fbb-91c2-dc9c87cc1db6","local_time":"20180919183928","is_ascension_mode":true,"campfire_choices":[{"data":"Static Discharge","floor":6.0,"key":"SMITH"},{"floor":13.0,"key":"REST"},{"floor":15.0,"key":"REST"},{"floor":23,"key":"REST"},{"floor":25,"key":"REST"},{"floor":29,"key":"REST"}],"neow_cost":"NONE","seed_source_timestamp":364744803380552,"circlet_count":0,"master_deck":["Defend_B","Defend_B","Defend_B","Defend_B","Zap","Dualcast","AscendersBane","Lockon","Static Discharge+1","Streamline","Reinforced Body","Capacitor","Ball Lightning","Conserve Battery","Cold Snap","Tempest","Seek","Static Discharge+1","FTL+1","Cold Snap"],"special_seed":0,"relics":["Cracked Core","Bottled Flame","Golden Idol","Inserter","Lantern","NlothsMask"],"potions_floor_usage":[22,24,31],"damage_taken":[{"damage":0.0,"enemies":"Small Slimes","floor":1.0,"turns":2.0},{"damage":6.0,"enemies":"Cultist","floor":2.0,"turns":3.0},{"damage":5.0,"enemies":"2 Louse","floor":4.0,"turns":3.0},{"damage":10.0,"enemies":"Exordium Thugs","floor":5.0,"turns":4.0},{"damage":5.0,"enemies":"Looter","floor":7.0,"turns":4.0},{"damage":15.0,"enemies":"2 Fungi Beasts","floor":8.0,"turns":2.0},{"damage":1.0,"enemies":"Blue Slaver","floor":11.0,"turns":3.0},{"damage":0.0,"enemies":"Large Slime","floor":14.0,"turns":2.0},{"damage":31.0,"enemies":"The Guardian","floor":16.0,"turns":8.0},{"damage":12.0,"enemies":"3 Byrds","floor":18.0,"turns":2.0},{"damage":9.0,"enemies":"Spheric Guardian","floor":21.0,"turns":5.0},{"damage":21,"enemies":"Cultist and Chosen","floor":22,"turns":5},{"damage":20,"enemies":"Sentry and Sphere","floor":24,"turns":5},{"damage":21,"enemies":"Snecko","floor":28,"turns":5},{"damage":26,"enemies":"3 Cultists","floor":30,"turns":5},{"damage":36,"enemies":"Centurion and Healer","floor":31,"turns":6}],"seed_played":"-2274777881365000455","potions_obtained":[{"floor":4.0,"key":"FocusPotion"},{"floor":5.0,"key":"SpeedPotion"},{"floor":14.0,"key":"Fire Potion"},{"floor":16.0,"key":"SkillPotion"},{"floor":21,"key":"Block Potion"},{"floor":22,"key":"Fire Potion"},{"floor":30,"key":"Ancient Potion"}],"is_trial":false,"path_per_floor":["M","M","?","M","M","R","M","M","T","$","M","?","R","M","R","B",null,"M","?","$","M","M","R","M","R","T","?","M","R","M"],"character_chosen":"DEFECT","items_purchased":["Regen Potion","AttackPotion"],"campfire_rested":5,"item_purchase_floors":[10,10],"current_hp_per_floor":[68,62,62,57,47,47,42,27,27,27,26,8,30,35,57,26,63,51,51,51,42,21,43,23,45,45,45,24,46,20,0],"gold":269,"neow_bonus":"TRANSFORM_CARD","is_prod":false,"is_daily":false,"chose_seed":false,"campfire_upgraded":1,"win_rate":0,"timestamp":1537375168,"path_taken":["M","M","?","M","M","R","M","M","T","$","?","?","R","M","R","BOSS","M","?","$","M","M","R","M","R","T","?","M","R","M","M"],"build_version":"2018-09-06","purchased_purges":1,"victory":false,"max_hp_per_floor":[75,75,75,75,75,75,75,75,75,75,75,75,75,75,75,75,75,75,75,75,75,75,75,75,75,75,75,75,75,75,75],"card_choices":[{"not_picked":["Coolheaded","Barrage"],"picked":"Static Discharge","floor":1.0},{"not_picked":["Streamline","Rebound","Hologram"],"picked":"SKIP","floor":2.0},{"not_picked":["Barrage","Auto Shields"],"picked":"Reinforced Body","floor":4.0},{"not_picked":["Chaos","Darkness"],"picked":"Capacitor","floor":5.0},{"not_picked":["Fission","Steam"],"picked":"Ball Lightning","floor":7.0},{"not_picked":["Chill","Turbo"],"picked":"Conserve Battery","floor":8.0},{"not_picked":["Rebound","Redo"],"picked":"Cold Snap","floor":11.0},{"not_picked":["Force Field","Sweeping Beam"],"picked":"Tempest","floor":14.0},{"not_picked":["Core Surge","Reboot"],"picked":"Seek","floor":16.0},{"not_picked":["Defragment","Stack+1"],"picked":"Static Discharge+1","floor":18.0},{"not_picked":["Beam Cell","Rebound"],"picked":"FTL+1","floor":21},{"not_picked":["Sweeping Beam","Gash"],"picked":"Cold Snap","floor":22},{"not_picked":["Genetic Algorithm","Core Surge","Gash"],"picked":"SKIP","floor":24},{"not_picked":["Ball Lightning","Hello World","Coolheaded"],"picked":"SKIP","floor":28},{"not_picked":["Ball Lightning","Redo","Stack+1"],"picked":"SKIP","floor":30}],"player_experience":418697,"relics_obtained":[{"floor":9.0,"key":"Bottled Flame"},{"floor":26,"key":"Lantern"}],"event_choices":[{"event_name":"Transmorgrifier","player_choice":"Transform","floor":3.0,"damage_taken":0.0},{"event_name":"Golden Idol","player_choice":"Take Damage","floor":12.0,"damage_taken":0.0},{"event_name":"Beggar","player_choice":"Gave Gold","floor":19.0,"damage_taken":0.0},{"event_name":"FaceTrader","player_choice":"Trade","floor":27,"damage_taken":0}],"is_beta":false,"boss_relics":[{"not_picked":["Black Star","Fusion Hammer"],"picked":"Inserter"}],"items_purged_floors":[10],"is_endless":false,"potions_floor_spawned":[4,5,14,16,21,22,30],"killed_by":"Centurion and Healer","ascension_level":12}