{"gold_per_floor":[116,291,18,34,44,78,78,96,96,108,108,118,118,133,133,233,233,253,352,180,95,95],"floor_reached":22,"playtime":1254,"items_purged":["Doubt"],"score":186,"play_id":"76b0219b-7a38-42c3-99ec-f8741671804a","local_time":"20190326180919","is_ascension_mode":false,"campfire_choices":[{"data":"Capacitor","floor":7,"key":"SMITH"},{"data":"Static Discharge","floor":11,"key":"SMITH"},{"floor":15,"key":"REST"}],"neow_cost":"NONE","seed_source_timestamp":26079291208100,"circlet_count":0,"master_deck":["Strike_B","Strike_B","Strike_B","Strike_B","Defend_B","Defend_B","Defend_B","Defend_B","Zap","Dualcast+1","Leap","Capacitor+1","Glacier","Barrage","Sweeping Beam+1","Heatsinks","Coolheaded","Static Discharge+1","Conserve Battery","Sweeping Beam+1","Rebound+1","Biased Cognition","Rebound+1","Barrage+1","Beam Cell+1","Stack","Coolheaded"],"relics":["Cracked Core","Torii","Molten Egg 2","Inserter","Sundial"],"potions_floor_usage":[6,16,22],"damage_taken":[{"damage":0,"enemies":"Jaw Worm","floor":1,"turns":3},{"damage":3,"enemies":"Small Slimes","floor":4,"turns":3},{"damage":2,"enemies":"Cultist","floor":5,"turns":3},{"damage":18,"enemies":"Gremlin Nob","floor":6,"turns":5},{"damage":15,"enemies":"2 Fungi Beasts","floor":8,"turns":4},{"damage":14,"enemies":"3 Louse","floor":10,"turns":4},{"damage":10,"enemies":"Blue Slaver","floor":12,"turns":4},{"damage":0,"enemies":"2 Fungi Beasts","floor":14,"turns":3},{"damage":33,"enemies":"Slime Boss","floor":16,"turns":11},{"damage":31,"enemies":"2 Thieves","floor":18,"turns":3},{"damage":33,"enemies":"Colosseum Slavers","floor":22,"turns":3},{"damage":16,"enemies":"Colosseum Nobs","floor":22,"turns":4}],"seed_played":"7054839150576326703","potions_obtained":[{"floor":4,"key":"Block Potion"},{"floor":5,"key":"Regen Potion"},{"floor":16,"key":"Swift Potion"},{"floor":18,"key":"FocusPotion"}],"is_trial":false,"path_per_floor":["M","?","$","M","M","E","R","M","T","M","R","M","?","M","R","B",null,"M","?","$","?","?"],"character_chosen":"DEFECT","items_purchased":["Capacitor","Glacier","Barrage","Barrage+1","Beam Cell+1","Stack","Coolheaded"],"campfire_rested":1,"item_purchase_floors":[3,3,3,20,20,20,20],"current_hp_per_floor":[75,75,75,72,70,52,52,37,37,23,23,13,13,13,35,17,75,44,44,44,44,0],"gold":95,"neow_bonus":"UPGRADE_CARD","is_prod":false,"is_daily":false,"chose_seed":false,"campfire_upgraded":2,"win_rate":0.0,"timestamp":1553638159,"path_taken":["M","?","$","M","M","E","R","M","T","M","R","M","?","?","R","BOSS","M","?","$","?","?"],"build_version":"2019-01-23","purchased_purges":1,"victory":false,"max_hp_per_floor":[75,75,75,75,75,75,75,75,75,75,75,75,75,75,75,75,75,75,75,75,75,75],"card_choices":[{"not_picked":["Steam","Go for the Eyes"],"picked":"Leap","floor":1},{"not_picked":["Defragment","Leap"],"picked":"Sweeping Beam","floor":4},{"not_picked":["Conserve Battery","Double Energy"],"picked":"Heatsinks","floor":5},{"not_picked":["Rebound","Compile Driver"],"picked":"Coolheaded","floor":6},{"not_picked":["Go for the Eyes","Double Energy"],"picked":"Static Discharge","floor":8},{"not_picked":["FTL+1","Gash+1"],"picked":"Conserve Battery","floor":10},{"not_picked":["Reprogram","Barrage+1"],"picked":"Sweeping Beam+1","floor":12},{"not_picked":["Go for the Eyes+1","Darkness"],"picked":"Rebound+1","floor":14},{"not_picked":["Seek","Machine Learning"],"picked":"Biased Cognition","floor":16},{"not_picked":["Compile Driver+1","Hologram"],"picked":"Rebound+1","floor":18}],"player_experience":44253,"relics_obtained":[{"floor":6,"key":"Torii"},{"floor":9,"key":"Molten Egg 2"}],"event_choices":[{"damage_healed":0,"gold_gain":175,"player_choice":"AGREE","damage_taken":0,"max_hp_gain":0,"max_hp_loss":0,"event_name":"Liars Game","floor":2,"gold_loss":0,"cards_obtained":["Doubt"]},{"damage_healed":0,"gold_gain":0,"player_choice":"Forge","damage_taken":0,"max_hp_gain":0,"max_hp_loss":0,"event_name":"Accursed Blacksmith","floor":13,"gold_loss":0,"cards_upgraded":["Sweeping Beam"]},{"damage_healed":0,"gold_gain":99,"player_choice":"Stole From Cult","damage_taken":0,"max_hp_gain":0,"max_hp_loss":0,"event_name":"Nest","floor":19,"gold_loss":0},{"damage_healed":0,"gold_gain":0,"player_choice":"Obtained Relic","damage_taken":0,"relics_obtained":["Sundial"],"max_hp_gain":0,"max_hp_loss":0,"event_name":"Addict","floor":21,"gold_loss":85},{"damage_healed":0,"gold_gain":0,"player_choice":"Fight","damage_taken":0,"max_hp_gain":0,"max_hp_loss":0,"event_name":"Colosseum","floor":22,"gold_loss":0},{"damage_healed":0,"gold_gain":0,"player_choice":"Fought Nobs","damage_taken":0,"max_hp_gain":0,"max_hp_loss":0,"event_name":"Colosseum","floor":22,"gold_loss":0}],"is_beta":false,"boss_relics":[{"not_picked":["Cursed Key","Runic Pyramid"],"picked":"Inserter"}],"items_purged_floors":[3],"is_endless":false,"potions_floor_spawned":[4,5,16,18],"killed_by":"Colosseum Nobs","ascension_level":0}