{"gold_per_floor":[114,126,126,145,145,145,145,171,222,240,255,255,63,75,75,178,178,197,210,18,218,238,238,256,256,283,283,298,298,298,317,317,413,413,427,441,179,195,95,130,130,130,181,201,2,17,17,31,31,31],"floor_reached":51,"playtime":2527,"items_purged":["Strike_R","Strike_R"],"score":756,"play_id":"ec38a41f-c92b-48ed-8bdf-5b6f94b46880","local_time":"20190224025320","is_ascension_mode":false,"campfire_choices":[{"data":"Warcry","floor":6,"key":"SMITH"},{"floor":12,"key":"REST"},{"data":"Pommel Strike","floor":15,"key":"SMITH"},{"floor":23,"key":"REST"},{"data":"Reaper","floor":30,"key":"SMITH"},{"data":"Heavy Blade","floor":32,"key":"SMITH"},{"data":"Heavy Blade","floor":41,"key":"SMITH"},{"data":"Limit Break","floor":47,"key":"SMITH"},{"floor":49,"key":"REST"}],"neow_cost":"NONE","seed_source_timestamp":70762707196906,"circlet_count":0,"master_deck":["Strike_R","Strike_R+1","Defend_R","Defend_R","Defend_R","Defend_R","Bash","Pommel Strike+1","Warcry+1","Immolate","Dropkick","Heavy Blade+1","Shrug It Off","Rampage","Disarm+1","Heavy Blade","Uppercut","Heavy Blade+1","Reaper+1","Shrug It Off","Iron Wave+1","Dropkick+1","Limit Break+1","Battle Trance","Warcry","Mayhem","Bludgeon","Madness","Madness","Clumsy","Heavy Blade+1","Heavy Blade"],"relics":["Runic Dome","Vajra","Boot","TheAbacus","Snecko Eye","DollysMirror","Red Skull","Gremlin Horn","Cursed Key","Pear","Whetstone","Lee\u0027s Waffle"],"potions_floor_usage":[16,19,22,33,33,40,46,46,50],"damage_taken":[{"damage":0,"enemies":"Cultist","floor":1,"turns":3},{"damage":1,"enemies":"Jaw Worm","floor":2,"turns":3},{"damage":7,"enemies":"2 Louse","floor":4,"turns":2},{"damage":18,"enemies":"Lagavulin","floor":8,"turns":5},{"damage":10,"enemies":"Exordium Wildlife","floor":10,"turns":2},{"damage":12,"enemies":"Blue Slaver","floor":11,"turns":2},{"damage":7,"enemies":"Exordium Thugs","floor":14,"turns":3},{"damage":40,"enemies":"The Guardian","floor":16,"turns":11},{"damage":10,"enemies":"Shell Parasite","floor":18,"turns":3},{"damage":10,"enemies":"Chosen","floor":19,"turns":3},{"damage":26,"enemies":"Shelled Parasite and Fungi","floor":22,"turns":3},{"damage":1,"enemies":"Snecko","floor":24,"turns":3},{"damage":2,"enemies":"Cultist and Chosen","floor":28,"turns":3},{"damage":4,"enemies":"Centurion and Healer","floor":31,"turns":3},{"damage":20,"enemies":"Automaton","floor":33,"turns":6},{"damage":0,"enemies":"3 Darklings","floor":35,"turns":4},{"damage":0,"enemies":"Orb Walker","floor":36,"turns":2},{"damage":2,"enemies":"3 Darklings","floor":38,"turns":3},{"damage":0,"enemies":"Reptomancer","floor":40,"turns":3},{"damage":22,"enemies":"4 Shapes","floor":44,"turns":4},{"damage":22,"enemies":"Maw","floor":46,"turns":5},{"damage":24,"enemies":"Spire Growth","floor":48,"turns":4},{"damage":71,"enemies":"Time Eater","floor":50,"turns":8}],"seed_played":"5603268625828176801","potions_obtained":[{"floor":1,"key":"GamblersBrew"},{"floor":11,"key":"Block Potion"},{"floor":16,"key":"BloodPotion"},{"floor":24,"key":"Swift Potion"},{"floor":28,"key":"Block Potion"},{"floor":31,"key":"PowerPotion"},{"floor":35,"key":"Fire Potion"},{"floor":44,"key":"Swift Potion"},{"floor":48,"key":"FearPotion"}],"is_trial":false,"path_per_floor":["M","M","?","M","$","R","?","E","T","M","M","R","$","M","R","B",null,"M","M","$","?","M","R","M","?","T","T","M","?","R","M","R","B",null,"M","M","$","M","$","E","R","?","T","M","$","M","R","M","R","B",null],"character_chosen":"IRONCLAD","items_purchased":["TheAbacus","DollysMirror","Mayhem","Lee\u0027s Waffle"],"campfire_rested":3,"item_purchase_floors":[13,20,37,45],"current_hp_per_floor":[80,79,84,77,77,77,77,59,59,49,37,62,62,55,55,15,85,75,73,73,73,47,72,71,71,71,71,74,74,74,81,81,61,85,85,85,85,85,85,95,95,83,83,73,102,80,80,65,95,24],"gold":31,"neow_bonus":"BOSS_RELIC","is_prod":false,"is_daily":false,"chose_seed":false,"campfire_upgraded":6,"win_rate":0.0,"timestamp":1550976800,"path_taken":["M","?","?","M","$","R","?","E","T","M","M","R","?","M","R","BOSS","M","M","$","?","?","R","M","?","T","?","M","?","R","M","R","BOSS","M","M","$","M","$","E","R","?","T","M","$","M","R","M","R","BOSS"],"build_version":"2019-01-23","purchased_purges":2,"victory":true,"max_hp_per_floor":[80,80,85,85,85,85,85,85,85,85,85,85,85,85,85,85,85,85,85,85,85,85,85,85,85,85,85,85,85,85,85,85,85,85,85,85,85,85,85,95,95,95,95,95,102,102,102,102,102,102],"card_choices":[{"not_picked":["Bloodletting","Cleave"],"picked":"Pommel Strike","floor":1},{"not_picked":["Clash","Thunderclap"],"picked":"Warcry","floor":2},{"not_picked":["Pommel Strike","Sword Boomerang"],"picked":"Immolate","floor":4},{"not_picked":["Anger","Sword Boomerang"],"picked":"Dropkick","floor":8},{"not_picked":["Hemokinesis","Battle Trance"],"picked":"Heavy Blade","floor":10},{"not_picked":["Metallicize","Iron Wave"],"picked":"Shrug It Off","floor":11},{"not_picked":["Cleave","Power Through"],"picked":"Rampage","floor":14},{"not_picked":["True Grit","Flex"],"picked":"Disarm+1","floor":18},{"not_picked":["Dropkick","Armaments","Feel No Pain+1"],"picked":"SKIP","floor":19},{"not_picked":["Headbutt","Dropkick"],"picked":"Uppercut","floor":22},{"not_picked":["Flex","Perfected Strike"],"picked":"Heavy Blade","floor":24},{"not_picked":["True Grit+1","Dark Embrace"],"picked":"Shrug It Off","floor":28},{"not_picked":["Anger","True Grit"],"picked":"Dropkick+1","floor":31},{"not_picked":["Dark Embrace","Barricade"],"picked":"Limit Break","floor":33},{"not_picked":["Evolve","Iron Wave"],"picked":"Battle Trance","floor":35},{"not_picked":["Body Slam","Flex"],"picked":"Warcry","floor":36},{"not_picked":["Wild Strike","Twin Strike","Headbutt+1"],"picked":"SKIP","floor":38},{"not_picked":["Burning Pact+1","Sword Boomerang+1"],"picked":"Bludgeon","floor":40},{"not_picked":["Ghostly Armor","Pommel Strike"],"picked":"Heavy Blade+1","floor":44},{"not_picked":["Hemokinesis","Havoc"],"picked":"Heavy Blade","floor":46},{"not_picked":["Feel No Pain+1","Clothesline","Wild Strike+1"],"picked":"SKIP","floor":48}],"player_experience":176206,"relics_obtained":[{"floor":8,"key":"Vajra"},{"floor":9,"key":"Boot"},{"floor":26,"key":"Red Skull"},{"floor":27,"key":"Gremlin Horn"},{"floor":40,"key":"Pear"},{"floor":43,"key":"Whetstone"}],"event_choices":[{"damage_healed":0,"gold_gain":0,"player_choice":"Donut","damage_taken":0,"max_hp_gain":5,"max_hp_loss":0,"event_name":"Big Fish","floor":3,"gold_loss":0},{"damage_healed":0,"gold_gain":0,"player_choice":"Ignored","damage_taken":0,"max_hp_gain":0,"max_hp_loss":0,"event_name":"Liars Game","floor":7,"gold_loss":0},{"damage_healed":0,"gold_gain":200,"player_choice":"Gold","damage_taken":0,"max_hp_gain":0,"max_hp_loss":0,"event_name":"Wheel of Change","floor":21,"gold_loss":0},{"damage_healed":0,"gold_gain":0,"player_choice":"Read","damage_taken":0,"max_hp_gain":0,"max_hp_loss":0,"event_name":"The Library","floor":25,"gold_loss":0,"cards_obtained":["Reaper"]},{"damage_healed":0,"gold_gain":0,"cards_transformed":["Strike_R"],"player_choice":"Transformed","damage_taken":0,"max_hp_gain":0,"max_hp_loss":0,"event_name":"Transmorgrifier","floor":29,"gold_loss":0,"cards_obtained":["Iron Wave"]},{"damage_healed":0,"gold_gain":0,"player_choice":"Embrace Madness","damage_taken":12,"max_hp_gain":0,"max_hp_loss":0,"event_name":"Winding Halls","floor":42,"gold_loss":0,"cards_obtained":["Madness","Madness"]}],"is_beta":false,"boss_relics":[{"not_picked":["Coffee Dripper","Mark of Pain"],"picked":"Snecko Eye"},{"not_picked":["Fusion Hammer","White Beast Statue"],"picked":"Cursed Key"}],"items_purged_floors":[37,39],"is_endless":false,"potions_floor_spawned":[1,11,16,24,28,31,35,44,48],"ascension_level":0}