{"gold_per_floor":[115,115,115,126,126,153,153,180,180,17,17,45,61,9,9,112,112,131,148,165,165],"floor_reached":21,"playtime":1135,"items_purged":["Regret"],"score":227,"play_id":"0f88e676-a76f-4746-9ce1-2f5df51f16ee","local_time":"20180912213322","is_ascension_mode":true,"campfire_choices":[{"floor":7,"key":"REST"},{"floor":11,"key":"REST"},{"floor":15,"key":"REST"}],"neow_cost":"","seed_source_timestamp":1058825773217387,"circlet_count":0,"master_deck":["Strike_B","Strike_B","Strike_B","Strike_B","Defend_B","Defend_B","Defend_B","Defend_B","Zap","Dualcast","Storm","Storm+1","Redo","Beam Cell","Hello World","Go for the Eyes","Turbo","Creative AI","Hologram","Chaos","Defragment"],"relics":["Cracked Core","Cables","Darkstone Periapt","Bottled Tornado","Juzu Bracelet","Anchor","Black Star"],"potions_floor_usage":[8,12,16,16,21],"damage_taken":[{"damage":2,"enemies":"Jaw Worm","floor":1,"turns":4},{"damage":5,"enemies":"Small Slimes","floor":4,"turns":2},{"damage":32,"enemies":"Gremlin Nob","floor":6,"turns":4},{"damage":32,"enemies":"Lagavulin","floor":8,"turns":6},{"damage":20,"enemies":"3 Sentries","floor":12,"turns":5},{"damage":0,"enemies":"2 Louse","floor":13,"turns":2},{"damage":8,"enemies":"Slime Boss","floor":16,"turns":6},{"damage":13,"enemies":"2 Thieves","floor":18,"turns":4},{"damage":19,"enemies":"Shell Parasite","floor":19,"turns":5},{"damage":24,"enemies":"Cultist and Chosen","floor":20,"turns":6},{"damage":19,"enemies":"3 Cultists","floor":21,"turns":3}],"seed_played":"824984098180325803","potions_obtained":[{"floor":6,"key":"EssenceOfSteel"},{"floor":13,"key":"Strength Potion"},{"floor":20,"key":"PowerPotion"}],"is_trial":false,"path_per_floor":["M","?","?","M","?","E","R","E","T","$","R","E","M","$","R","B",null,"M","M","M"],"character_chosen":"DEFECT","items_purchased":["Hello World","Block Potion","Block Potion"],"campfire_rested":3,"item_purchase_floors":[10,10,14],"current_hp_per_floor":[73,73,73,68,68,36,58,26,26,26,48,28,28,28,50,42,75,62,43,19,0],"gold":165,"neow_bonus":"","is_prod":false,"is_daily":false,"chose_seed":false,"campfire_upgraded":0,"win_rate":0,"timestamp":1536780802,"path_taken":["M","?","?","?","?","E","R","E","T","$","R","E","M","$","R","BOSS","M","M","M","M"],"build_version":"2018-09-06","purchased_purges":1,"victory":false,"max_hp_per_floor":[75,75,75,75,75,75,75,75,75,75,75,75,75,75,75,75,75,75,75,75,75],"card_choices":[{"not_picked":["Streamline","Doom and Gloom"],"picked":"Storm","floor":1},{"not_picked":["Go for the Eyes","Hologram"],"picked":"Storm","floor":4},{"not_picked":["Leap","Ball Lightning"],"picked":"Redo","floor":6},{"not_picked":["Compile Driver","Gash"],"picked":"Beam Cell","floor":8},{"not_picked":["Ball Lightning","Gash"],"picked":"Go for the Eyes","floor":12},{"not_picked":["Streamline","Undo"],"picked":"Turbo","floor":13},{"not_picked":["Core Surge","Multi-Cast"],"picked":"Creative AI","floor":16},{"not_picked":["Turbo","Ball Lightning"],"picked":"Hologram","floor":18},{"not_picked":["Cold Snap","Aggregate"],"picked":"Chaos","floor":19},{"not_picked":["Redo","Sunder"],"picked":"Defragment","floor":20}],"player_experience":137445,"relics_obtained":[{"floor":6,"key":"Darkstone Periapt"},{"floor":8,"key":"Bottled Tornado"},{"floor":9,"key":"Juzu Bracelet"},{"floor":12,"key":"Anchor"}],"event_choices":[{"event_name":"Golden Wing","player_choice":"Ignored","floor":2,"damage_taken":0},{"event_name":"Big Fish","player_choice":"Box","floor":3,"damage_taken":0},{"event_name":"Upgrade Shrine","player_choice":"Upgraded","floor":5,"damage_taken":0}],"is_beta":false,"boss_relics":[{"not_picked":["Lizard Tail","Coffee Dripper"],"picked":"Black Star"}],"items_purged_floors":[10],"is_endless":false,"potions_floor_spawned":[6,13,20],"killed_by":"3 Cultists","ascension_level":3}