{"gold_per_floor":[117,117,0,13,33,64,64,17,17,17,17,35,35,49,49,173,173,197,145,186,186,211,211,236,236,236,275,275,296,317,340,340,461,461,475,697,710,710],"floor_reached":38,"playtime":4632,"items_purged":[],"score":425,"play_id":"8b42cd75-40b8-4d7a-9e9b-e6caec35d668","local_time":"20180629172523","is_ascension_mode":false,"campfire_choices":[{"floor":7,"key":"REST"},{"data":"Streamline","floor":10,"key":"SMITH"},{"floor":15,"key":"REST"},{"data":"Loop","floor":23,"key":"SMITH"},{"floor":25,"key":"REST"},{"floor":32,"key":"REST"}],"neow_cost":"NONE","seed_source_timestamp":12631994392660,"circlet_count":0,"master_deck":["Strike_B+1","Strike_B+1","Strike_B+1","Strike_B+1","Defend_B+1","Defend_B+1","Defend_B+1","Defend_B+1","Zap","Dualcast+1","Sweeping Beam","Beam Cell","Glacier","Streamline+1","Electrodynamics","Auto Shields","Steam","Injury","Cold Snap","Capacitor","Cold Snap","Echo Form","Coolheaded","Ball Lightning","Static Discharge","Loop+1","Reinforced Body+1","Leap","Reboot","Compile Driver","Beam Cell+1","Compile Driver","Creative AI","Go for the Eyes+1","Hello World+1"],"relics":["Cracked Core","Ice Cream","Ancient Tea Set","Girya","Golden Idol","Nuclear Battery","Red Mask","Meat on the Bone","Ornamental Fan","Lizard Tail"],"potions_floor_usage":[18,29,33],"damage_taken":[{"damage":6,"enemies":"Cultist","floor":1,"turns":3},{"damage":6,"enemies":"Jaw Worm","floor":4,"turns":2},{"damage":0,"enemies":"2 Louse","floor":5,"turns":3},{"damage":24,"enemies":"Lagavulin","floor":6,"turns":6},{"damage":5,"enemies":"Looter","floor":12,"turns":3},{"damage":3,"enemies":"Blue Slaver","floor":13,"turns":3},{"damage":0,"enemies":"Exordium Wildlife","floor":14,"turns":2},{"damage":26,"enemies":"Slime Boss","floor":16,"turns":7},{"damage":0,"enemies":"2 Thieves","floor":18,"turns":4},{"damage":8,"floor":20,"turns":3},{"damage":11,"enemies":"Chosen","floor":22,"turns":4},{"damage":0,"enemies":"Centurion and Healer","floor":24,"turns":6},{"damage":30,"enemies":"Book of Stabbing","floor":27,"turns":6},{"damage":14,"enemies":"Snake Plant","floor":28,"turns":5},{"damage":0,"enemies":"Cultist and Chosen","floor":29,"turns":7},{"damage":11,"enemies":"Chosen and Byrds","floor":30,"turns":5},{"damage":0,"enemies":"Snake Plant","floor":31,"turns":4},{"damage":65,"enemies":"Automaton","floor":33,"turns":14},{"damage":23,"enemies":"3 Darklings","floor":35,"turns":7},{"damage":27,"enemies":"3 Shapes","floor":37,"turns":6},{"damage":120,"enemies":"Maw","floor":38,"turns":13}],"seed_played":"-5964579717232786696","potions_obtained":[{"floor":4,"key":"SmokeBomb"},{"floor":5,"key":"SteroidPotion"},{"floor":6,"key":"GamblersBrew"},{"floor":16,"key":"Fire Potion"},{"floor":18,"key":"Explosive Potion"},{"floor":27,"key":"EssenceOfSteel"},{"floor":33,"key":"Regen Potion"},{"floor":35,"key":"PowerPotion"},{"floor":37,"key":"FairyPotion"}],"is_trial":false,"path_per_floor":["M","T","$","M","M","E","R","$","T","R","?","M","M","M","R","B",null,"M","$","?","?","M","R","M","R","T","E","M","M","M","M","R","B",null,"M","?","M"],"character_chosen":"DEFECT","items_purchased":["Beam Cell","Glacier","Steam","Ball Lightning"],"campfire_rested":4,"item_purchase_floors":[3,3,8,19],"current_hp_per_floor":[69,69,69,63,63,39,61,61,61,61,61,56,53,53,75,49,75,75,75,67,67,56,56,56,75,75,45,43,43,44,44,66,13,75,52,52,37,0],"gold":710,"neow_bonus":"UPGRADE_CARD","is_prod":false,"is_daily":false,"chose_seed":false,"campfire_upgraded":2,"win_rate":0.0,"timestamp":1530289523,"path_taken":["M","?","$","M","M","E","R","$","T","R","?","M","M","M","R","BOSS","M","$","?","?","M","R","?","R","T","E","M","?","?","M","R","BOSS","M","?","M","M"],"build_version":"2018-06-28","purchased_purges":0,"victory":false,"max_hp_per_floor":[75,75,75,75,75,75,75,75,75,75,75,75,75,75,75,75,75,75,75,75,75,75,75,75,75,75,75,75,75,75,75,75,75,75,75,75,75,75],"card_choices":[{"not_picked":["Coolheaded","Loop"],"picked":"Sweeping Beam","floor":1},{"not_picked":["Go for the Eyes","Hologram"],"picked":"Streamline","floor":4},{"not_picked":["Stack","Hologram"],"picked":"Electrodynamics","floor":5},{"not_picked":["Storm","Chill"],"picked":"Auto Shields","floor":6},{"not_picked":["Hello World","FTL"],"picked":"Cold Snap","floor":12},{"not_picked":["Compile Driver","Leap"],"picked":"Capacitor","floor":13},{"not_picked":["Rebound","Heatsinks"],"picked":"Cold Snap","floor":14},{"not_picked":["Machine Learning","Multi-Cast"],"picked":"Echo Form","floor":16},{"not_picked":["Lockon","Fusion+1"],"picked":"Coolheaded","floor":18},{"not_picked":["Gash","Tempest+1"],"picked":"Static Discharge","floor":20},{"not_picked":["Sweeping Beam","Undo"],"picked":"Loop","floor":22},{"not_picked":["Leap","Gash"],"picked":"Reinforced Body+1","floor":24},{"not_picked":["Ball Lightning","Cold Snap"],"picked":"Leap","floor":27},{"not_picked":["Scrape+1","Melter"],"picked":"Reboot","floor":28},{"not_picked":["Leap+1","Steam Power"],"picked":"Compile Driver","floor":29},{"not_picked":["Steam","Scrape"],"picked":"Beam Cell+1","floor":30},{"not_picked":["Melter","Gash"],"picked":"Compile Driver","floor":31},{"not_picked":["Fission","Multi-Cast"],"picked":"Creative AI","floor":33},{"not_picked":["Reprogram+1","Steam"],"picked":"Go for the Eyes+1","floor":35},{"not_picked":["Go for the Eyes+1","Heatsinks"],"picked":"Hello World+1","floor":37}],"player_experience":119498,"relics_obtained":[{"floor":2,"key":"Ice Cream"},{"floor":6,"key":"Ancient Tea Set"},{"floor":9,"key":"Girya"},{"floor":20,"key":"Red Mask"},{"floor":26,"key":"Meat on the Bone"},{"floor":27,"key":"Ornamental Fan"}],"event_choices":[{"event_name":"Golden Idol","player_choice":"Take Wound","floor":11,"damage_taken":0},{"event_name":"Masked Bandits","player_choice":"Fought over 145 gold","floor":20,"damage_taken":0},{"event_name":"Back to Basics","player_choice":"Simplicity","floor":21,"damage_taken":0},{"event_name":"Tomb of Lord Red Mask","player_choice":"Wore Mask","floor":36,"damage_taken":0}],"boss_relics":[{"not_picked":["Pandora\u0027s Box","Philosopher\u0027s Stone"],"picked":"Nuclear Battery"},{"not_picked":["White Beast Statue","Orrery"],"picked":"Lizard Tail"}],"items_purged_floors":[],"is_endless":false,"potions_floor_spawned":[4,5,6,16,18,24,27,33,35,37],"killed_by":"Maw","ascension_level":0}