{"path_per_floor":["M","M","M","M","?","E","M","M","T","R","M","E","M","E","R","B",null,"M","M","$","M","?","R","M","M","T","R","?","?","$","M","R","B",null,"M","?","M","M","M","R","E","M","T","E","M","R","$","M","R"],"character_chosen":"IRONCLAD","items_purchased":["Girya","Havoc","Shuriken","Shrug It Off"],"gold_per_floor":[13,28,40,55,55,88,113,128,180,180,194,227,252,295,295,385,385,408,426,3,21,21,21,40,58,139,139,139,139,39,56,56,135,135,147,147,165,185,203,203,233,247,271,306,325,325,59,73,73,73],"floor_reached":50,"campfire_rested":1,"playtime":2084,"current_hp_per_floor":[67,73,75,66,66,57,45,46,46,46,49,42,48,48,48,41,61,47,53,53,59,38,38,44,50,50,50,50,32,32,40,40,37,60,60,60,32,43,33,53,45,54,66,75,70,70,70,47,47,0],"items_purged":["Strike_R","Strike_R"],"gold":73,"score":1050,"play_id":"e9c356af-7dc7-46ec-aee5-0d25d244fc59","local_time":"20180419124928","is_prod":false,"is_daily":false,"chose_seed":false,"is_ascension_mode":true,"campfire_upgraded":3,"timestamp":1524134968,"path_taken":["M","M","M","M","?","E","M","M","T","R","M","E","M","E","R","BOSS","M","M","$","M","?","R","M","M","T","R","?","?","?","?","R","BOSS","M","?","M","?","M","R","E","M","T","E","M","R","$","M","R","BOSS"],"build_version":"2018-04-12","seed_source_timestamp":4994923265066,"purchased_purges":3,"victory":false,"master_deck":["Strike_R","Defend_R","Defend_R","Defend_R","Bash","AscendersBane","Heavy Blade","Fiend Fire+1","Reckless Charge","Seeing Red","Pommel Strike","Feel No Pain+1","Shrug It Off","Evolve","Inflame","Clothesline","Dark Embrace","Reckless Charge","True Grit+1","Havoc","Corruption+1","Second Wind","Mind Blast","Immolate","Fiend Fire","Armaments+1","Evolve","Shrug It Off+1","Shrug It Off","Havoc","Armaments+1","Burning Pact","Immolate","Reckless Charge+1","Shrug It Off","Reckless Charge"],"max_hp_per_floor":[75,75,75,75,68,68,68,68,68,68,68,68,68,68,68,68,68,68,68,68,68,68,68,68,68,68,68,68,68,68,68,68,68,68,68,68,68,68,68,68,68,68,75,75,75,75,75,75,75,75],"relics":["Burning Blood","Bloody Idol","Art of War","Ancient Tea Set","Toolbox","Charon\u0027s Ashes","Sozu","Girya","Enchiridion","Letter Opener","Runic Dome","Shovel","Strawberry","Orichalcum","Shuriken","Matryoshka"],"card_choices":[{"not_picked":["Anger","Ghostly Armor"],"picked":"Reckless Charge","floor":1},{"not_picked":["Anger","Pommel Strike"],"picked":"Seeing Red","floor":2},{"not_picked":["Warcry","Headbutt"],"picked":"Pommel Strike","floor":3},{"not_picked":["Cleave","Corruption"],"picked":"Feel No Pain","floor":4},{"not_picked":["Havoc","Sentinel"],"picked":"Shrug It Off","floor":7},{"not_picked":["Twin Strike","Searing Blow"],"picked":"Evolve","floor":8},{"not_picked":["Anger","Brutality"],"picked":"Inflame","floor":12},{"not_picked":["Blood for Blood","Flex"],"picked":"Clothesline","floor":13},{"not_picked":["Barricade","Exhume"],"picked":"Dark Embrace","floor":16},{"not_picked":["Iron Wave","Inflame"],"picked":"Reckless Charge","floor":18},{"not_picked":["Burning Pact","Dual Wield"],"picked":"True Grit","floor":19},{"not_picked":["Twin Strike","Warcry"],"picked":"Corruption","floor":24},{"not_picked":["Warcry","Anger"],"picked":"Second Wind","floor":25},{"not_picked":["Anger","Reckless Charge"],"picked":"Immolate","floor":31},{"not_picked":["Berserk","Impervious"],"picked":"Fiend Fire","floor":33},{"not_picked":["Thunderclap","Searing Blow"],"picked":"Armaments","floor":35},{"not_picked":["Corruption","Flex"],"picked":"Shrug It Off","floor":37},{"not_picked":["Anger","Thunderclap"],"picked":"Shrug It Off","floor":38},{"not_picked":["Hemokinesis","Pummel"],"picked":"Havoc","floor":39},{"not_picked":["Dual Wield","Pommel Strike"],"picked":"Armaments","floor":41},{"not_picked":["Clash","Thunderclap"],"picked":"Burning Pact","floor":42},{"not_picked":["Rupture","Corruption"],"picked":"Immolate","floor":44},{"not_picked":["Hemokinesis","Flex"],"picked":"Reckless Charge","floor":45},{"not_picked":["Thunderclap","Shrug It Off"],"picked":"Reckless Charge","floor":48}],"player_experience":321391,"potions_floor_usage":[4,6,6,14,16,19],"damage_taken":[{"damage":7,"enemies":"Jaw Worm","floor":1,"turns":3},{"damage":0,"enemies":"2 Louse","floor":2,"turns":2},{"damage":1,"enemies":"Cultist","floor":3,"turns":3},{"damage":15,"enemies":"Exordium Thugs","floor":4,"turns":4},{"damage":15,"enemies":"Lagavulin","floor":6,"turns":7},{"damage":18,"enemies":"Large Slime","floor":7,"turns":4},{"damage":5,"enemies":"Red Slaver","floor":8,"turns":5},{"damage":3,"enemies":"3 Louse","floor":11,"turns":2},{"damage":13,"enemies":"3 Sentries","floor":12,"turns":8},{"damage":0,"enemies":"Large Slime","floor":13,"turns":4},{"damage":6,"enemies":"Gremlin Nob","floor":14,"turns":3},{"damage":13,"enemies":"Hexaghost","floor":16,"turns":9},{"damage":20,"enemies":"2 Thieves","floor":18,"turns":4},{"damage":0,"enemies":"Shell Parasite","floor":19,"turns":1},{"damage":0,"enemies":"Centurion and Healer","floor":21,"turns":5},{"damage":0,"enemies":"Snake Plant","floor":24,"turns":2},{"damage":0,"enemies":"3 Cultists","floor":25,"turns":3},{"damage":3,"enemies":"Slaver and Parasite","floor":31,"turns":4},{"damage":14,"enemies":"Automaton","floor":33,"turns":4},{"damage":11,"enemies":"3 Shapes","floor":35,"turns":3},{"damage":39,"enemies":"3 Darklings","floor":37,"turns":3},{"damage":0,"enemies":"Maw","floor":38,"turns":3},{"damage":21,"enemies":"4 Shapes","floor":39,"turns":3},{"damage":19,"enemies":"Nemesis","floor":41,"turns":5},{"damage":2,"enemies":"3 Darklings","floor":42,"turns":3},{"damage":0,"enemies":"Giant Head","floor":44,"turns":4},{"damage":16,"enemies":"Sphere and 2 Shapes","floor":45,"turns":2},{"damage":34,"enemies":"4 Shapes","floor":48,"turns":3},{"damage":63,"enemies":"Donu and Deca","floor":50,"turns":4}],"event_choices":[{"event_name":"Golden Idol","player_choice":"Lose Max HP","floor":5,"damage_taken":0},{"event_name":"Cursed Tome","player_choice":"Obtained Book","floor":22,"damage_taken":0},{"event_name":"Forgotten Altar","player_choice":"Gave Idol","floor":28,"damage_taken":0},{"event_name":"Knowing Skull","player_choice":"CARD ","floor":29,"damage_taken":0},{"event_name":"Transmorgrifier","player_choice":"Transform","floor":36,"damage_taken":0}],"boss_relics":[{"not_picked":["Lizard Tail","Tiny House"],"picked":"Sozu"},{"not_picked":["Mark of Pain","Black Star"],"picked":"Runic Dome"}],"potions_floor_spawned":[2,3,4,8,12,14,19,25,31,39,45,48],"seed_played":"5559391017096580671","killed_by":"Donu and Deca","ascension_level":15,"is_trial":false}