{"path_per_floor":["M","?","?","?","M","R","E","R","T","?","E","?","M","M","R","B",null,"M","$","M","M","?","R","E","R","T","E","M","M","?","$","R"],"character_chosen":"THE_SILENT","items_purchased":["Dark Shackles","Lee\u0027s Waffle"],"gold_per_floor":[20,20,20,20,33,33,59,59,85,85,116,116,130,141,141,237,237,220,47,66,81,81,81,113,113,139,168,185,200,200,47,47,47],"floor_reached":33,"campfire_rested":1,"playtime":1656,"current_hp_per_floor":[70,70,63,63,63,63,50,50,57,57,41,34,34,34,57,57,77,63,63,63,52,52,52,38,38,38,7,5,5,5,45,45,0],"items_purged":["Strike_G"],"gold":47,"score":438,"play_id":"3d1a2caf-5e3b-44ab-916a-788ba7675cd9","local_time":"20180331161919","is_prod":false,"is_daily":false,"is_ascension_mode":true,"campfire_upgraded":5,"timestamp":1522505959,"path_taken":["M","?","?","?","?","R","E","R","T","?","E","?","M","M","R","BOSS","M","$","M","?","?","R","E","R","T","E","M","M","?","$","R","BOSS"],"build_version":"2018-03-29v2","purchased_purges":1,"victory":false,"master_deck":["Defend_G","Defend_G","Defend_G","Strike_G","Survivor","Neutralize+1","Skewer+1","Acrobatics","Blur+1","Envenom","Flying Knee","Skewer+1","Doppelganger+1","PiercingWail+1","Dark Shackles","Acrobatics","Backflip","Outmaneuver","Dagger Spray","Dodge and Roll+1","Calculated Gamble+1","Ghostly","Ghostly","Ghostly","Ghostly","Ghostly"],"max_hp_per_floor":[70,70,70,70,70,70,70,70,77,77,77,77,77,77,77,77,77,77,77,77,77,77,77,77,77,77,77,77,77,38,45,45,45],"relics":["Ring of the Snake","Orichalcum","Strawberry","Du-Vu Doll","Velvet Choker","Mummified Hand","Ancient Tea Set","The Courier","Lee\u0027s Waffle"],"card_choices":[{"not_picked":["Bane","Dagger Spray"],"picked":"Skewer","floor":1},{"not_picked":["Slice","Envenom"],"picked":"Acrobatics","floor":5},{"not_picked":["Acrobatics","Sucker Punch"],"picked":"Blur","floor":7},{"not_picked":["Predator","Cloak And Dagger"],"picked":"Flying Knee","floor":11},{"not_picked":["Caltrops","Endless Agony"],"picked":"Skewer","floor":13},{"not_picked":["Envenom","A Thousand Cuts"],"picked":"Doppelganger","floor":16},{"not_picked":["Poisoned Stab","Distraction"],"picked":"PiercingWail","floor":18},{"not_picked":["Noxious Fumes","Poisoned Stab"],"picked":"Acrobatics","floor":20},{"not_picked":["All Out Attack","Caltrops"],"picked":"Backflip","floor":21},{"not_picked":["Flechettes","Sucker Punch"],"picked":"Dagger Spray","floor":24},{"not_picked":["Deflect","Die Die Die"],"picked":"Dodge and Roll","floor":27},{"not_picked":["Dagger Throw","Acrobatics"],"picked":"Calculated Gamble","floor":29}],"player_experience":169436,"potions_floor_usage":[7,16,16,24,29],"damage_taken":[{"damage":0,"enemies":"Small Slimes","floor":1,"turns":6},{"damage":0,"enemies":"Cultist","floor":5,"turns":2},{"damage":13,"enemies":"Gremlin Nob","floor":7,"turns":4},{"damage":16,"enemies":"3 Sentries","floor":11,"turns":12},{"damage":0,"enemies":"Jaw Worm","floor":13,"turns":4},{"damage":0,"enemies":"Exordium Wildlife","floor":14,"turns":3},{"damage":0,"enemies":"Slime Boss","floor":16,"turns":11},{"damage":14,"enemies":"2 Thieves","floor":18,"turns":4},{"damage":0,"enemies":"Chosen","floor":20,"turns":4},{"damage":11,"enemies":"Slaver and Parasite","floor":21,"turns":9},{"damage":14,"enemies":"Gremlin Leader","floor":24,"turns":6},{"damage":31,"enemies":"Slavers","floor":27,"turns":9},{"damage":2,"enemies":"Centurion and Healer","floor":28,"turns":6},{"damage":0,"enemies":"Snecko","floor":29,"turns":5},{"damage":59,"enemies":"Collector","floor":33,"turns":7}],"event_choices":[{"event_name":"Purifier","player_choice":"One Purge","floor":2,"damage_taken":0},{"event_name":"Golden Wing","player_choice":"Card Removal","floor":3,"damage_taken":0},{"event_name":"Upgrade Shrine","player_choice":"Upgraded","floor":4,"damage_taken":0},{"event_name":"Living Wall","player_choice":"Change","floor":10,"damage_taken":0},{"event_name":"Wheel of Change","player_choice":"Damage","floor":12,"damage_taken":0},{"event_name":"The Library","player_choice":"Read","floor":22,"damage_taken":0},{"event_name":"Ghosts","player_choice":"Became a Ghost","floor":30,"damage_taken":0}],"boss_relics":[{"not_picked":["Pandora\u0027s Box","Philosopher\u0027s Stone"],"picked":"Velvet Choker"}],"potions_floor_spawned":[1,7,11,18,21,27],"seed_played":"7753812091896328830","killed_by":"Collector","ascension_level":4,"is_trial":false}