{"path_per_floor":["M","$","?","M","?","E","R","E","T","M","M","R","E","?","R","B",null,"M","M","?","M","$","R","?","R","T","M","R","M","R","M","R"],"character_chosen":"THE_SILENT","items_purchased":["Well Laid Plans","Deadly Poison","War Paint","Explosive Potion"],"gold_per_floor":[109,41,216,227,177,205,205,238,238,257,272,272,336,336,336,438,438,454,437,387,405,77,77,77,77,158,177,177,195,195,213,213,213],"floor_reached":33,"campfire_rested":4,"playtime":1733,"current_hp_per_floor":[63,63,63,63,63,63,63,41,41,43,43,43,33,56,56,46,64,48,32,32,7,7,28,28,28,28,12,22,3,13,9,19,0],"items_purged":["Strike_G"],"gold":213,"score":475,"play_id":"636547df-c467-4d36-9e8f-9dc17fb49b9d","local_time":"20180414121949","is_prod":false,"is_daily":false,"chose_seed":false,"is_ascension_mode":true,"campfire_upgraded":4,"timestamp":1523701189,"path_taken":["M","?","?","?","?","E","R","E","T","M","M","R","E","?","R","BOSS","M","M","?","?","$","R","?","R","T","M","R","M","R","M","R","BOSS"],"build_version":"2018-04-12","seed_source_timestamp":4423742138062,"purchased_purges":2,"victory":false,"master_deck":["Defend_G","Defend_G","Defend_G+1","Strike_G","Strike_G","Strike_G+1","Survivor","Neutralize+1","AscendersBane","Blade Dance+1","Well Laid Plans+1","PiercingWail","Cloak And Dagger+1","Slice+1","Dodge and Roll","Backflip","Glass Knife","PiercingWail+1","Quick Slash+1","Catalyst+1","Leg Sweep+1","Deadly Poison","Well Laid Plans+1","Deadly Poison","Ghostly","Ghostly","Ghostly","Ghostly","Ghostly","Bouncing Flask"],"max_hp_per_floor":[70,70,70,70,70,70,70,70,70,70,70,70,70,70,70,70,70,70,70,70,70,70,70,35,35,35,35,35,35,35,35,35,35],"relics":["Ring of the Snake","NeowsBlessing","Bird Faced Urn","Lantern","Whetstone","Tiny Chest","Astrolabe","War Paint","Darkstone Periapt"],"card_choices":[{"not_picked":["Infinite Blades","Deflect"],"picked":"Blade Dance","floor":1},{"not_picked":["Underhanded Strike","Blur"],"picked":"PiercingWail","floor":4},{"not_picked":["Acrobatics","Corpse Explosion"],"picked":"Cloak And Dagger","floor":6},{"not_picked":["Distraction","Predator"],"picked":"Slice","floor":8},{"not_picked":["Slice","Bane"],"picked":"Dodge and Roll","floor":10},{"not_picked":["Bane","Bouncing Flask"],"picked":"Backflip","floor":11},{"not_picked":["Tactician","Venomology"],"picked":"Glass Knife","floor":16},{"not_picked":["Cloak And Dagger","Terror"],"picked":"Leg Sweep","floor":18},{"not_picked":["Cloak And Dagger","Poisoned Stab"],"picked":"Deadly Poison","floor":19},{"not_picked":["Acrobatics","Setup"],"picked":"Well Laid Plans","floor":21},{"not_picked":["Finisher","Reflex"],"picked":"Bouncing Flask","floor":27}],"player_experience":305873,"potions_floor_usage":[8,8,16,33,33],"damage_taken":[{"damage":0,"enemies":"Cultist","floor":1,"turns":1},{"damage":0,"enemies":"Jaw Worm","floor":4,"turns":1},{"damage":0,"enemies":"3 Sentries","floor":6,"turns":1},{"damage":24,"enemies":"Lagavulin","floor":8,"turns":9},{"damage":0,"enemies":"Small Slimes","floor":10,"turns":4},{"damage":2,"enemies":"Exordium Wildlife","floor":11,"turns":5},{"damage":12,"enemies":"3 Sentries","floor":13,"turns":10},{"damage":24,"enemies":"The Guardian","floor":16,"turns":21},{"damage":18,"enemies":"Spheric Guardian","floor":18,"turns":6},{"damage":18,"enemies":"2 Thieves","floor":19,"turns":4},{"damage":27,"enemies":"Snake Plant","floor":21,"turns":9},{"damage":20,"enemies":"Chosen and Byrds","floor":27,"turns":10},{"damage":23,"enemies":"Cultist and Chosen","floor":29,"turns":7},{"damage":6,"enemies":"Snake Plant","floor":31,"turns":4},{"damage":41,"enemies":"Automaton","floor":33,"turns":6}],"event_choices":[{"event_name":"Liars Game","player_choice":"agreed","floor":3,"damage_taken":0},{"event_name":"The Cleric","player_choice":"Card Removal","floor":5,"damage_taken":0},{"event_name":"Big Fish","player_choice":"Banana","floor":14,"damage_taken":0},{"event_name":"The Joust","player_choice":"Bet on Owner","floor":20,"damage_taken":0},{"event_name":"Ghosts","player_choice":"Became a Ghost","floor":24,"damage_taken":0}],"boss_relics":[{"not_picked":["Orrery","Black Star"],"picked":"Astrolabe"}],"potions_floor_spawned":[1,6,13,16,31],"seed_played":"-2645757304894291109","killed_by":"Automaton","ascension_level":11,"is_trial":false}