{"gold_per_floor":[113,131,149,149,149,183,183,200,200,219,233,258,275,287,287,385,385,405,405,405,8,19,34,34,34,61,160,177,188,203,203],"floor_reached":31,"playtime":1730,"items_purged":["Dualcast"],"score":278,"play_id":"9ec697c2-9111-4ad1-81de-98924495044c","local_time":"20180911075854","is_ascension_mode":false,"campfire_choices":[{"floor":7,"key":"REST"},{"floor":15,"key":"REST"},{"floor":24,"key":"REST"}],"neow_cost":"NONE","seed_source_timestamp":6888154419764,"circlet_count":0,"master_deck":["Strike_B","Strike_B","Strike_B","Strike_B","Defend_B","Defend_B","Defend_B","Defend_B","Zap","Gash","Stack","Rebound","Beam Cell","Beam Cell","Steam","Rebound","Buffer+1","Beam Cell","Necronomicurse","Gash","Go for the Eyes","Dramatic Entrance","Buffer+1","Leap","Beam Cell","Scrape+1","Steam","Steam","Leap"],"relics":["Cracked Core","Blood Vial","Lantern","Kunai","Frozen Egg 2","Boot","Potion Belt","White Beast Statue","Necronomicon","Vajra"],"potions_floor_usage":[11,11,12,14,16,16,22,23,28,30,31],"damage_taken":[{"damage":6,"enemies":"Cultist","floor":1,"turns":3},{"damage":0,"enemies":"Small Slimes","floor":2,"turns":3},{"damage":6,"enemies":"2 Louse","floor":3,"turns":2},{"damage":23,"enemies":"Gremlin Nob","floor":6,"turns":4},{"damage":15,"enemies":"Blue Slaver","floor":8,"turns":3},{"damage":8,"enemies":"3 Louse","floor":10,"turns":3},{"damage":8,"enemies":"Large Slime","floor":11,"turns":4},{"damage":37,"enemies":"3 Sentries","floor":12,"turns":6},{"damage":6,"enemies":"Exordium Wildlife","floor":13,"turns":3},{"damage":1,"enemies":"Blue Slaver","floor":14,"turns":3},{"damage":27,"enemies":"Hexaghost","floor":16,"turns":9},{"damage":18,"enemies":"3 Byrds","floor":18,"turns":5},{"damage":5,"enemies":"Spheric Guardian","floor":22,"turns":6},{"damage":38,"enemies":"Shelled Parasite and Fungi","floor":23,"turns":9},{"damage":30,"enemies":"Chosen and Byrds","floor":28,"turns":6},{"damage":12,"enemies":"Centurion and Healer","floor":29,"turns":8},{"damage":0,"enemies":"3 Cultists","floor":30,"turns":6},{"damage":14,"enemies":"Sentry and Sphere","floor":31,"turns":5}],"seed_played":"878999576147394549","potions_obtained":[{"floor":8,"key":"Explosive Potion"},{"floor":10,"key":"Explosive Potion"},{"floor":11,"key":"Regen Potion"},{"floor":12,"key":"Poison Potion"},{"floor":13,"key":"AttackPotion"},{"floor":14,"key":"Explosive Potion"},{"floor":18,"key":"SkillPotion"},{"floor":22,"key":"Regen Potion"},{"floor":23,"key":"Swift Potion"},{"floor":28,"key":"SkillPotion"},{"floor":29,"key":"Fire Potion"},{"floor":30,"key":"SkillPotion"}],"is_trial":false,"path_per_floor":["M","M","M","?","?","E","R","M","T","M","M","E","M","M","R","B",null,"M","?","?","$","M","M","R","?","T","?","M","M","M"],"character_chosen":"DEFECT","items_purchased":["Go for the Eyes","Dramatic Entrance","Buffer+1","Leap"],"campfire_rested":3,"item_purchase_floors":[21,21,21,21],"current_hp_per_floor":[69,71,67,64,64,43,65,52,52,46,40,20,16,17,39,14,75,57,41,41,41,38,17,39,39,39,39,11,1,3,0],"gold":203,"neow_bonus":"RANDOM_COMMON_RELIC","is_prod":false,"is_daily":false,"chose_seed":false,"campfire_upgraded":0,"win_rate":0.0,"timestamp":1536649134,"path_taken":["M","?","?","?","?","E","R","M","T","M","M","E","M","M","R","BOSS","M","?","?","$","M","M","R","?","T","?","?","M","M","M"],"build_version":"2018-09-06","purchased_purges":1,"victory":false,"max_hp_per_floor":[75,75,75,75,75,75,75,75,75,75,75,75,75,75,75,75,75,75,75,75,75,75,75,75,75,75,75,75,75,75,75],"card_choices":[{"not_picked":["Hologram","Conserve Battery","Steam"],"picked":"SKIP","floor":1},{"not_picked":["Seek","Steam"],"picked":"Gash","floor":2},{"not_picked":["Double Energy","Loop"],"picked":"Stack","floor":3},{"not_picked":["Rip and Tear","Turbo"],"picked":"Rebound","floor":6},{"not_picked":["Darkness","Tempest"],"picked":"Beam Cell","floor":8},{"not_picked":["Chaos","Cold Snap","Compile Driver"],"picked":"SKIP","floor":10},{"not_picked":["Steam","Hologram"],"picked":"Beam Cell","floor":11},{"not_picked":["Redo","Loop+1"],"picked":"Steam","floor":12},{"not_picked":["Barrage","Redo","Conserve Battery"],"picked":"SKIP","floor":13},{"not_picked":["Skim","Leap"],"picked":"Rebound","floor":14},{"not_picked":["Rainbow","Thunder Strike"],"picked":"Buffer+1","floor":16},{"not_picked":["Rebound+1","Steam Power"],"picked":"Beam Cell","floor":18},{"not_picked":["Genetic Algorithm","Ball Lightning+1"],"picked":"Beam Cell","floor":22},{"not_picked":["Coolheaded","Doom and Gloom"],"picked":"Scrape+1","floor":23},{"not_picked":["Cold Snap","Coolheaded"],"picked":"Steam","floor":28},{"not_picked":["Heatsinks+1","Conserve Battery"],"picked":"Steam","floor":29},{"not_picked":["Sunder","Compile Driver+1"],"picked":"Leap","floor":30}],"player_experience":142177,"relics_obtained":[{"floor":6,"key":"Frozen Egg 2"},{"floor":9,"key":"Boot"},{"floor":12,"key":"Potion Belt"},{"floor":19,"key":"Necronomicon"},{"floor":26,"key":"Vajra"}],"event_choices":[{"event_name":"Scrap Ooze","player_choice":"success","floor":4,"damage_taken":3},{"event_name":"Big Fish","player_choice":"Box","floor":5,"damage_taken":0},{"event_name":"Cursed Tome","player_choice":"Obtained Book","floor":19,"damage_taken":0},{"event_name":"The Library","player_choice":"Read","floor":20,"damage_taken":0},{"event_name":"Back to Basics","player_choice":"Elegance","floor":25,"damage_taken":0},{"event_name":"Nest","player_choice":"Stole From Cult","floor":27,"damage_taken":0}],"is_beta":false,"boss_relics":[{"not_picked":["Calling Bell","Inserter"],"picked":"White Beast Statue"}],"items_purged_floors":[21],"is_endless":false,"potions_floor_spawned":[8,10,11,12,13,14,18,22,23,28,29,30],"killed_by":"Sentry and Sphere","ascension_level":0}