{"path_per_floor":["M","$","M","$","?","?","R","M","T","E","?","M","?","?","R","B",null,"M","$","?","?","?","R","M","M","T","R","M","R","$","M","R","B",null,"M","?","M","?","$"],"character_chosen":"DEFECT","items_purchased":["Juzu Bracelet","Storm","Capacitor","Barrage"],"gold_per_floor":[213,60,76,1,1,1,1,13,39,71,135,150,150,150,150,249,249,259,87,87,87,87,87,99,118,118,118,134,134,86,105,105,210,210,223,223,239,239,216,216],"floor_reached":40,"campfire_rested":5,"playtime":1945,"current_hp_per_floor":[74,74,70,70,70,70,70,69,69,52,14,2,20,20,42,11,75,51,51,37,37,37,61,39,32,32,56,36,60,60,27,51,13,80,62,62,42,42,42,0],"items_purged":["Strike_B","Regret"],"gold":216,"score":382,"play_id":"5180efdf-f0ba-495c-81e4-ab40392a249e","local_time":"20180514234935","is_prod":false,"is_daily":false,"chose_seed":false,"is_ascension_mode":false,"campfire_upgraded":1,"timestamp":1526366975,"path_taken":["M","$","M","?","?","?","R","M","T","E","?","M","?","?","R","BOSS","M","$","?","?","?","R","M","M","T","R","M","R","$","M","R","BOSS","M","?","M","?","$","E"],"build_version":"2018-05-12v2","seed_source_timestamp":100460114863991,"purchased_purges":2,"victory":false,"master_deck":["Strike_B+1","Strike_B+1","Defend_B+1","Defend_B+1","Defend_B+1","Defend_B+1","Zap+1","Dualcast","Turbo","Ball Lightning","Normality","Recycle","Aggregate","Hello World","Coolheaded","Leap","Electrodynamics","Storm","Zap","Ball Lightning","Ball Lightning+1","Cold Snap","Chaos","Loop","Leap+1","Capacitor","Consume+1","Echo Form","Coolheaded","Barrage"],"max_hp_per_floor":[75,75,75,75,75,75,75,75,75,75,75,75,75,75,75,75,75,75,75,80,80,80,80,80,80,80,80,80,80,80,80,80,80,80,80,80,80,80,80,80],"relics":["Cracked Core","Juzu Bracelet","Vajra","Dream Catcher","Omamori","Potion Belt","Bag of Marbles","Cursed Key","Sundial","Inserter"],"card_choices":[{"not_picked":["Barrage","Beam Cell"],"picked":"Turbo","floor":1},{"not_picked":["Rebound","Turbo"],"picked":"Ball Lightning","floor":3},{"not_picked":["Steam Power","Lockon"],"picked":"Recycle","floor":8},{"not_picked":["Axe Kick","Blizzard"],"picked":"Aggregate","floor":10},{"not_picked":["Amplify","Rip and Tear"],"picked":"Hello World","floor":11},{"not_picked":["Beam Cell","Rebound"],"picked":"Coolheaded","floor":12},{"not_picked":["Blizzard","Steam"],"picked":"Leap","floor":15},{"not_picked":["Buffer","Multi-Cast"],"picked":"Electrodynamics","floor":16},{"not_picked":["Skim","Cold Snap","Gash+1"],"picked":"SKIP","floor":18},{"not_picked":["Go for the Eyes+1","Hologram+1"],"picked":"Ball Lightning","floor":23},{"not_picked":["Reprogram","Doom and Gloom+1"],"picked":"Ball Lightning+1","floor":24},{"not_picked":["Heatsinks+1","Barrage"],"picked":"Cold Snap","floor":25},{"not_picked":["Impulse+1","Rebound"],"picked":"Chaos","floor":27},{"not_picked":["Turbo","Reprogram"],"picked":"Loop","floor":28},{"not_picked":["Blizzard","FTL"],"picked":"Leap+1","floor":29},{"not_picked":["Gash","Streamline"],"picked":"Consume+1","floor":31},{"not_picked":["Hyperbeam","Biased Cognition"],"picked":"Echo Form","floor":33},{"not_picked":["Glacier","Stack","Steam"],"picked":"SKIP","floor":35},{"not_picked":["Force Field+1","Redo"],"picked":"Coolheaded","floor":37}],"player_experience":91831,"potions_floor_usage":[10,11,16,16,33,33,33,33],"damage_taken":[{"damage":1,"enemies":"Cultist","floor":1,"turns":3},{"damage":4,"enemies":"2 Louse","floor":3,"turns":2},{"damage":1,"enemies":"Small Slimes","floor":8,"turns":2},{"damage":17,"enemies":"Lagavulin","floor":10,"turns":5},{"damage":38,"enemies":"Gremlin Nob","floor":11,"turns":4},{"damage":12,"enemies":"3 Louse","floor":12,"turns":2},{"damage":46,"enemies":"The Guardian","floor":16,"turns":13},{"damage":24,"enemies":"3 Byrds","floor":18,"turns":5},{"damage":22,"enemies":"2 Thieves","floor":24,"turns":4},{"damage":7,"enemies":"Cultist and Chosen","floor":25,"turns":6},{"damage":20,"enemies":"Centurion and Healer","floor":28,"turns":4},{"damage":33,"enemies":"3 Cultists","floor":31,"turns":6},{"damage":38,"enemies":"Champ","floor":33,"turns":8},{"damage":18,"enemies":"3 Shapes","floor":35,"turns":5},{"damage":20,"enemies":"Flame Bruiser 1 Orb","floor":37,"turns":6},{"damage":43,"enemies":"Giant Head","floor":40,"turns":5}],"event_choices":[{"event_name":"Accursed Blacksmith","player_choice":"Rummage","floor":5,"damage_taken":0},{"event_name":"Big Fish","player_choice":"Box","floor":6,"damage_taken":0},{"event_name":"Dead Adventurer","player_choice":"Searched \u00273\u0027 times","floor":11,"damage_taken":0},{"event_name":"Mushrooms","player_choice":"Healed and dodged fight","floor":13,"damage_taken":0},{"event_name":"Liars Game","player_choice":"disagreed","floor":14,"damage_taken":0},{"event_name":"Forgotten Altar","player_choice":"Shed Blood","floor":20,"damage_taken":0},{"event_name":"Back to Basics","player_choice":"Simplicity","floor":21,"damage_taken":0},{"event_name":"Match and Keep!","player_choice":"1 cards matched","floor":22,"damage_taken":0},{"event_name":"Tomb of Lord Red Mask","player_choice":"Ignored","floor":38,"damage_taken":0}],"boss_relics":[{"not_picked":["Runic Pyramid","Philosopher\u0027s Stone"],"picked":"Cursed Key"},{"not_picked":["Velvet Choker","Snecko Eye"],"picked":"Inserter"}],"potions_floor_spawned":[3,8,11,12,16,24,25,31,33,37],"seed_played":"1507592179944031674","killed_by":"Giant Head","ascension_level":0,"is_trial":false}