{"gold_per_floor":[10,10,10,30,30,59,59,87,112,112,126,179,179,195,195,296,296,316,366,383,433,14,14,43,43,70,93,123,147,13,25,25,25],"floor_reached":33,"playtime":1231,"items_purged":["Decay","Strike_G"],"score":275,"play_id":"c44e527b-ef98-4a93-889d-c72a4a9f1be6","local_time":"20190212022029","is_ascension_mode":false,"campfire_choices":[{"data":"Predator","floor":7,"key":"SMITH"},{"floor":10,"key":"REST"},{"data":"Neutralize","floor":15,"key":"SMITH"},{"data":"Doppelganger","floor":23,"key":"SMITH"},{"floor":25,"key":"REST"},{"floor":32,"key":"REST"}],"neow_cost":"NO_GOLD","seed_source_timestamp":212344815605720,"circlet_count":0,"master_deck":["Defend_G","Defend_G+1","Defend_G","Defend_G","Defend_G","Strike_G","Strike_G","Strike_G","Strike_G","Survivor+1","Neutralize+1","Doppelganger+1","Predator+1","Bullet Time","Die Die Die","Blur+1","Caltrops+1","PiercingWail"],"relics":["Ring of the Snake","Potion Belt","Pocketwatch","Art of War","Lantern","SsserpentHead","Runic Pyramid","Boot","Orichalcum","Chemical X","Strawberry","MawBank"],"potions_floor_usage":[6,16,16,33,33],"damage_taken":[{"damage":5,"enemies":"2 Louse","floor":1,"turns":4},{"damage":2,"enemies":"Small Slimes","floor":4,"turns":4},{"damage":25,"enemies":"Gremlin Nob","floor":6,"turns":4},{"damage":28,"enemies":"3 Sentries","floor":8,"turns":9},{"damage":0,"enemies":"Cultist","floor":11,"turns":3},{"damage":0,"enemies":"Blue Slaver","floor":14,"turns":3},{"damage":4,"enemies":"Slime Boss","floor":16,"turns":11},{"damage":8,"enemies":"Spheric Guardian","floor":18,"turns":4},{"damage":8,"enemies":"Shell Parasite","floor":20,"turns":3},{"damage":45,"enemies":"Book of Stabbing","floor":24,"turns":7},{"damage":12,"enemies":"Sentry and Sphere","floor":27,"turns":4},{"damage":0,"enemies":"Chosen and Byrds","floor":28,"turns":7},{"damage":0,"enemies":"Snake Plant","floor":29,"turns":3},{"damage":4,"enemies":"Shelled Parasite and Fungi","floor":31,"turns":6},{"damage":51,"enemies":"Automaton","floor":33,"turns":12}],"seed_played":"1122546507895355850","potions_obtained":[{"floor":1,"key":"Energy Potion"},{"floor":8,"key":"EssenceOfSteel"},{"floor":14,"key":"LiquidBronze"},{"floor":20,"key":"GhostInAJar"},{"floor":27,"key":"SkillPotion"},{"floor":31,"key":"Poison Potion"}],"is_trial":false,"path_per_floor":["M","?","?","M","?","E","R","E","T","R","M","T","?","M","R","B",null,"M","T","M","?","$","R","E","R","T","M","M","M","$","M","R","B"],"character_chosen":"THE_SILENT","items_purchased":["Orichalcum","Chemical X","PiercingWail","SkillPotion"],"campfire_rested":3,"item_purchase_floors":[22,22,30,30],"current_hp_per_floor":[65,51,70,68,68,43,43,15,15,36,36,36,36,36,36,32,70,62,62,54,54,54,54,16,39,39,27,27,27,27,23,46,0],"gold":25,"neow_bonus":"THREE_RARE_CARDS","is_prod":false,"is_daily":false,"chose_seed":false,"campfire_upgraded":3,"win_rate":0,"timestamp":1549956029,"path_taken":["M","?","?","M","?","E","R","E","T","R","M","?","?","M","R","BOSS","M","?","M","?","$","R","E","R","T","M","M","M","?","M","R","BOSS"],"build_version":"2019-01-23","purchased_purges":2,"victory":false,"max_hp_per_floor":[70,70,70,70,70,70,70,70,70,70,70,70,70,70,70,70,70,70,70,70,70,70,70,77,77,77,77,77,77,77,77,77,77],"card_choices":[{"not_picked":["A Thousand Cuts","Venomology"],"picked":"Doppelganger","floor":0},{"not_picked":["Finisher","Deflect"],"picked":"Predator","floor":1},{"not_picked":["Skewer","Deflect","Eviscerate"],"picked":"SKIP","floor":4},{"not_picked":["Heel Hook","Prepared","Catalyst"],"picked":"SKIP","floor":6},{"not_picked":["Cloak And Dagger","Infinite Blades"],"picked":"Bullet Time","floor":8},{"not_picked":["Deadly Poison","Blade Dance","Dagger Throw"],"picked":"SKIP","floor":11},{"not_picked":["Choke","Doppelganger","Outmaneuver"],"picked":"SKIP","floor":14},{"not_picked":["Wraith Form v2","Storm of Steel"],"picked":"Die Die Die","floor":16},{"not_picked":["Leg Sweep","Underhanded Strike+1","Deadly Poison"],"picked":"SKIP","floor":18},{"not_picked":["Backflip","Deadly Poison","Outmaneuver"],"picked":"SKIP","floor":20},{"not_picked":["Backflip+1","Distraction"],"picked":"Blur+1","floor":24},{"not_picked":["Dagger Throw","Bane+1","Acrobatics"],"picked":"SKIP","floor":27},{"not_picked":["Deadly Poison+1","Slice"],"picked":"Caltrops+1","floor":28},{"not_picked":["Leg Sweep","Envenom","Crippling Poison"],"picked":"SKIP","floor":29},{"not_picked":["Underhanded Strike+1","Cloak And Dagger+1","Heel Hook"],"picked":"SKIP","floor":31}],"player_experience":662938,"relics_obtained":[{"floor":6,"key":"Potion Belt"},{"floor":8,"key":"Pocketwatch"},{"floor":9,"key":"Art of War"},{"floor":12,"key":"Lantern"},{"floor":19,"key":"Boot"},{"floor":24,"key":"Strawberry"},{"floor":26,"key":"MawBank"}],"event_choices":[{"damage_healed":0,"gold_gain":0,"player_choice":"Entered Light","damage_taken":14,"max_hp_gain":0,"max_hp_loss":0,"event_name":"Shining Light","floor":2,"gold_loss":0,"cards_upgraded":["Defend_G","Survivor"]},{"damage_healed":23,"gold_gain":0,"player_choice":"Banana","damage_taken":0,"max_hp_gain":0,"max_hp_loss":0,"event_name":"Big Fish","floor":3,"gold_loss":0},{"damage_healed":0,"gold_gain":0,"player_choice":"Leave","damage_taken":0,"max_hp_gain":0,"max_hp_loss":0,"event_name":"The Cleric","floor":5,"gold_loss":0},{"damage_healed":0,"gold_gain":0,"player_choice":"Trade","damage_taken":0,"relics_obtained":["SsserpentHead"],"max_hp_gain":0,"max_hp_loss":0,"event_name":"FaceTrader","floor":13,"gold_loss":0},{"damage_healed":0,"gold_gain":0,"player_choice":"Smashed Altar","damage_taken":0,"max_hp_gain":0,"max_hp_loss":0,"event_name":"Forgotten Altar","floor":21,"gold_loss":0,"cards_obtained":["Decay"]}],"is_beta":false,"boss_relics":[{"not_picked":["Cursed Key","Runic Dome"],"picked":"Runic Pyramid"}],"items_purged_floors":[22,30],"is_endless":false,"potions_floor_spawned":[1,8,14,20,27,31],"killed_by":"Automaton","ascension_level":0}