{"path_per_floor":["M","M","M","M","M","R","?","R","T","?","R","M","$","?","R","B",null,"M","M","M","?","$","E","R"],"character_chosen":"IRONCLAD","items_purchased":["Metallicize","Block Potion","Flame Barrier"],"gold_per_floor":[112,122,140,150,169,169,169,169,246,321,321,335,132,132,132,234,234,245,257,276,276,96,121,121,121],"floor_reached":25,"campfire_rested":1,"playtime":8727,"current_hp_per_floor":[70,59,61,65,65,65,65,65,65,54,54,60,60,60,60,66,80,80,80,62,47,47,13,38,0],"items_purged":["Doubt","Strike_R"],"gold":121,"score":263,"play_id":"d07436e5-4116-42de-9e75-fc3fc0692160","local_time":"20180326200412","is_prod":false,"is_daily":false,"is_ascension_mode":false,"campfire_upgraded":4,"timestamp":1522087452,"path_taken":["M","M","M","M","?","R","?","R","T","?","R","M","$","?","R","BOSS","M","M","M","?","$","E","R","E"],"build_version":"2018-03-22v2","purchased_purges":2,"victory":false,"master_deck":["Strike_R","Strike_R","Strike_R","Defend_R","Defend_R","Defend_R","Defend_R","Bash","Barricade+1","Iron Wave+1","Body Slam+1","Twin Strike","Whirlwind","Flame Barrier+1","Metallicize","Juggernaut","True Grit","Body Slam+1","Armaments","Flame Barrier","Power Through+1"],"max_hp_per_floor":[80,80,80,80,80,80,80,80,80,80,80,80,80,80,80,80,80,80,80,80,85,85,85,85,85],"relics":["Burning Blood","Molten Egg 2","Runic Dome","Du-Vu Doll"],"card_choices":[{"not_picked":["Juggernaut","Bludgeon"],"picked":"Barricade","floor":0},{"not_picked":["Seeing Red","Feel No Pain"],"picked":"Iron Wave","floor":2},{"not_picked":["Wild Strike","Entrench"],"picked":"Body Slam","floor":3},{"not_picked":["Limit Break","Spot Weakness"],"picked":"Twin Strike","floor":5},{"not_picked":["Combust","Warcry"],"picked":"Flame Barrier","floor":12},{"not_picked":["Impervious","Limit Break"],"picked":"Juggernaut","floor":16},{"not_picked":["Cleave","Battle Trance"],"picked":"True Grit","floor":18},{"not_picked":["Anger","Dual Wield"],"picked":"Body Slam","floor":19},{"not_picked":["Thunderclap","Clothesline"],"picked":"Armaments","floor":20},{"not_picked":["Rupture","Clothesline"],"picked":"Power Through","floor":23}],"player_experience":88735,"potions_floor_usage":[5,16,20,23,25],"damage_taken":[{"damage":16,"enemies":"Cultist","floor":1,"turns":5},{"damage":17,"enemies":"Jaw Worm","floor":2,"turns":8},{"damage":4,"enemies":"2 Louse","floor":3,"turns":3},{"damage":2,"enemies":"Looter","floor":4,"turns":5},{"damage":6,"enemies":"2 Fungi Beasts","floor":5,"turns":4},{"damage":0,"enemies":"Gremlin Gang","floor":12,"turns":2},{"damage":0,"enemies":"Hexaghost","floor":16,"turns":12},{"damage":0,"enemies":"Chosen","floor":18,"turns":6},{"damage":5,"enemies":"2 Thieves","floor":19,"turns":4},{"damage":24,"enemies":"Chosen and Byrds","floor":20,"turns":7},{"damage":40,"enemies":"Book of Stabbing","floor":23,"turns":6},{"damage":56,"enemies":"Gremlin Leader","floor":25,"turns":4}],"event_choices":[{"event_name":"Living Wall","player_choice":"Change","floor":7,"damage_taken":0},{"event_name":"World of Goop","player_choice":"Gather Gold","floor":10,"damage_taken":0},{"event_name":"Liars Game","player_choice":"disagreed","floor":14,"damage_taken":0},{"event_name":"Forgotten Altar","player_choice":"Shed Blood","floor":21,"damage_taken":0}],"boss_relics":[{"not_picked":["Runic Cube","Calling Bell"],"picked":"Runic Dome"}],"potions_floor_spawned":[2,12,19,23],"seed_played":"-7969135648687059694","killed_by":"Gremlin Leader","ascension_level":0,"is_trial":false}