{"gold_per_floor":[114,126,49,67,67,67,85,118,118,118,133,153,181,197,197,297,297,314,25,27,27,38,38],"floor_reached":23,"playtime":1596,"items_purged":[],"score":256,"play_id":"91fe96c1-2309-476f-b8ac-7e424cd77319","local_time":"20180627232032","is_ascension_mode":true,"campfire_choices":[{"data":"Terror","floor":6,"key":"SMITH"},{"data":"Footwork","floor":10,"key":"SMITH"},{"floor":15,"key":"REST"}],"neow_cost":"","seed_source_timestamp":0,"circlet_count":0,"master_deck":["Defend_G+1","Defend_G+1","Defend_G+1","Defend_G+1","Defend_G+1","Strike_G+1","Strike_G+1","Strike_G+1","Strike_G+1","Survivor","Neutralize","Die Die Die","Terror+1","Footwork+1","Infinite Blades","Cloak And Dagger","Outmaneuver","Adrenaline","Burst","Backflip","Infinite Blades"],"special_seed":17710,"relics":["Ring of the Snake","Darkstone Periapt","Matryoshka","Kunai","Philosopher\u0027s Stone","Thread and Needle"],"potions_floor_usage":[13,13,16],"damage_taken":[{"damage":0.0,"enemies":"Cultist","floor":1.0,"turns":3.0},{"damage":0.0,"enemies":"2 Louse","floor":2.0,"turns":3.0},{"damage":4.0,"enemies":"Small Slimes","floor":4.0,"turns":4.0},{"damage":1,"enemies":"Looter","floor":7,"turns":3},{"damage":24,"enemies":"3 Sentries","floor":8,"turns":8},{"damage":15,"enemies":"Large Slime","floor":11,"turns":5},{"damage":2,"enemies":"Exordium Wildlife","floor":12,"turns":3},{"damage":12,"enemies":"Gremlin Nob","floor":13,"turns":3},{"damage":0,"enemies":"2 Fungi Beasts","floor":14,"turns":3},{"damage":23,"enemies":"Slime Boss","floor":16,"turns":19},{"damage":20,"enemies":"Spheric Guardian","floor":18,"turns":8},{"damage":12,"enemies":"2 Thieves","floor":20,"turns":4},{"damage":0,"enemies":"Snecko","floor":22,"turns":6},{"damage":21,"enemies":"Book of Stabbing","floor":23,"turns":3}],"seed_played":"7346625125094543297","potions_obtained":[{"floor":8,"key":"Poison Potion"},{"floor":11,"key":"Ancient Potion"},{"floor":12,"key":"Swift Potion"},{"floor":13,"key":"GamblersBrew"},{"floor":14,"key":"FearPotion"},{"floor":20,"key":"EssenceOfSteel"}],"is_trial":false,"path_per_floor":["M","M","$","M","?","R","M","E","T","R","M","M","E","M","R","B",null,"M","$","M","?","M"],"character_chosen":"THE_SILENT","items_purchased":["Footwork","Thread and Needle"],"campfire_rested":1,"item_purchase_floors":[],"current_hp_per_floor":[70,70,70,66,59,59,58,34,34,34,19,17,5,5,26,3,53,33,33,21,21,21,0],"gold":38,"neow_bonus":"","is_prod":false,"is_daily":false,"chose_seed":false,"campfire_upgraded":2,"win_rate":0,"timestamp":1530156032,"path_taken":["M","M","?","M","?","R","?","E","T","R","M","M","E","M","R","BOSS","M","$","M","?","M","E"],"build_version":"2018-06-26","purchased_purges":0,"victory":false,"max_hp_per_floor":[70,70,70,70,70,70,70,70,70,70,70,70,70,70,70,70,70,70,70,70,70,70,70],"card_choices":[{"not_picked":["Quick Slash","Outmaneuver","Dodge and Roll"],"picked":"SKIP","floor":1.0},{"not_picked":["Sucker Punch","Dagger Spray"],"picked":"Terror","floor":2.0},{"not_picked":["Sucker Punch","Flying Knee","Prepared"],"picked":"SKIP","floor":4},{"not_picked":["Quick Slash","Dagger Throw"],"picked":"Infinite Blades","floor":7},{"not_picked":["Poisoned Stab","Slice"],"picked":"Cloak And Dagger","floor":8},{"not_picked":["Prepared","Quick Slash","Endless Agony"],"picked":"SKIP","floor":11},{"not_picked":["Sucker Punch","Poisoned Stab"],"picked":"Outmaneuver","floor":12},{"not_picked":["Outmaneuver","Underhanded Strike"],"picked":"Adrenaline","floor":13},{"not_picked":["Sucker Punch","PiercingWail","Concentrate"],"picked":"SKIP","floor":14},{"not_picked":["Bullet Time","Night Terror"],"picked":"Burst","floor":16},{"not_picked":["Reflex","Dash","Dagger Throw"],"picked":"SKIP","floor":18},{"not_picked":["Quick Slash","Outmaneuver"],"picked":"Backflip","floor":20},{"not_picked":["Backflip","Malaise"],"picked":"Infinite Blades","floor":22}],"player_experience":319411,"relics_obtained":[{"floor":8,"key":"Darkstone Periapt"},{"floor":9,"key":"Matryoshka"},{"floor":13,"key":"Kunai"}],"event_choices":[{"event_name":"Golden Wing","player_choice":"Card Removal","floor":5,"damage_taken":0},{"event_name":"Back to Basics","player_choice":"Simplicity","floor":21,"damage_taken":0}],"boss_relics":[{"not_picked":["Empty Cage","Velvet Choker"],"picked":"Philosopher\u0027s Stone"}],"items_purged_floors":[],"is_endless":false,"potions_floor_spawned":[8,11,12,13,14,20],"killed_by":"Book of Stabbing","ascension_level":5}