{"path_per_floor":["M","?","?","?","$","E","R","E","T","R","M","M","E","$","R","B",null,"M","?","M","M","M","R","E","M","T","R","$","?","M","E","R","B",null,"M","M","?","M","M","R","M","R","T","$","M","M","$","M","R","B"],"character_chosen":"IRONCLAD","items_purchased":["Panache","Ornamental Fan","Barricade","Inflame","Headbutt"],"gold_per_floor":[114,114,114,114,114,144,144,174,174,174,189,204,234,234,234,334,334,349,349,364,379,394,394,424,439,439,439,238,238,253,283,283,383,383,398,413,413,428,443,443,458,458,458,148,163,178,111,126,126,126],"floor_reached":51,"campfire_rested":0,"playtime":2927,"current_hp_per_floor":[80,80,86,69,69,60,60,50,56,56,56,54,38,38,38,37,98,99,99,99,96,98,98,96,95,101,101,101,101,99,100,100,98,132,131,131,131,131,125,125,127,127,133,133,134,134,134,133,133,140],"items_purged":[],"gold":126,"score":884,"play_id":"382b1800-9404-497e-bc76-d767c4999a54","local_time":"20180314132711","daily_mods":["Diverse","Cursed Run","Vintage"],"is_prod":false,"is_daily":true,"is_ascension_mode":false,"campfire_upgraded":1,"timestamp":1521048431,"path_taken":["M","?","?","?","?","E","R","E","T","R","?","M","E","$","R","BOSS","M","?","M","?","M","R","E","M","T","R","$","?","M","E","R","BOSS","M","M","?","M","M","R","M","R","T","$","M","M","$","M","R","BOSS"],"build_version":"2018-03-09","purchased_purges":0,"victory":true,"master_deck":["Strike_R+1","Strike_R","Strike_R+1","Strike_R","Defend_R","Defend_R+1","Defend_R+1","Defend_R","Bash+1","Poisoned Stab+1","Blur","Regret","Pommel Strike","Warcry+1","Injury","Flex+1","Regret","Feed+1","Dual Wield+1","Decay","Warcry+1","Panache","Shockwave+1","Injury","Immolate","Injury","Body Slam","Barricade","Inflame+1","Headbutt","Writhe"],"max_hp_per_floor":[80,80,86,86,86,86,86,86,92,92,92,92,92,92,92,98,98,101,101,101,101,114,114,117,117,123,123,123,123,123,126,126,132,132,132,132,132,132,132,132,136,136,142,142,145,145,145,145,145,155],"relics":["Cursed Key","Darkstone Periapt","Du-Vu Doll","Toxic Egg 2","Oddly Smooth Stone","Champion Belt","Shovel","Anchor","Blue Candle","Prayer Wheel","Toolbox","Kunai","Mercury Hourglass","Girya","Sozu","Pen Nib","Meat on the Bone","Pear","War Paint","Charon\u0027s Ashes","Matryoshka","Thread and Needle","Vajra","Shuriken","Sundial","Black Star","Mummified Hand","Whetstone","Ice Cream","The Courier","Bottled Flame","Gambling Chip","Dead Branch","Juzu Bracelet","Calipers","Ornamental Fan","Frozen Egg 2","Singing Bowl","Pantograph","Self Forming Clay"],"card_choices":[{"not_picked":["Heavy Blade","Sever Soul"],"picked":"Pommel Strike"},{"not_picked":["Clothesline","Armaments"],"picked":"Warcry"},{"not_picked":["Sword Boomerang","Perfected Strike"],"picked":"Flex"},{"not_picked":["Juggernaut","Berserk"],"picked":"Feed"},{"not_picked":["Pommel Strike","Sword Boomerang"],"picked":"Dual Wield"},{"not_picked":["Body Slam","Headbutt"],"picked":"Warcry"},{"not_picked":["Inflame","Flex"],"picked":"Shockwave"},{"not_picked":["Bludgeon","Double Tap"],"picked":"Immolate"},{"not_picked":["Anger","Flex"],"picked":"Body Slam"}],"player_experience":175513,"potions_floor_usage":[50,50,50],"damage_taken":[{"damage":0,"enemies":"2 Louse","floor":1,"turns":2},{"damage":9,"enemies":"3 Sentries","floor":6,"turns":8},{"damage":10,"enemies":"Gremlin Nob","floor":8,"turns":3},{"damage":0,"enemies":"Small Slimes","floor":11,"turns":2},{"damage":2,"enemies":"Jaw Worm","floor":12,"turns":2},{"damage":16,"enemies":"3 Sentries","floor":13,"turns":9},{"damage":11,"enemies":"Slime Boss","floor":16,"turns":8},{"damage":2,"enemies":"3 Byrds","floor":18,"turns":4},{"damage":0,"enemies":"Spheric Guardian","floor":20,"turns":2},{"damage":3,"enemies":"Centurion and Healer","floor":21,"turns":4},{"damage":11,"enemies":"Sentry and Sphere","floor":22,"turns":4},{"damage":5,"enemies":"Slavers","floor":24,"turns":4},{"damage":1,"enemies":"Snecko","floor":25,"turns":2},{"damage":2,"enemies":"Snake Plant","floor":30,"turns":1},{"damage":2,"enemies":"Gremlin Leader","floor":31,"turns":3},{"damage":8,"enemies":"Automaton","floor":33,"turns":6},{"damage":1,"enemies":"Orb Walker","floor":35,"turns":2},{"damage":0,"enemies":"3 Shapes","floor":36,"turns":1},{"damage":0,"enemies":"3 Darklings","floor":38,"turns":2},{"damage":6,"enemies":"Maw","floor":39,"turns":5},{"damage":2,"enemies":"4 Shapes","floor":41,"turns":2},{"damage":2,"enemies":"3 Darklings","floor":45,"turns":2},{"damage":0,"enemies":"Sphere and 2 Shapes","floor":46,"turns":1},{"damage":1,"enemies":"4 Shapes","floor":48,"turns":2},{"damage":24,"enemies":"Awakened One","floor":50,"turns":6}],"event_choices":[{"event_name":"The Cleric","player_choice":"Leave","floor":2,"damage_taken":0},{"event_name":"Big Fish","player_choice":"Box","floor":3,"damage_taken":0},{"event_name":"Shining Light","player_choice":"Entered Light","floor":4,"damage_taken":0},{"event_name":"The Lab","player_choice":"Got Potions","floor":19,"damage_taken":0},{"event_name":"Accursed Blacksmith","player_choice":"Rummage","floor":29,"damage_taken":0},{"event_name":"Purifier","player_choice":"One Purge","floor":37,"damage_taken":0}],"boss_relics":[{"not_picked":["Runic Dome","Astrolabe"],"picked":"Sozu"},{"not_picked":["Tiny House","Orrery"],"picked":"Black Star"}],"potions_floor_spawned":[1,8,13,18,21,25,33,39,41,46],"seed_played":"2308081983426786839","ascension_level":0,"is_trial":false}