{"gold_per_floor":[360,370,387,401,74,24,43,43,69,82,82,11,11,28,28,28],"floor_reached":16,"playtime":483,"items_purged":["Clumsy"],"score":94,"play_id":"000947d0-42c9-4498-b546-79e49f9664e1","local_time":"20190225134724","is_ascension_mode":false,"campfire_choices":[{"data":"Shockwave","floor":8,"key":"SMITH"},{"data":"Spot Weakness","floor":11,"key":"SMITH"},{"floor":15,"key":"REST"}],"neow_cost":"CURSE","seed_source_timestamp":6439287127567,"circlet_count":0,"master_deck":["Strike_R+1","Strike_R","Strike_R","Strike_R","Defend_R","Defend_R+1","Defend_R","Defend_R","Bash","Shockwave+1","Pommel Strike","Spot Weakness+1","Inflame"],"relics":["Burning Blood","Oddly Smooth Stone","Bag of Preparation"],"potions_floor_usage":[7,16],"damage_taken":[{"damage":8,"enemies":"Small Slimes","floor":1,"turns":4},{"damage":11,"enemies":"Jaw Worm","floor":2,"turns":3},{"damage":0,"enemies":"Cultist","floor":3,"turns":4},{"damage":20,"enemies":"2 Fungi Beasts","floor":4,"turns":5},{"damage":21,"enemies":"Gremlin Gang","floor":7,"turns":6},{"damage":23,"enemies":"Large Slime","floor":10,"turns":6},{"damage":13,"enemies":"3 Louse","floor":14,"turns":4},{"damage":41,"enemies":"Slime Boss","floor":16,"turns":7}],"seed_played":"-4350403857270300869","potions_obtained":[{"floor":2,"key":"SpeedPotion"},{"floor":3,"key":"FearPotion"},{"floor":7,"key":"Dexterity Potion"}],"is_trial":false,"path_per_floor":["M","M","M","M","$","?","M","R","T","M","R","$","?","M","R","B"],"character_chosen":"IRONCLAD","items_purchased":["Oddly Smooth Stone","Fruit Juice","Inflame"],"campfire_rested":1,"item_purchase_floors":[5,5,12],"current_hp_per_floor":[78,73,79,65,65,65,55,55,55,38,38,38,21,14,39,0],"gold":28,"neow_bonus":"TWO_FIFTY_GOLD","is_prod":false,"is_daily":false,"chose_seed":false,"campfire_upgraded":2,"win_rate":0,"timestamp":1551120444,"path_taken":["M","M","M","M","$","?","M","R","T","M","R","$","?","M","R","BOSS"],"build_version":"2019-01-23","purchased_purges":1,"victory":false,"max_hp_per_floor":[80,80,80,80,80,80,85,85,85,85,85,85,85,85,85,85],"card_choices":[{"not_picked":["Pummel","Thunderclap"],"picked":"Shockwave","floor":1},{"not_picked":["Corruption","Cleave"],"picked":"Pommel Strike","floor":2},{"not_picked":["Evolve","Fire Breathing","Entrench"],"picked":"SKIP","floor":3},{"not_picked":["Shrug It Off","Wild Strike","Warcry"],"picked":"SKIP","floor":4},{"not_picked":["Heavy Blade","Combust"],"picked":"Spot Weakness","floor":7},{"not_picked":["Carnage","Shockwave","True Grit"],"picked":"SKIP","floor":10},{"not_picked":["Sword Boomerang","Combust","Evolve"],"picked":"SKIP","floor":14}],"player_experience":744899,"relics_obtained":[{"floor":9,"key":"Bag of Preparation"}],"event_choices":[{"cards_removed":["Strike_R"],"damage_healed":0,"gold_gain":0,"player_choice":"Card Removal","damage_taken":0,"max_hp_gain":0,"max_hp_loss":0,"event_name":"The Cleric","floor":6,"gold_loss":50},{"damage_healed":0,"gold_gain":0,"player_choice":"Entered Light","damage_taken":17,"max_hp_gain":0,"max_hp_loss":0,"event_name":"Shining Light","floor":13,"gold_loss":0,"cards_upgraded":["Defend_R","Strike_R"]}],"is_beta":false,"boss_relics":[],"items_purged_floors":[5],"is_endless":false,"potions_floor_spawned":[2,3,7,14],"killed_by":"Slime Boss","ascension_level":0}