{"gold_per_floor":[117,117,133,65,79,113,132,163,244,258,258,269,302,302,302,302],"floor_reached":16,"playtime":1035,"items_purged":[],"score":128,"play_id":"a475c4b3-ecab-43be-a709-c0121120ab4a","local_time":"20190226150508","is_ascension_mode":true,"campfire_choices":[{"floor":11.0,"key":"REST"},{"floor":15,"key":"RECALL"}],"neow_cost":"NONE","seed_source_timestamp":0,"circlet_count":0,"master_deck":["Strike_R","Strike_R","Strike_R","Strike_R","Strike_R","Defend_R","Defend_R","Defend_R","Defend_R","Bash","Pommel Strike","Bash","Madness","Iron Wave","Immolate","Armaments","Thunderclap","Thunderclap","Shrug It Off","Armaments","Rage","Warcry"],"special_seed":0,"relics":["Burning Blood","Smiling Mask","Turnip","Ice Cream","Anchor","Pear"],"potions_floor_usage":[16,16],"damage_taken":[{"damage":9.0,"enemies":"Jaw Worm","floor":1.0,"turns":5.0},{"damage":1.0,"enemies":"Cultist","floor":3.0,"turns":3.0},{"damage":0.0,"enemies":"Small Slimes","floor":5.0,"turns":2.0},{"damage":18.0,"enemies":"3 Sentries","floor":6.0,"turns":6.0},{"damage":10.0,"enemies":"Looter","floor":7.0,"turns":3.0},{"damage":14.0,"enemies":"Gremlin Nob","floor":8.0,"turns":3.0},{"damage":7.0,"enemies":"Exordium Thugs","floor":10.0,"turns":4.0},{"damage":9.0,"enemies":"2 Fungi Beasts","floor":12.0,"turns":3.0},{"damage":40.0,"enemies":"Lagavulin","floor":13.0,"turns":6.0},{"damage":58,"enemies":"The Guardian","floor":16,"turns":17}],"seed_played":"1919748477881097498","potions_obtained":[{"floor":1.0,"key":"FearPotion"},{"floor":8.0,"key":"SpeedPotion"},{"floor":10.0,"key":"BloodPotion"},{"floor":13.0,"key":"Ancient Potion"}],"is_trial":false,"path_per_floor":["M","?","M","$","M","E","M","E","T","M","R","M","E","?","R","B"],"character_chosen":"IRONCLAD","items_purchased":["Immolate"],"campfire_rested":1,"item_purchase_floors":[4],"current_hp_per_floor":[77,77,80,80,80,68,64,56,56,55,79,76,42,49,49,0],"gold":302,"neow_bonus":"RANDOM_COMMON_RELIC","is_prod":false,"is_daily":false,"chose_seed":false,"campfire_upgraded":0,"win_rate":0,"timestamp":1551193508,"path_taken":["M","?","M","$","M","E","M","E","T","M","R","?","E","?","R","BOSS"],"build_version":"2019-01-23","purchased_purges":0,"victory":false,"max_hp_per_floor":[80,80,80,80,80,80,80,80,80,80,80,80,80,90,90,90],"card_choices":[{"not_picked":["Shockwave","Twin Strike"],"picked":"Pommel Strike","floor":1.0},{"not_picked":["Exhume","Hemokinesis"],"picked":"Iron Wave","floor":3.0},{"not_picked":["Infernal Blade","Pommel Strike"],"picked":"Armaments","floor":5.0},{"not_picked":["True Grit","Cleave"],"picked":"Thunderclap","floor":6.0},{"not_picked":["Heavy Blade","Seeing Red"],"picked":"Thunderclap","floor":7.0},{"not_picked":["Wild Strike","Heavy Blade"],"picked":"Shrug It Off","floor":8.0},{"not_picked":["Burning Pact","Sword Boomerang"],"picked":"Armaments","floor":10.0},{"not_picked":["True Grit","Intimidate"],"picked":"Rage","floor":12.0},{"not_picked":["Pommel Strike","Sentinel"],"picked":"Warcry","floor":13.0}],"player_experience":191692,"relics_obtained":[{"floor":6.0,"key":"Turnip"},{"floor":8.0,"key":"Ice Cream"},{"floor":13.0,"key":"Anchor"}],"event_choices":[{"damage_healed":0.0,"max_hp_gain":0.0,"max_hp_loss":0.0,"gold_gain":0.0,"event_name":"Match and Keep!","player_choice":"2 cards matched","floor":2.0,"gold_loss":0.0,"damage_taken":0.0,"cards_obtained":["Bash","Madness"]},{"damage_healed":0.0,"max_hp_gain":0.0,"max_hp_loss":0.0,"gold_gain":0.0,"event_name":"Scrap Ooze","player_choice":"Success","floor":14.0,"gold_loss":0.0,"damage_taken":3.0,"relics_obtained":["Pear"]}],"is_beta":false,"boss_relics":[],"items_purged_floors":[],"is_endless":false,"potions_floor_spawned":[1,8,10,13],"killed_by":"The Guardian","ascension_level":1}