{"gold_per_floor":[114,125,75,75,89,89,121,121,121,139,159,334,409,442,442,542,542,554,564,309,321,45,80,80,80,80,90,103,115,115,148,148,148],"floor_reached":33,"playtime":1319,"items_purged":["Doubt"],"score":322,"play_id":"171c822a-878d-4b43-a63d-be383da618c2","local_time":"20181210230837","is_ascension_mode":false,"campfire_choices":[{"data":"Neutralize","floor":6.0,"key":"SMITH"},{"data":"Cloak And Dagger","floor":8.0,"key":"SMITH"},{"data":"Leg Sweep","floor":15.0,"key":"SMITH"},{"data":"Footwork","floor":25,"key":"SMITH"},{"floor":30,"key":"REST"},{"data":"Blind","floor":32,"key":"SMITH"}],"neow_cost":"NONE","seed_source_timestamp":0,"circlet_count":0,"master_deck":["Defend_G","Defend_G","Defend_G+1","Strike_G+1","Strike_G","Strike_G","Strike_G","Strike_G","Survivor","Neutralize+1","Blind+1","Backflip","Cloak And Dagger+1","Unload","Dagger Spray","Infinite Blades","Leg Sweep+1","Glass Knife","Dagger Throw+1","Caltrops","Accuracy","Footwork+1","Bullet Time+1","Backflip+1","Deflect+1","Blade Dance+1"],"special_seed":0,"relics":["Ring of the Serpent","Ornamental Fan","Blue Candle","PreservedInsect","Pen Nib","Toxic Egg 2","Omamori","The Courier","Bag of Preparation"],"potions_floor_usage":[16,19,21,23,31],"damage_taken":[{"damage":0.0,"enemies":"Jaw Worm","floor":1.0,"turns":4.0},{"damage":0.0,"enemies":"2 Louse","floor":2.0,"turns":3.0},{"damage":0.0,"enemies":"Small Slimes","floor":5.0,"turns":6.0},{"damage":17.0,"enemies":"3 Sentries","floor":7.0,"turns":12.0},{"damage":0.0,"enemies":"Blue Slaver","floor":10.0,"turns":2.0},{"damage":1.0,"enemies":"Lots of Slimes","floor":11.0,"turns":3.0},{"damage":1.0,"enemies":"Lagavulin","floor":14.0,"turns":7.0},{"damage":17,"enemies":"The Guardian","floor":16,"turns":16},{"damage":3,"enemies":"3 Byrds","floor":18,"turns":6},{"damage":10,"enemies":"Spheric Guardian","floor":19,"turns":4},{"damage":9,"enemies":"Shelled Parasite and Fungi","floor":21,"turns":6},{"damage":14,"enemies":"Book of Stabbing","floor":23,"turns":8},{"damage":17,"enemies":"Snake Plant","floor":27,"turns":4},{"damage":16,"enemies":"Sentry and Sphere","floor":28,"turns":4},{"damage":0,"enemies":"Cultist and Chosen","floor":29,"turns":8},{"damage":5,"enemies":"Slavers","floor":31,"turns":4},{"damage":40,"enemies":"Collector","floor":33,"turns":6}],"seed_played":"-8714584077740448133","potions_obtained":[{"floor":1.0,"key":"Ancient Potion"},{"floor":7.0,"key":"Dexterity Potion"},{"floor":11.0,"key":"Weak Potion"},{"floor":14.0,"key":"Regen Potion"},{"floor":19,"key":"Regen Potion"},{"floor":27,"key":"LiquidBronze"}],"is_trial":false,"path_per_floor":["M","M","?","?","M","R","E","R","T","M","M","?","?","E","R","B",null,"M","M","$","M","$","E","?","R","T","M","M","M","R","E","R","B"],"character_chosen":"THE_SILENT","items_purchased":["Pen Nib","Caltrops","Footwork","Toxic Egg 2"],"campfire_rested":1,"item_purchase_floors":[20,20,22,22],"current_hp_per_floor":[70,70,70,56,56,56,39,39,39,39,38,38,27,26,26,9,70,67,57,57,63,63,57,57,57,57,40,24,24,45,40,40,0],"gold":148,"neow_bonus":"RANDOM_COLORLESS","is_prod":false,"is_daily":false,"chose_seed":false,"campfire_upgraded":5,"win_rate":0,"timestamp":1544501317,"path_taken":["M","M","?","?","M","R","E","R","T","M","M","?","?","E","R","BOSS","M","M","$","M","$","E","?","R","T","M","?","?","R","E","R","BOSS"],"build_version":"2018-12-06","purchased_purges":1,"victory":false,"max_hp_per_floor":[70,70,70,70,70,70,70,70,70,70,70,70,70,70,70,70,70,70,70,70,70,70,70,70,70,70,70,70,70,70,70,70,70],"card_choices":[{"not_picked":["Outmaneuver","Deflect","Blade Dance"],"picked":"SKIP","floor":1.0},{"not_picked":["Bane","PiercingWail"],"picked":"Backflip","floor":2.0},{"not_picked":["Finisher","Dagger Throw"],"picked":"Cloak And Dagger","floor":5.0},{"not_picked":["Poisoned Stab","Masterful Stab"],"picked":"Unload","floor":7.0},{"not_picked":["Escape Plan","Sucker Punch"],"picked":"Dagger Spray","floor":10.0},{"not_picked":["Skewer","Poisoned Stab"],"picked":"Infinite Blades","floor":11.0},{"not_picked":["Quick Slash","Flechettes"],"picked":"Leg Sweep","floor":14.0},{"not_picked":["Corpse Explosion","Venomology"],"picked":"Glass Knife","floor":16},{"not_picked":["Choke","Skewer"],"picked":"Dagger Throw+1","floor":18},{"not_picked":["PiercingWail+1","Blade Dance","Masterful Stab"],"picked":"SKIP","floor":19},{"not_picked":["Flechettes","Outmaneuver+1"],"picked":"Accuracy","floor":21},{"not_picked":["Crippling Poison+1","Slice","Acrobatics+1"],"picked":"SKIP","floor":23},{"not_picked":["Dagger Spray","Acrobatics+1"],"picked":"Backflip+1","floor":27},{"not_picked":["Caltrops","Choke+1","Deflect+1"],"picked":"SKIP","floor":28},{"not_picked":["Caltrops","Choke+1"],"picked":"Deflect+1","floor":28},{"not_picked":["Acrobatics+1","Slice+1"],"picked":"Blade Dance+1","floor":29},{"not_picked":["Underhanded Strike","Riddle With Holes","Expertise+1"],"picked":"SKIP","floor":31}],"player_experience":538330,"relics_obtained":[{"floor":7.0,"key":"Ornamental Fan"},{"floor":9.0,"key":"Blue Candle"},{"floor":14.0,"key":"PreservedInsect"},{"floor":23,"key":"Omamori"},{"floor":26,"key":"The Courier"},{"floor":31,"key":"Bag of Preparation"}],"event_choices":[{"cards_removed":["Defend_G"],"damage_healed":0.0,"max_hp_gain":0.0,"max_hp_loss":0.0,"gold_gain":0.0,"event_name":"The Cleric","player_choice":"Card Removal","floor":3.0,"gold_loss":50.0,"damage_taken":0.0},{"damage_healed":0.0,"max_hp_gain":0.0,"max_hp_loss":0.0,"gold_gain":0.0,"event_name":"Shining Light","player_choice":"Entered Light","floor":4.0,"gold_loss":0.0,"damage_taken":14.0,"cards_upgraded":["Strike_G","Defend_G"]},{"damage_healed":0.0,"max_hp_gain":0.0,"max_hp_loss":0.0,"gold_gain":175.0,"event_name":"Liars Game","player_choice":"AGREE","floor":12.0,"gold_loss":0.0,"damage_taken":0.0,"cards_obtained":["Doubt"]},{"damage_healed":0.0,"max_hp_gain":0.0,"max_hp_loss":0.0,"gold_gain":75.0,"event_name":"World of Goop","player_choice":"Gather Gold","floor":13.0,"gold_loss":0.0,"damage_taken":11.0},{"damage_healed":0,"gold_gain":0,"cards_transformed":["Defend_G"],"player_choice":"Transformed","damage_taken":0,"max_hp_gain":0,"max_hp_loss":0,"event_name":"Transmorgrifier","floor":24,"gold_loss":0,"cards_obtained":["Bullet Time"]}],"is_beta":true,"boss_relics":[{"not_picked":["HoveringKite","Velvet Choker"],"picked":"Ring of the Serpent"}],"items_purged_floors":[20],"is_endless":false,"potions_floor_spawned":[1,7,11,14,19,27],"killed_by":"Collector","ascension_level":0}