{"path_per_floor":["M","?","?","$","M","E","M","R","T","E","M","M","?","M","R","B",null,"M","?","?","M","M"],"character_chosen":"DEFECT","items_purchased":[],"gold_per_floor":[109,109,59,59,76,108,121,121,121,148,165,183,183,195,195,297,297,309,309,309,319,338,338],"floor_reached":23,"campfire_rested":1,"playtime":1052,"item_purchase_floors":[],"current_hp_per_floor":[75,75,75,75,69,47,38,60,60,48,44,29,29,27,27,52,75,46,46,46,42,19,0],"items_purged":[],"gold":338,"score":278,"play_id":"a88a5961-4e15-43bd-bee1-83d5f4dfa7b7","local_time":"20180529190357","is_prod":false,"is_daily":false,"chose_seed":false,"is_ascension_mode":true,"campfire_upgraded":1,"win_rate":0,"timestamp":1527645837,"campfire_choices":[{"floor":8,"key":"REST"},{"data":"Sweeping Beam","floor":15,"key":"SMITH"}],"path_taken":["M","?","?","?","M","E","M","R","T","E","M","M","?","M","R","BOSS","M","?","?","?","M","E"],"build_version":"2018-05-28","seed_source_timestamp":90918376422596,"purchased_purges":0,"victory":false,"master_deck":["Strike_B","Strike_B","Defend_B","Defend_B","Defend_B","Defend_B","Zap+1","Dualcast","Sweeping Beam","Go for the Eyes","Sweeping Beam+1","Coolheaded","Leap","Loop","Amplify","Stack","Bandage Up","Zap","Loop","Cold Snap+1"],"max_hp_per_floor":[75,75,75,75,75,75,75,75,75,75,75,75,75,75,75,75,75,75,75,75,75,75,75],"relics":["Cracked Core","Pantograph","Orichalcum","Letter Opener","Cursed Key"],"card_choices":[{"not_picked":["Auto Shields","Beam Cell","Compile Driver"],"picked":"SKIP","floor":1},{"not_picked":["Hello World","Force Field"],"picked":"Go for the Eyes","floor":5},{"not_picked":["Fusion","Melter","Beam Cell"],"picked":"SKIP","floor":6},{"not_picked":["Rebound","Steam"],"picked":"Sweeping Beam","floor":7},{"not_picked":["Steam","Double Energy"],"picked":"Coolheaded","floor":10},{"not_picked":["Auto Shields","BootSequence","Steam Power"],"picked":"SKIP","floor":11},{"not_picked":["Steam","Gash"],"picked":"Leap","floor":12},{"not_picked":["Beam Cell","Turbo"],"picked":"Loop","floor":14},{"not_picked":["Buffer","Fission"],"picked":"Amplify","floor":16},{"not_picked":["Steam+1","Turbo"],"picked":"Stack","floor":18},{"not_picked":["Coolheaded+1","Streamline+1"],"picked":"Loop","floor":21},{"not_picked":["Doom and Gloom","Turbo"],"picked":"Cold Snap+1","floor":22}],"player_experience":132841,"potions_floor_usage":[10,10,16,16,21],"damage_taken":[{"damage":0,"enemies":"2 Louse","floor":1,"turns":3},{"damage":6,"enemies":"Cultist","floor":5,"turns":3},{"damage":22,"enemies":"3 Sentries","floor":6,"turns":6},{"damage":9,"enemies":"Small Slimes","floor":7,"turns":2},{"damage":12,"enemies":"Gremlin Nob","floor":10,"turns":4},{"damage":4,"enemies":"Blue Slaver","floor":11,"turns":3},{"damage":15,"enemies":"Lots of Slimes","floor":12,"turns":2},{"damage":2,"enemies":"Exordium Wildlife","floor":14,"turns":3},{"damage":0,"enemies":"Slime Boss","floor":16,"turns":6},{"damage":29,"enemies":"Shell Parasite","floor":18,"turns":6},{"damage":8,"enemies":"Chosen","floor":21,"turns":5},{"damage":27,"enemies":"3 Cultists","floor":22,"turns":5},{"damage":24,"enemies":"Slavers","floor":23,"turns":1}],"relics_obtained":[{"floor":6,"key":"Pantograph"},{"floor":9,"key":"Orichalcum"},{"floor":10,"key":"Letter Opener"}],"event_choices":[{"event_name":"Transmorgrifier","player_choice":"Transform","floor":2,"damage_taken":0},{"event_name":"The Cleric","player_choice":"Card Removal","floor":3,"damage_taken":0},{"event_name":"Living Wall","player_choice":"Grow","floor":13,"damage_taken":0},{"event_name":"Match and Keep!","player_choice":"2 cards matched","floor":19,"damage_taken":0},{"event_name":"Purifier","player_choice":"One Purge","floor":20,"damage_taken":0}],"boss_relics":[{"not_picked":["Snecko Eye","Pandora\u0027s Box"],"picked":"Cursed Key"}],"items_purged_floors":[],"potions_floor_spawned":[1,5,10,11,12],"seed_played":"9067630563664300064","killed_by":"Slavers","ascension_level":2,"potions_obtained":[{"floor":1,"key":"Block Potion"},{"floor":5,"key":"Poison Potion"},{"floor":10,"key":"Swift Potion"},{"floor":11,"key":"PowerPotion"},{"floor":12,"key":"FocusPotion"}],"is_trial":false}