{"gold_per_floor":[119,294,294,310,324,355,355,372,395,40,56,2,2,27,27,123,123,143,143,143,58,81,123,149,161,173,214,22,22,41,41,41,142,142,156,156,169,169,187,221,221,237,262,278,290,290,320,338,338,338],"floor_reached":51,"playtime":3151,"items_purged":["Doubt","Strike_G","Strike_G"],"score":805,"play_id":"493672b6-e228-4cb8-8506-c8572f32341e","local_time":"20181118105048","is_ascension_mode":false,"campfire_choices":[{"floor":7,"key":"REST"},{"data":"Footwork","floor":15,"key":"SMITH"},{"floor":29,"key":"REST"},{"floor":32,"key":"REST"},{"data":"Burst","floor":41,"key":"SMITH"},{"floor":49,"key":"REST"}],"neow_cost":"NONE","seed_source_timestamp":235476351791422,"circlet_count":0,"master_deck":["Defend_G","Defend_G","Defend_G","Defend_G","Defend_G","Strike_G+1","Strike_G","Strike_G+1","Survivor","Neutralize","Dagger Throw","Terror","Blade Dance","Backflip","Accuracy+1","Footwork+1","Blade Dance","Dodge and Roll","Adrenaline","RitualDagger","Accuracy","Tools of the Trade","Tactician+1","Burst+1","Infinite Blades","Cloak And Dagger","After Image","Decay","Infinite Blades","Backstab","Accuracy+1","Finisher+1","Cloak And Dagger","Blade Dance"],"relics":["Ring of the Snake","Happy Flower","Orichalcum","Pear","Smiling Mask","Black Star","MutagenicStrength","MawBank","Bag of Preparation","Art of War","Matryoshka","Ginger","Prayer Wheel","Pen Nib","Cursed Key","Pocketwatch","Question Card","Bottled Tornado","Boot","Regal Pillow","Oddly Smooth Stone","Blood Vial"],"potions_floor_usage":[14,14,16,27,33,44,47,50,50],"damage_taken":[{"damage":0,"enemies":"Small Slimes","floor":1,"turns":3},{"damage":0,"enemies":"Jaw Worm","floor":4,"turns":4},{"damage":0,"enemies":"Cultist","floor":5,"turns":3},{"damage":27,"enemies":"3 Sentries","floor":6,"turns":10},{"damage":1,"enemies":"Exordium Thugs","floor":8,"turns":3},{"damage":2,"enemies":"Looter","floor":11,"turns":3},{"damage":0,"enemies":"Gremlin Nob","floor":14,"turns":2},{"damage":9,"enemies":"Slime Boss","floor":16,"turns":9},{"damage":2,"enemies":"Spheric Guardian","floor":18,"turns":4},{"damage":23,"enemies":"Book of Stabbing","floor":23,"turns":5},{"damage":1,"enemies":"Shell Parasite","floor":24,"turns":4},{"damage":17,"enemies":"Gremlin Leader","floor":27,"turns":7},{"damage":9,"enemies":"Chosen and Byrds","floor":30,"turns":6},{"damage":51,"enemies":"Champ","floor":33,"turns":9},{"damage":1,"enemies":"3 Shapes","floor":35,"turns":4},{"damage":12,"enemies":"Orb Walker","floor":37,"turns":3},{"damage":1,"enemies":"4 Shapes","floor":39,"turns":5},{"damage":0,"enemies":"Giant Head","floor":40,"turns":6},{"damage":0,"enemies":"Transient","floor":42,"turns":5},{"damage":10,"enemies":"Spire Growth","floor":44,"turns":3},{"damage":0,"enemies":"4 Shapes","floor":45,"turns":7},{"damage":5,"enemies":"Nemesis","floor":47,"turns":7},{"damage":9,"enemies":"Sphere and 2 Shapes","floor":48,"turns":5},{"damage":77,"enemies":"Time Eater","floor":50,"turns":9}],"seed_played":"2238486399368055104","potions_obtained":[{"floor":4,"key":"Energy Potion"},{"floor":6,"key":"Swift Potion"},{"floor":11,"key":"Energy Potion"},{"floor":14,"key":"Explosive Potion"},{"floor":16,"key":"LiquidBronze"},{"floor":18,"key":"PowerPotion"},{"floor":23,"key":"Swift Potion"},{"floor":27,"key":"Block Potion"},{"floor":39,"key":"Dexterity Potion"},{"floor":40,"key":"Regen Potion"},{"floor":42,"key":"Weak Potion"},{"floor":44,"key":"Weak Potion"}],"is_trial":false,"path_per_floor":["M","?","?","M","M","E","R","M","T","$","M","$","?","E","R","B",null,"M","?","?","$","T","E","M","$","T","E","$","R","M","$","R","B",null,"M","?","M","?","M","E","R","M","T","M","M","?","E","M","R","B",null],"character_chosen":"THE_SILENT","items_purchased":["Accuracy","Pear","Blade Dance","Accuracy","Pen Nib"],"campfire_rested":4,"item_purchase_floors":[10,10,12,21,28],"current_hp_per_floor":[77,77,62,62,62,35,58,57,57,67,65,65,65,65,65,56,87,85,79,79,79,79,56,55,55,55,38,38,64,55,55,81,30,87,86,86,74,74,73,73,73,73,73,63,63,63,58,51,87,10],"gold":338,"neow_bonus":"TEN_PERCENT_HP_BONUS","is_prod":false,"is_daily":false,"chose_seed":false,"campfire_upgraded":2,"win_rate":0,"timestamp":1542567048,"path_taken":["M","?","?","M","M","E","R","M","T","$","M","?","?","E","R","BOSS","M","?","?","$","?","E","?","$","T","E","$","R","M","?","R","BOSS","M","?","M","?","M","E","R","M","T","?","M","?","E","M","R","BOSS"],"build_version":"2018-11-15","purchased_purges":3,"victory":true,"max_hp_per_floor":[77,77,77,77,77,77,77,77,77,87,87,87,87,87,87,87,87,87,87,87,87,87,87,87,87,87,87,87,87,87,87,87,87,87,87,87,87,87,87,87,87,87,87,87,87,87,87,87,87,87],"card_choices":[{"not_picked":["Accuracy","Quick Slash"],"picked":"Dagger Throw","floor":1},{"not_picked":["Backflip","Backstab"],"picked":"Terror","floor":4},{"not_picked":["Poisoned Stab","Outmaneuver"],"picked":"Blade Dance","floor":5},{"not_picked":["Deadly Poison","Venomology","Acrobatics"],"picked":"SKIP","floor":6},{"not_picked":["Slice","Masterful Stab"],"picked":"Backflip","floor":8},{"not_picked":["Tactician","Underhanded Strike"],"picked":"Footwork","floor":11},{"not_picked":["Bane","Underhanded Strike"],"picked":"Dodge and Roll","floor":14},{"not_picked":["Storm of Steel","Unload"],"picked":"Adrenaline","floor":16},{"not_picked":["Dagger Spray","Prepared","Crippling Poison"],"picked":"SKIP","floor":18},{"not_picked":["Skewer","Heel Hook","PiercingWail+1"],"picked":"SKIP","floor":23},{"not_picked":["Crippling Poison","Terror"],"picked":"Tools of the Trade","floor":24},{"not_picked":["Flying Knee","Dagger Throw"],"picked":"Tactician+1","floor":27},{"not_picked":["Prepared","Outmaneuver","Grand Finale"],"picked":"SKIP","floor":30},{"not_picked":["Acrobatics","Masterful Stab","Well Laid Plans+1"],"picked":"SKIP","floor":30},{"not_picked":["Tools of the Trade","Night Terror"],"picked":"Burst","floor":33},{"not_picked":["Well Laid Plans+1","PiercingWail+1"],"picked":"Infinite Blades","floor":35},{"not_picked":["Terror","Catalyst","Dagger Spray"],"picked":"SKIP","floor":35},{"not_picked":["Reflex+1","Dagger Spray+1"],"picked":"Cloak And Dagger","floor":37},{"not_picked":["Expertise+1","Heel Hook+1","Caltrops"],"picked":"SKIP","floor":37},{"not_picked":["Dodge and Roll+1","Deflect","Dagger Throw+1"],"picked":"SKIP","floor":39},{"not_picked":["All Out Attack","Poisoned Stab","Outmaneuver"],"picked":"SKIP","floor":39},{"not_picked":["Outmaneuver","Prepared+1"],"picked":"After Image","floor":40},{"not_picked":["Prepared","Underhanded Strike+1","Bane+1","PiercingWail"],"picked":"SKIP","floor":42},{"not_picked":["Bane","Outmaneuver","Quick Slash","Reflex+1"],"picked":"SKIP","floor":42},{"not_picked":["Outmaneuver","PiercingWail+1","Glass Knife"],"picked":"Infinite Blades","floor":44},{"not_picked":["Leg Sweep","Acrobatics","Sucker Punch","Bouncing Flask"],"picked":"SKIP","floor":44},{"not_picked":["Bane","Dodge and Roll","Acrobatics"],"picked":"Backstab","floor":45},{"not_picked":["Blade Dance","Flechettes","Reflex","Dagger Spray"],"picked":"SKIP","floor":45},{"not_picked":["Dash+1","Night Terror","Distraction+1"],"picked":"Finisher+1","floor":47},{"not_picked":["Backflip","All Out Attack","Slice"],"picked":"Cloak And Dagger","floor":48},{"not_picked":["Sucker Punch","Caltrops+1","Slice+1"],"picked":"Blade Dance","floor":48}],"player_experience":544221,"relics_obtained":[{"floor":6,"key":"Happy Flower"},{"floor":9,"key":"Orichalcum"},{"floor":14,"key":"Smiling Mask"},{"floor":22,"key":"MawBank"},{"floor":23,"key":"Bag of Preparation"},{"floor":23,"key":"Art of War"},{"floor":26,"key":"Matryoshka"},{"floor":27,"key":"Ginger"},{"floor":27,"key":"Prayer Wheel"},{"floor":40,"key":"Question Card"},{"floor":40,"key":"Bottled Tornado"},{"floor":43,"key":"Boot"},{"floor":43,"key":"Regal Pillow"},{"floor":47,"key":"Oddly Smooth Stone"},{"floor":47,"key":"Blood Vial"}],"event_choices":[{"damage_healed":0,"gold_gain":175,"player_choice":"AGREE","damage_taken":0,"max_hp_gain":0,"max_hp_loss":0,"event_name":"Liars Game","floor":2,"gold_loss":0,"cards_obtained":["Doubt"]},{"damage_healed":0,"gold_gain":0,"player_choice":"Entered Light","damage_taken":15,"max_hp_gain":0,"max_hp_loss":0,"event_name":"Shining Light","floor":3,"gold_loss":0,"cards_upgraded":["Strike_G","Strike_G"]},{"damage_healed":0,"gold_gain":0,"player_choice":"Grow","damage_taken":0,"max_hp_gain":0,"max_hp_loss":0,"event_name":"Living Wall","floor":13,"gold_loss":0,"cards_upgraded":["Accuracy"]},{"damage_healed":0,"gold_gain":0,"player_choice":"Joined the Cult","damage_taken":6,"max_hp_gain":0,"max_hp_loss":0,"event_name":"Nest","floor":19,"gold_loss":0,"cards_obtained":["RitualDagger"]},{"damage_healed":0,"gold_gain":0,"player_choice":"Inject Mutagens","damage_taken":0,"relics_obtained":["MutagenicStrength"],"max_hp_gain":0,"max_hp_loss":0,"event_name":"Drug Dealer","floor":20,"gold_loss":0},{"damage_healed":0,"gold_gain":0,"player_choice":"Ignored","damage_taken":0,"max_hp_gain":0,"max_hp_loss":0,"event_name":"Tomb of Lord Red Mask","floor":36,"gold_loss":0},{"damage_healed":0,"gold_gain":0,"player_choice":"Gave Potion","damage_taken":0,"relics_obtained":["Pocketwatch"],"max_hp_gain":0,"max_hp_loss":0,"event_name":"WeMeetAgain","floor":38,"gold_loss":0},{"damage_healed":0,"gold_gain":0,"player_choice":"Copied","damage_taken":0,"max_hp_gain":0,"max_hp_loss":0,"event_name":"Duplicator","floor":46,"gold_loss":0,"cards_obtained":["Accuracy"]}],"is_beta":false,"boss_relics":[{"not_picked":["Orrery","Fusion Hammer"],"picked":"Black Star"},{"not_picked":["Velvet Choker","Sozu"],"picked":"Cursed Key"}],"items_purged_floors":[10,21,28],"is_endless":false,"potions_floor_spawned":[4,6,11,14,16,18,23,24,27,39,40,42,44,45],"ascension_level":0}