{"gold_per_floor":[119,131,131,23,23,58,81,117,117,141,141,157,175,199,199,322,322,346,296,316,92,105,105],"floor_reached":23,"playtime":1915,"items_purged":["Pain"],"score":230,"play_id":"3452ba14-4bbc-4cd4-867e-73333e5446f5","local_time":"20190127203730","is_ascension_mode":false,"campfire_choices":[{"data":"Self Repair","floor":11,"key":"SMITH"},{"data":"Defragment","floor":15,"key":"SMITH"}],"neow_cost":"NONE","seed_source_timestamp":325022868519378,"circlet_count":0,"master_deck":["Strike_B","Strike_B","Strike_B","Strike_B","Defend_B","Defend_B","Defend_B","Defend_B","Zap","Dualcast","Panacea","Streamline","Glacier","Self Repair+1","BootSequence","Injury","Defragment+1","Chill","White Noise","Multi-Cast","Decay","Normality","Gash+1"],"relics":["Cracked Core","Golden Idol","PreservedInsect","Girya","Symbiotic Virus","Calling Bell","Unceasing Top","Blue Candle","Dream Catcher","Omamori"],"potions_floor_usage":[6,8,8,10,14,23,23,23],"damage_taken":[{"damage":1,"enemies":"Cultist","floor":1,"turns":3},{"damage":0,"enemies":"2 Louse","floor":2,"turns":2},{"damage":27,"enemies":"3 Sentries","floor":6,"turns":11},{"damage":0,"enemies":"Jaw Worm","floor":7,"turns":5},{"damage":0,"enemies":"Lagavulin","floor":8,"turns":7},{"damage":11,"enemies":"Large Slime","floor":10,"turns":5},{"damage":17,"enemies":"Gremlin Gang","floor":12,"turns":5},{"damage":1,"enemies":"3 Louse","floor":13,"turns":4},{"damage":0,"enemies":"Large Slime","floor":14,"turns":6},{"damage":41,"enemies":"Slime Boss","floor":16,"turns":12},{"damage":19,"enemies":"Chosen","floor":18,"turns":6},{"damage":46,"enemies":"Shell Parasite","floor":20,"turns":6},{"damage":14,"enemies":"Cultist and Chosen","floor":22,"turns":11},{"damage":29,"enemies":"Book of Stabbing","floor":23,"turns":4}],"seed_played":"4988477868528354662","potions_obtained":[{"floor":3,"key":"Dexterity Potion"},{"floor":3,"key":"SneckoOil"},{"floor":3,"key":"SkillPotion"},{"floor":6,"key":"Weak Potion"},{"floor":10,"key":"Dexterity Potion"},{"floor":13,"key":"FearPotion"},{"floor":14,"key":"Dexterity Potion"},{"floor":16,"key":"Swift Potion"},{"floor":22,"key":"Dexterity Potion"}],"is_trial":false,"path_per_floor":["M","M","?","$","?","E","M","E","T","M","R","M","M","M","R","B",null,"M","?","M","$","M","E"],"character_chosen":"DEFECT","items_purchased":["Self Repair","BootSequence","Omamori"],"campfire_rested":0,"item_purchase_floors":[4,4,21],"current_hp_per_floor":[74,74,74,74,74,54,61,68,68,57,57,50,59,59,59,28,75,66,66,30,30,26,0],"gold":105,"neow_bonus":"RANDOM_COLORLESS","is_prod":false,"is_daily":false,"chose_seed":false,"campfire_upgraded":2,"win_rate":0,"timestamp":1548639450,"path_taken":["M","?","?","?","?","E","?","E","T","M","R","M","M","M","R","BOSS","M","?","M","$","M","E"],"build_version":"2019-01-23","purchased_purges":1,"victory":false,"max_hp_per_floor":[75,75,75,75,75,75,75,75,75,75,75,75,75,75,75,75,75,75,75,75,75,75,75],"card_choices":[{"not_picked":["Capacitor","Hello World"],"picked":"Streamline","floor":1},{"not_picked":["Conserve Battery","Leap"],"picked":"Glacier","floor":2},{"not_picked":["Redo","Undo","Conserve Battery"],"picked":"SKIP","floor":6},{"not_picked":["Barrage","Consume","Capacitor"],"picked":"SKIP","floor":7},{"not_picked":["Double Energy","Rebound"],"picked":"Defragment","floor":8},{"not_picked":["Turbo","Machine Learning"],"picked":"Chill","floor":10},{"not_picked":["Sweeping Beam","Capacitor","Steam"],"picked":"SKIP","floor":12},{"not_picked":["Cold Snap","Heatsinks","Skim"],"picked":"SKIP","floor":13},{"not_picked":["Barrage","Rebound"],"picked":"White Noise","floor":14},{"not_picked":["All For One","Meteor Strike"],"picked":"Multi-Cast","floor":16},{"not_picked":["Steam+1","Hologram","Sweeping Beam+1"],"picked":"SKIP","floor":18},{"not_picked":["Cold Snap","Gash","Go for the Eyes+1"],"picked":"SKIP","floor":20},{"not_picked":["Undo","Rebound+1"],"picked":"Gash+1","floor":22}],"player_experience":588018,"relics_obtained":[{"floor":6,"key":"PreservedInsect"},{"floor":8,"key":"Girya"},{"floor":9,"key":"Symbiotic Virus"},{"floor":17,"key":"Unceasing Top"},{"floor":17,"key":"Blue Candle"},{"floor":17,"key":"Dream Catcher"}],"event_choices":[{"damage_healed":0,"gold_gain":0,"player_choice":"Got Potions","damage_taken":0,"max_hp_gain":0,"max_hp_loss":0,"event_name":"Lab","floor":3,"gold_loss":0},{"damage_healed":0,"gold_gain":0,"player_choice":"Take Wound","damage_taken":0,"relics_obtained":["Golden Idol"],"max_hp_gain":0,"max_hp_loss":0,"event_name":"Golden Idol","floor":5,"gold_loss":0,"cards_obtained":["Injury"]},{"damage_healed":0,"gold_gain":0,"player_choice":"Bet on Owner","damage_taken":0,"max_hp_gain":0,"max_hp_loss":0,"event_name":"The Joust","floor":19,"gold_loss":50}],"is_beta":false,"boss_relics":[{"not_picked":["Cursed Key","Snecko Eye"],"picked":"Calling Bell"}],"items_purged_floors":[21],"is_endless":false,"potions_floor_spawned":[6,10,13,14,16,18,22],"killed_by":"Book of Stabbing","ascension_level":0}