{"gold_per_floor":[117,117,133,152,172,172,188,221,270,270,290,306,321,353,353,453,453,463,479,116,126,51,51,69,101,101,136,146,160,160,192,192,297,297,307,307,320,18,18,43,43,53,53,65,76,76,96,96,96,96],"floor_reached":51,"playtime":2648,"items_purged":["Strike_R"],"score":890,"play_id":"246fe71b-7b0e-4499-81a8-f28cca9397d4","local_time":"20180730185149","is_ascension_mode":true,"campfire_choices":[{"data":"Thunderclap","floor":6,"key":"SMITH"},{"data":"Metallicize","floor":15,"key":"SMITH"},{"data":"Limit Break","floor":23,"key":"SMITH"},{"data":"Flex","floor":30,"key":"SMITH"},{"floor":32,"key":"REST"},{"floor":41,"key":"REST"},{"floor":46,"key":"REST"},{"data":"Heavy Blade","floor":49,"key":"SMITH"}],"neow_cost":"NONE","seed_source_timestamp":1554418309588199,"circlet_count":0,"master_deck":["Strike_R+1","Strike_R+1","Defend_R","Defend_R","Defend_R","Defend_R","Bash+1","Iron Wave","Thunderclap+1","Flex+1","Shrug It Off","Metallicize+1","Twin Strike","Limit Break+1","Flex+1","Thunderclap+1","Iron Wave","Double Tap","Injury","Writhe","Injury","Metallicize+1","Dropkick+1","Heavy Blade+1"],"relics":["Burning Blood","Whetstone","Kunai","Blood Vial","Blue Candle","Lantern","Velvet Choker","Thread and Needle","Dodecahedron","Paper Frog","Bag of Marbles","Pear","Calling Bell","Dream Catcher","Singing Bowl","StoneCalendar","Vajra","Oddly Smooth Stone","Gremlin Horn"],"potions_floor_usage":[16,24,33,37,44,50,50],"damage_taken":[{"damage":0,"enemies":"Small Slimes","floor":1,"turns":4},{"damage":12,"enemies":"Jaw Worm","floor":3,"turns":3},{"damage":0,"enemies":"Cultist","floor":4,"turns":2},{"damage":16,"enemies":"3 Louse","floor":5,"turns":3},{"damage":0,"enemies":"2 Fungi Beasts","floor":7,"turns":3},{"damage":12,"enemies":"3 Sentries","floor":8,"turns":9},{"damage":23,"enemies":"Red Slaver","floor":11,"turns":4},{"damage":6,"enemies":"Blue Slaver","floor":12,"turns":3},{"damage":0,"enemies":"2 Fungi Beasts","floor":13,"turns":2},{"damage":8,"enemies":"Lagavulin","floor":14,"turns":6},{"damage":55,"enemies":"Hexaghost","floor":16,"turns":13},{"damage":16,"enemies":"2 Thieves","floor":18,"turns":4},{"damage":1,"enemies":"Chosen","floor":19,"turns":4},{"damage":1,"enemies":"Centurion and Healer","floor":21,"turns":5},{"damage":3,"enemies":"Chosen and Byrds","floor":24,"turns":5},{"damage":15,"enemies":"Gremlin Leader","floor":25,"turns":6},{"damage":37,"enemies":"Book of Stabbing","floor":27,"turns":6},{"damage":1,"enemies":"3 Cultists","floor":28,"turns":3},{"damage":7,"enemies":"Snake Plant","floor":29,"turns":3},{"damage":21,"enemies":"Gremlin Leader","floor":31,"turns":3},{"damage":64,"enemies":"Collector","floor":33,"turns":7},{"damage":15,"enemies":"Flame Bruiser 1 Orb","floor":35,"turns":5},{"damage":44,"enemies":"3 Darklings","floor":37,"turns":7},{"damage":46,"enemies":"2 Orb Walkers","floor":40,"turns":5},{"damage":12,"enemies":"Flame Bruiser 2 Orb","floor":42,"turns":5},{"damage":15,"enemies":"Transient","floor":44,"turns":5},{"damage":39,"enemies":"4 Shapes","floor":45,"turns":6},{"damage":7,"enemies":"Spire Growth","floor":47,"turns":5},{"damage":60,"enemies":"Donu and Deca","floor":50,"turns":7}],"seed_played":"7863399563296488007","potions_obtained":[{"floor":1,"key":"Strength Potion"},{"floor":7,"key":"LiquidBronze"},{"floor":11,"key":"FearPotion"},{"floor":13,"key":"BloodPotion"},{"floor":18,"key":"LiquidBronze"},{"floor":19,"key":"FairyPotion"},{"floor":27,"key":"Poison Potion"},{"floor":31,"key":"Weak Potion"},{"floor":40,"key":"PowerPotion"},{"floor":45,"key":"Dexterity Potion"},{"floor":47,"key":"Poison Potion"}],"is_trial":false,"path_per_floor":["M","?","M","M","M","R","M","E","T","?","M","M","M","E","R","B",null,"M","M","$","M","?","R","M","E","T","E","M","M","R","E","R","B",null,"M","?","M","$","?","E","R","M","T","M","M","R","M","?","R","B"],"character_chosen":"IRONCLAD","items_purchased":["Thread and Needle","Vajra","Oddly Smooth Stone"],"campfire_rested":3,"item_purchase_floors":[20,38,38],"current_hp_per_floor":[80,80,74,80,70,70,76,70,70,63,48,50,58,58,58,19,80,70,77,77,80,80,80,80,71,71,42,49,50,50,47,74,18,90,81,81,45,45,45,9,38,34,34,29,11,42,45,89,89,35],"gold":96,"neow_bonus":"RANDOM_COMMON_RELIC","is_prod":false,"is_daily":false,"chose_seed":false,"campfire_upgraded":5,"win_rate":0,"timestamp":1533001909,"path_taken":["M","?","M","M","M","R","?","E","T","?","M","M","?","E","R","BOSS","M","M","$","M","?","R","M","E","T","E","M","?","R","E","R","BOSS","M","?","M","$","?","E","R","M","T","M","M","R","M","?","R","BOSS"],"build_version":"2018-07-26","purchased_purges":1,"victory":true,"max_hp_per_floor":[80,80,80,80,80,80,80,80,80,80,80,80,80,80,80,80,80,80,80,80,80,80,80,80,80,80,80,80,80,80,90,90,90,90,90,90,90,90,90,92,94,94,94,96,98,100,102,89,89,89],"card_choices":[{"not_picked":["Twin Strike","Searing Blow","Fire Breathing"],"picked":"SKIP","floor":1},{"not_picked":["Searing Blow","Body Slam","Clothesline"],"picked":"SKIP","floor":3},{"not_picked":["Headbutt","Shockwave"],"picked":"Iron Wave","floor":4},{"not_picked":["Clothesline","Twin Strike"],"picked":"Thunderclap","floor":5},{"not_picked":["Clash","Body Slam"],"picked":"Flex","floor":7},{"not_picked":["Intimidate","Evolve","Fiend Fire"],"picked":"SKIP","floor":8},{"not_picked":["Iron Wave","True Grit"],"picked":"Shrug It Off","floor":11},{"not_picked":["Havoc","Body Slam"],"picked":"Metallicize","floor":12},{"not_picked":["Armaments","Battle Trance"],"picked":"Twin Strike","floor":13},{"not_picked":["Dual Wield","Feel No Pain","Exhume"],"picked":"SKIP","floor":14},{"not_picked":["Bludgeon","Fiend Fire"],"picked":"Limit Break","floor":16},{"not_picked":["Wild Strike","Power Through"],"picked":"Flex+1","floor":18},{"not_picked":["Sever Soul+1","Blood for Blood+1"],"picked":"Thunderclap+1","floor":19},{"not_picked":["Sword Boomerang","Flame Barrier","Perfected Strike"],"picked":"SKIP","floor":21},{"not_picked":["Anger","Body Slam"],"picked":"Iron Wave","floor":24},{"not_picked":["Armaments","Flame Barrier","Second Wind"],"picked":"SKIP","floor":25},{"not_picked":["Twin Strike","Feel No Pain","Barricade"],"picked":"SKIP","floor":27},{"not_picked":["Thunderclap+1","Clash","Clothesline"],"picked":"SKIP","floor":28},{"not_picked":["Body Slam+1","Armaments","Cleave"],"picked":"SKIP","floor":29},{"not_picked":["Perfected Strike","Armaments","True Grit"],"picked":"SKIP","floor":31},{"not_picked":["Brutality","Demon Form"],"picked":"Double Tap","floor":33},{"not_picked":["Thunderclap","Iron Wave+1"],"picked":"Metallicize+1","floor":35},{"not_picked":["Disarm","Cleave"],"picked":"Dropkick+1","floor":37},{"not_picked":["True Grit","Twin Strike","Headbutt"],"picked":"Singing Bowl","floor":40},{"not_picked":["Rage","Juggernaut","Warcry+1"],"picked":"Singing Bowl","floor":41},{"not_picked":["Clash+1","Anger"],"picked":"Heavy Blade","floor":42},{"not_picked":["Infernal Blade","Entrench+1","Searing Blow+1"],"picked":"Singing Bowl","floor":44},{"not_picked":["Cleave","Perfected Strike+1","Twin Strike"],"picked":"Singing Bowl","floor":45},{"not_picked":["Feed","Pummel+1","Corruption"],"picked":"Singing Bowl","floor":46},{"not_picked":["Armaments","Iron Wave+1","Seeing Red"],"picked":"Singing Bowl","floor":47}],"player_experience":392762,"relics_obtained":[{"floor":8,"key":"Kunai"},{"floor":9,"key":"Blood Vial"},{"floor":14,"key":"Lantern"},{"floor":25,"key":"Dodecahedron"},{"floor":26,"key":"Paper Frog"},{"floor":27,"key":"Bag of Marbles"},{"floor":31,"key":"Pear"},{"floor":34,"key":"Dream Catcher"},{"floor":34,"key":"Singing Bowl"},{"floor":34,"key":"StoneCalendar"},{"floor":43,"key":"Gremlin Horn"}],"event_choices":[{"event_name":"Living Wall","player_choice":"Grow","floor":2,"damage_taken":0},{"event_name":"Scrap Ooze","player_choice":"success","floor":10,"damage_taken":7},{"event_name":"Beggar","player_choice":"Gave Gold","floor":22,"damage_taken":0},{"event_name":"Falling","player_choice":"Removed Attack","floor":36,"damage_taken":0},{"event_name":"SecretPortal","player_choice":"Rejected Portal.","floor":39,"damage_taken":0},{"event_name":"The Moai Head","player_choice":"Heal","floor":48,"damage_taken":0}],"is_beta":false,"boss_relics":[{"not_picked":["Runic Dome","Astrolabe"],"picked":"Velvet Choker"},{"not_picked":["Fusion Hammer","Sozu"],"picked":"Calling Bell"}],"items_purged_floors":[20],"is_endless":false,"potions_floor_spawned":[1,7,11,13,14,18,19,27,31,40,45,47],"ascension_level":3}