{"gold_per_floor":[110,35,53,18,37,37,312,45,45,56,56,25,25,37,37,112,112,129,129,1,0,14,14,29,41,68,84,84,84,84,98,98,98],"floor_reached":33,"playtime":1137,"items_purged":["Strike_B","Regret"],"score":462,"play_id":"37d460bd-3f03-4697-8451-c2177e24906e","local_time":"20180926223329","is_ascension_mode":true,"campfire_choices":[{"data":"Defragment","floor":6,"key":"SMITH"},{"floor":11,"key":"REST"},{"floor":15,"key":"REST"},{"data":"Consume","floor":23,"key":"SMITH"},{"floor":28,"key":"REST"},{"floor":30,"key":"REST"},{"floor":32,"key":"REST"}],"neow_cost":"NONE","seed_source_timestamp":985190845702937,"circlet_count":0,"master_deck":["Zap","Dualcast","AscendersBane","Static Discharge","Defragment+1","FTL+1","Ball Lightning+1","Thunder Strike+1","Core Surge+1","Cold Snap+1","Steam","Consume+1","BootSequence","Compile Driver+1","Leap","Doom and Gloom+1","Lockon+1","Melter+1","Beam Cell+1","Conserve Battery","Steam","Sunder+1"],"relics":["Cracked Core","Vajra","Blood Vial","Molten Egg 2","Pandora\u0027s Box","Potion Belt"],"potions_floor_usage":[14,18,31,31],"damage_taken":[{"damage":0,"enemies":"Small Slimes","floor":1,"turns":3},{"damage":2,"enemies":"Jaw Worm","floor":3,"turns":3},{"damage":1,"enemies":"Cultist","floor":5,"turns":3},{"damage":27,"enemies":"Exordium Thugs","floor":10,"turns":5},{"damage":17,"enemies":"Exordium Wildlife","floor":14,"turns":4},{"damage":7,"enemies":"Slime Boss","floor":16,"turns":7},{"damage":11,"enemies":"Chosen","floor":18,"turns":4},{"damage":8,"enemies":"2 Thieves","floor":22,"turns":3},{"damage":41,"enemies":"Shelled Parasite and Fungi","floor":24,"turns":4},{"damage":0,"enemies":"Cultist and Chosen","floor":25,"turns":3},{"damage":0,"enemies":"Sentry and Sphere","floor":27,"turns":2},{"damage":30,"enemies":"Snake Plant","floor":31,"turns":4},{"damage":52,"enemies":"Collector","floor":33,"turns":8}],"seed_played":"1956650397564250667","potions_obtained":[{"floor":5,"key":"Block Potion"},{"floor":10,"key":"Weak Potion"},{"floor":16,"key":"Ancient Potion"},{"floor":25,"key":"Weak Potion"},{"floor":27,"key":"SmokeBomb"}],"is_trial":false,"path_per_floor":["M","$","M","?","M","R","?","$","T","M","R","$","?","M","R","B",null,"M","?","$","?","M","R","M","M","T","M","R","?","R","M","R"],"character_chosen":"DEFECT","items_purchased":["Blood Vial","Ball Lightning+1","Lockon+1","Melter+1"],"campfire_rested":5,"item_purchase_floors":[8,12,20,20],"current_hp_per_floor":[64,64,62,62,61,61,61,61,61,36,57,57,57,42,63,58,68,59,59,59,59,53,53,14,16,16,18,39,32,53,25,46,0],"gold":98,"neow_bonus":"RANDOM_COMMON_RELIC","is_prod":false,"is_daily":false,"chose_seed":false,"campfire_upgraded":2,"win_rate":0,"timestamp":1537994009,"path_taken":["M","$","M","?","M","R","?","$","T","M","R","?","?","M","R","BOSS","M","?","$","?","M","R","M","?","T","M","R","?","R","M","R","BOSS"],"build_version":"2018-09-20","purchased_purges":2,"victory":false,"max_hp_per_floor":[71,71,71,71,71,71,71,71,71,71,71,71,71,71,71,71,71,71,71,71,71,71,71,71,71,71,71,71,71,71,71,71,71],"card_choices":[{"not_picked":["Hologram","Storm","Rebound"],"picked":"SKIP","floor":1},{"not_picked":["Cold Snap","Reprogram"],"picked":"Static Discharge","floor":3},{"not_picked":["Sweeping Beam","Glacier"],"picked":"Defragment","floor":5},{"not_picked":["Coolheaded","Streamline+1"],"picked":"FTL+1","floor":10},{"not_picked":["Go for the Eyes+1","Coolheaded"],"picked":"Thunder Strike+1","floor":14},{"not_picked":["Biased Cognition","Seek"],"picked":"Core Surge+1","floor":16},{"not_picked":["Reprogram","Cold Snap+1"],"picked":"Doom and Gloom+1","floor":18},{"not_picked":["Redo","Stack"],"picked":"Beam Cell+1","floor":22},{"not_picked":["Coolheaded","Barrage+1","Reprogram+1"],"picked":"SKIP","floor":24},{"not_picked":["Leap","Steam Power"],"picked":"Conserve Battery","floor":25},{"not_picked":["Beam Cell+1","Darkness"],"picked":"Steam","floor":27},{"not_picked":["Turbo","All For One+1"],"picked":"Sunder+1","floor":31}],"player_experience":714668,"relics_obtained":[{"floor":9,"key":"Molten Egg 2"},{"floor":26,"key":"Potion Belt"}],"event_choices":[{"event_name":"World of Goop","player_choice":"Left","floor":4,"damage_taken":0},{"event_name":"Golden Shrine","player_choice":"Desecrate","floor":7,"damage_taken":0},{"event_name":"Liars Game","player_choice":"disagreed","floor":13,"damage_taken":0},{"event_name":"Back to Basics","player_choice":"Elegance","floor":19,"damage_taken":0},{"event_name":"Masked Bandits","player_choice":"Paid Fearfully","floor":21,"damage_taken":0},{"event_name":"Knowing Skull","player_choice":"","floor":29,"damage_taken":0}],"is_beta":false,"boss_relics":[{"not_picked":["Orrery","Lizard Tail"],"picked":"Pandora\u0027s Box"}],"items_purged_floors":[2,8],"is_endless":false,"potions_floor_spawned":[5,10,16,25,27],"killed_by":"Collector","ascension_level":19}