{"gold_per_floor":[110,185,185,198,214,249,265,275,356,371,391,391,402,83,83,179,229,249,259,33,33,33,33,44,44,70,80,80,80,80,115,115,115],"floor_reached":33,"playtime":2384,"items_purged":[],"score":269,"play_id":"31b9a452-784c-4838-a3aa-871d4f5e6a8d","local_time":"20190325131458","is_ascension_mode":false,"campfire_choices":[{"floor":12,"key":"REST"},{"floor":15,"key":"REST"},{"data":"Envenom","floor":23,"key":"SMITH"},{"floor":25,"key":"REST"},{"floor":30,"key":"REST"},{"floor":32,"key":"REST"}],"neow_cost":"NONE","seed_source_timestamp":6426456857900,"circlet_count":0,"master_deck":["Defend_G+1","Defend_G+1","Defend_G+1","Defend_G+1","Defend_G+1","Strike_G+1","Strike_G+1","Strike_G+1","Strike_G+1","Strike_G+1","Survivor","Neutralize+1","Flying Knee","Backstab","Backflip","Flying Knee","Outmaneuver","Crippling Poison","Dodge and Roll","Poisoned Stab","All Out Attack","Blade Dance","Heel Hook","Footwork","Envenom+1","Blade Dance","Dagger Spray+1","PiercingWail","Noxious Fumes","Dagger Spray","Blur+1"],"relics":["Ring of the Snake","Snake Skull","The Specimen","Question Card","Bronze Scales","Tiny House","Pen Nib","Boot","Ice Cream"],"potions_floor_usage":[13,33,33],"damage_taken":[{"damage":0,"enemies":"2 Louse","floor":1,"turns":3},{"damage":0,"enemies":"Small Slimes","floor":4,"turns":4},{"damage":0,"enemies":"Jaw Worm","floor":5,"turns":5},{"damage":15,"enemies":"Lagavulin","floor":6,"turns":10},{"damage":3,"enemies":"Exordium Wildlife","floor":7,"turns":4},{"damage":5,"enemies":"2 Fungi Beasts","floor":8,"turns":3},{"damage":17,"enemies":"Large Slime","floor":10,"turns":7},{"damage":0,"enemies":"3 Louse","floor":11,"turns":2},{"damage":1,"enemies":"2 Fungi Beasts","floor":13,"turns":3},{"damage":24,"enemies":"The Guardian","floor":16,"turns":12},{"damage":19,"enemies":"Spheric Guardian","floor":18,"turns":7},{"damage":13,"enemies":"2 Thieves","floor":19,"turns":4},{"damage":18,"enemies":"3 Cultists","floor":24,"turns":4},{"damage":27,"enemies":"Shelled Parasite and Fungi","floor":27,"turns":5},{"damage":12,"enemies":"Book of Stabbing","floor":31,"turns":6},{"damage":64,"enemies":"Automaton","floor":33,"turns":6}],"seed_played":"-5620410263170945655","potions_obtained":[{"floor":6,"key":"Fire Potion"},{"floor":8,"key":"SmokeBomb"},{"floor":11,"key":"Ancient Potion"},{"floor":16,"key":"Strength Potion"},{"floor":17,"key":"EssenceOfSteel"},{"floor":31,"key":"Swift Potion"}],"is_trial":false,"path_per_floor":["M","?","?","M","M","E","M","M","T","M","M","R","M","$","R","B",null,"M","M","$","?","?","R","M","R","T","M","?","?","R","E","R","B"],"character_chosen":"THE_SILENT","items_purchased":["Blade Dance","Heel Hook","Bronze Scales","Footwork","Noxious Fumes","Pen Nib"],"campfire_rested":5,"item_purchase_floors":[14,14,14,14,20,20],"current_hp_per_floor":[70,59,45,45,45,30,27,22,22,5,5,26,25,25,46,22,75,56,43,43,43,27,27,9,31,31,4,4,29,51,39,61,0],"gold":115,"neow_bonus":"RANDOM_COMMON_RELIC","is_prod":false,"is_daily":false,"chose_seed":false,"campfire_upgraded":1,"win_rate":0.0,"timestamp":1553534098,"path_taken":["M","?","?","M","M","E","M","M","T","M","M","R","M","$","R","BOSS","M","M","$","?","?","R","M","R","T","?","?","?","R","E","R","BOSS"],"build_version":"2019-01-23","purchased_purges":0,"victory":false,"max_hp_per_floor":[70,70,70,70,70,70,70,70,70,70,70,70,70,70,70,70,75,75,75,75,75,75,75,75,75,75,75,75,75,75,75,75,75],"card_choices":[{"not_picked":["Slice","Quick Slash"],"picked":"Flying Knee","floor":1},{"not_picked":["Flechettes","Quick Slash"],"picked":"Backstab","floor":4},{"not_picked":["Masterful Stab","Dagger Throw"],"picked":"Backflip","floor":5},{"not_picked":["Predator","Dodge and Roll"],"picked":"Flying Knee","floor":6},{"not_picked":["Wraith Form v2","Slice"],"picked":"Outmaneuver","floor":7},{"not_picked":["Acrobatics","Backstab"],"picked":"Crippling Poison","floor":8},{"not_picked":["Finisher","Slice","Tactician"],"picked":"Dodge and Roll","floor":10},{"not_picked":["Acrobatics","Finisher","Outmaneuver"],"picked":"Poisoned Stab","floor":11},{"not_picked":["Outmaneuver","Deadly Poison","Dagger Throw"],"picked":"All Out Attack","floor":13},{"not_picked":["Malaise","Night Terror","Bullet Time"],"picked":"Envenom","floor":16},{"not_picked":["Acrobatics","Predator","Sucker Punch"],"picked":"Blade Dance","floor":17},{"not_picked":["Riddle With Holes","Envenom","Footwork+1"],"picked":"Dagger Spray+1","floor":18},{"not_picked":["Flying Knee+1","Outmaneuver","Finisher"],"picked":"PiercingWail","floor":19},{"not_picked":["Sucker Punch","All Out Attack","Leg Sweep"],"picked":"Dagger Spray","floor":24},{"not_picked":["Expertise","Endless Agony","Eviscerate+1"],"picked":"Blur+1","floor":27},{"not_picked":["Outmaneuver","Underhanded Strike+1","Reflex","Sucker Punch"],"picked":"SKIP","floor":31}],"player_experience":17668,"relics_obtained":[{"floor":6,"key":"The Specimen"},{"floor":9,"key":"Question Card"},{"floor":26,"key":"Boot"},{"floor":31,"key":"Ice Cream"}],"event_choices":[{"damage_healed":0,"gold_gain":75,"player_choice":"Gather Gold","damage_taken":11,"max_hp_gain":0,"max_hp_loss":0,"event_name":"World of Goop","floor":2,"gold_loss":0},{"damage_healed":0,"gold_gain":0,"player_choice":"Entered Light","damage_taken":14,"max_hp_gain":0,"max_hp_loss":0,"event_name":"Shining Light","floor":3,"gold_loss":0,"cards_upgraded":["Neutralize","Strike_G"]},{"damage_healed":0,"gold_gain":0,"player_choice":"Ignored","damage_taken":0,"max_hp_gain":0,"max_hp_loss":0,"event_name":"Beggar","floor":21,"gold_loss":0},{"damage_healed":0,"gold_gain":0,"player_choice":"Obtained Book","damage_taken":16,"max_hp_gain":0,"max_hp_loss":0,"event_name":"Cursed Tome","floor":22,"gold_loss":0},{"damage_healed":0,"gold_gain":0,"player_choice":"Simplicity","damage_taken":0,"max_hp_gain":0,"max_hp_loss":0,"event_name":"Back to Basics","floor":28,"gold_loss":0,"cards_upgraded":["Defend_G","Defend_G","Defend_G","Defend_G","Strike_G","Strike_G","Strike_G","Strike_G"]},{"damage_healed":25,"gold_gain":0,"player_choice":"Heal","damage_taken":0,"max_hp_gain":0,"max_hp_loss":0,"event_name":"The Library","floor":29,"gold_loss":0}],"is_beta":false,"boss_relics":[{"not_picked":["WristBlade","Ring of the Serpent"],"picked":"Tiny House"}],"items_purged_floors":[],"is_endless":false,"potions_floor_spawned":[6,8,11,16,18,31],"killed_by":"Automaton","ascension_level":0}