{"gold_per_floor":[109,109,120,70,81,110,110,130,204,204,204,238,250,262],"floor_reached":14,"playtime":822,"items_purged":[],"score":108,"play_id":"b2ee81a5-8b40-4334-828e-61d1134cdd9a","local_time":"20190104141822","is_ascension_mode":true,"campfire_choices":[{"floor":7,"key":"REST"},{"floor":10,"key":"REST"},{"floor":13,"key":"REST"}],"neow_cost":"NONE","seed_source_timestamp":1196973080634238,"circlet_count":0,"master_deck":["Defend_G","Defend_G","Defend_G","Defend_G","Defend_G","Strike_G","Strike_G","Strike_G","Strike_G","Strike_G","Survivor+1","Neutralize","Backflip","Deadly Poison","Catalyst","Riddle With Holes","Catalyst"],"relics":["Ring of the Snake","Calipers","Bottled Flame","MawBank"],"potions_floor_usage":[12],"damage_taken":[{"damage":1,"enemies":"2 Louse","floor":1,"turns":3},{"damage":0,"enemies":"Cultist","floor":3,"turns":4},{"damage":0,"enemies":"Jaw Worm","floor":5,"turns":3},{"damage":60,"enemies":"Gremlin Nob","floor":6,"turns":6},{"damage":9,"enemies":"Looter","floor":8,"turns":4},{"damage":30,"enemies":"3 Sentries","floor":12,"turns":14},{"damage":58,"enemies":"Gremlin Nob","floor":14,"turns":5}],"seed_played":"-375826844104647703","potions_obtained":[{"floor":3,"key":"EssenceOfSteel"},{"floor":6,"key":"PowerPotion"}],"is_trial":false,"path_per_floor":["M","?","M","$","M","E","R","M","T","R","?","E","R","E"],"character_chosen":"THE_SILENT","items_purchased":["Deadly Poison"],"campfire_rested":3,"item_purchase_floors":[4],"current_hp_per_floor":[76,76,76,76,76,16,39,30,30,53,53,23,46,0],"gold":262,"neow_bonus":"TEN_PERCENT_HP_BONUS","is_prod":false,"is_daily":false,"chose_seed":false,"campfire_upgraded":0,"win_rate":0,"timestamp":1546604302,"path_taken":["M","?","M","$","M","E","R","?","T","R","?","E","R","E"],"build_version":"2019-01-03v3","purchased_purges":0,"victory":false,"max_hp_per_floor":[77,77,77,77,77,77,77,77,77,77,77,77,77,77],"card_choices":[{"not_picked":["Sucker Punch","Bane"],"picked":"Backflip","floor":1},{"not_picked":["Tactician","Acrobatics","Blade Dance"],"picked":"SKIP","floor":3},{"not_picked":["Backflip","Sucker Punch","Outmaneuver"],"picked":"SKIP","floor":5},{"not_picked":["Blur","Slice"],"picked":"Catalyst","floor":6},{"not_picked":["Blade Dance","Finisher"],"picked":"Riddle With Holes","floor":8},{"not_picked":["Poisoned Stab","Dash"],"picked":"Catalyst","floor":12}],"player_experience":106325,"relics_obtained":[{"floor":6,"key":"Calipers"},{"floor":9,"key":"Bottled Flame"},{"floor":12,"key":"MawBank"}],"event_choices":[{"damage_healed":0,"gold_gain":0,"player_choice":"Forge","damage_taken":0,"max_hp_gain":0,"max_hp_loss":0,"event_name":"Accursed Blacksmith","floor":2,"gold_loss":0,"cards_upgraded":["Survivor"]},{"damage_healed":0,"gold_gain":0,"player_choice":"Ignored","damage_taken":0,"max_hp_gain":0,"max_hp_loss":0,"event_name":"Shining Light","floor":11,"gold_loss":0}],"is_beta":false,"boss_relics":[],"items_purged_floors":[],"is_endless":false,"potions_floor_spawned":[3,6],"killed_by":"Gremlin Nob","ascension_level":2}