{"gold_per_floor":[111,111,286,286,21,39,50,50,75,92,121,121,121,134,134,236,236,256,272,286,286,302,330,330,348,348,348,362,151,151,76,76,172,172,190,208,122,1121,1121,1131,1131,1164,1189,1189,694,710,724,744,744,744,744,744,97,125,125],"floor_reached":55,"playtime":1583,"items_purged":["Madness"],"score":694,"play_id":"e98c6672-1003-4ac2-8d88-4af114e92698","local_time":"20191019235150","is_ascension_mode":false,"campfire_choices":[{"data":"Inflame","floor":12.0,"key":"SMITH"},{"data":"Bash","floor":15.0,"key":"SMITH"},{"floor":24.0,"key":"REST"},{"floor":27.0,"key":"RECALL"},{"floor":30.0,"key":"REST"},{"data":"Shrug It Off","floor":32.0,"key":"SMITH"},{"floor":41.0,"key":"REST"},{"data":"Jack Of All Trades","floor":44.0,"key":"SMITH"},{"data":"Metallicize","floor":49.0,"key":"SMITH"},{"data":"Metallicize","floor":52.0,"key":"SMITH"}],"neow_cost":"NONE","seed_source_timestamp":533194968238599,"circlet_count":0,"master_deck":["Strike_R+1","Strike_R+1","Strike_R+1","Strike_R+1","Defend_R+1","Defend_R+1","Defend_R+1","Defend_R+1","Bash+1","Feel No Pain","Pommel Strike+1","Perfected Strike+1","Thunderclap+1","Whirlwind+1","Inflame+1","Sword Boomerang+1","Bludgeon+1","Dropkick+1","Shrug It Off","Shrug It Off+1","Metallicize+1","Havoc","Shrug It Off","Jack Of All Trades+1","Metallicize+1","Intimidate+1","Shockwave","Fire Breathing","Impervious","Inflame","Clothesline+1"],"special_seed":0,"relics":["Burning Blood","NeowsBlessing","Molten Egg 2","MealTicket","Darkstone Periapt","Dodecahedron","Busted Crown","Omamori","Bottled Tornado","Snecko Eye","Singing Bowl","Sundial","Regal Pillow","Ginger","Vajra"],"potions_floor_usage":[55,55],"damage_taken":[{"damage":0.0,"enemies":"Jaw Worm","floor":1.0,"turns":1.0},{"damage":0.0,"enemies":"2 Louse","floor":6.0,"turns":1.0},{"damage":0.0,"enemies":"Cultist","floor":7.0,"turns":1.0},{"damage":0.0,"enemies":"Large Slime","floor":10.0,"turns":4.0},{"damage":20.0,"enemies":"Lagavulin","floor":11.0,"turns":3.0},{"damage":10.0,"enemies":"Looter","floor":14.0,"turns":3.0},{"damage":47.0,"enemies":"Hexaghost","floor":16.0,"turns":6.0},{"damage":12.0,"enemies":"Shell Parasite","floor":18.0,"turns":3.0},{"damage":0.0,"enemies":"Spheric Guardian","floor":19.0,"turns":3.0},{"damage":5.0,"enemies":"Snecko","floor":20.0,"turns":3.0},{"damage":13.0,"enemies":"Snake Plant","floor":22.0,"turns":3.0},{"damage":48.0,"enemies":"Slavers","floor":23.0,"turns":4.0},{"damage":5.0,"enemies":"3 Cultists","floor":25.0,"turns":4.0},{"damage":20.0,"enemies":"Centurion and Healer","floor":28.0,"turns":3.0},{"damage":55.0,"enemies":"Collector","floor":33.0,"turns":8.0},{"damage":0.0,"enemies":"3 Shapes","floor":35.0,"turns":3.0},{"damage":0.0,"enemies":"Orb Walker","floor":36.0,"turns":1.0},{"damage":25.0,"enemies":"Writhing Mass","floor":40.0,"turns":4.0},{"damage":27.0,"enemies":"Reptomancer","floor":42.0,"turns":6.0},{"damage":11.0,"enemies":"Maw","floor":46.0,"turns":6.0},{"damage":0.0,"enemies":"3 Darklings","floor":47.0,"turns":3.0},{"damage":0.0,"enemies":"Jaw Worm Horde","floor":48.0,"turns":2.0},{"damage":51.0,"enemies":"Time Eater","floor":50.0,"turns":9.0},{"damage":30.0,"enemies":"Shield and Spear","floor":54.0,"turns":4.0},{"damage":97,"enemies":"The Heart","floor":55,"turns":8}],"seed_played":"8535466261843044305","potions_obtained":[{"floor":1.0,"key":"AttackPotion"},{"floor":10.0,"key":"EntropicBrew"},{"floor":14.0,"key":"FearPotion"},{"floor":19.0,"key":"EssenceOfSteel"},{"floor":23.0,"key":"Regen Potion"},{"floor":36.0,"key":"Energy Potion"},{"floor":42.0,"key":"FairyPotion"}],"is_trial":false,"path_per_floor":["M","?","?","?","$","M","M","$","T","M","E","R","?","M","R","B",null,"M","M","M","?","M","E","R","M","T","R","M","$","R","?","R","B",null,"M","M","$","?","?","M","R","E","T","R","$","M","M","M","R","B",null,"R","$","E","B"],"character_chosen":"IRONCLAD","items_purchased":["Molten Egg 2","Pommel Strike+1","Metallicize","Havoc","Madness","Jack Of All Trades","Shockwave","Fire Breathing","Sundial","Regal Pillow","Ginger","Impervious","Inflame","EssenceOfSteel"],"campfire_rested":3,"item_purchase_floors":[5,5,29,29,29,37,45,45,45,45,53,53,53,53],"current_hp_per_floor":[80,80,80,73,73,79,80,80,80,80,66,66,66,62,62,21,80,74,80,80,80,73,31,55,56,56,56,42,57,80,80,80,31,80,80,80,80,80,80,61,80,70,70,70,80,77,84,86,86,41,86,86,86,62,0],"gold":125,"neow_bonus":"THREE_ENEMY_KILL","is_prod":false,"is_daily":false,"chose_seed":false,"campfire_upgraded":6,"win_rate":0,"timestamp":1571547110,"path_taken":["M","?","?","?","$","M","M","?","T","?","E","R","?","M","R","BOSS","M","M","?","?","M","E","R","M","T","R","M","$","R","?","R","BOSS","M","M","$","?","?","M","R","E","T","R","$","M","M","?","R","BOSS","R","$","E","BOSS"],"build_version":"2019-10-18","purchased_purges":1,"victory":false,"max_hp_per_floor":[80,80,80,80,80,80,80,80,80,80,80,80,80,80,80,80,80,80,80,80,80,80,80,80,80,80,80,80,80,80,80,80,80,80,80,80,80,80,80,80,80,80,80,80,80,82,84,86,86,86,86,86,86,86,86],"card_choices":[{"not_picked":["Flame Barrier","Warcry"],"picked":"Feel No Pain","floor":1.0},{"not_picked":["Twin Strike+1","Body Slam+1"],"picked":"Perfected Strike+1","floor":6.0},{"not_picked":["Flex","Entrench"],"picked":"Thunderclap+1","floor":7.0},{"not_picked":["Cleave+1","Heavy Blade+1"],"picked":"Whirlwind+1","floor":10.0},{"not_picked":["Sword Boomerang+1","True Grit"],"picked":"Inflame","floor":11.0},{"not_picked":["Armaments","Ghostly Armor"],"picked":"Sword Boomerang+1","floor":14.0},{"not_picked":["Dark Embrace","Fiend Fire+1"],"picked":"Bludgeon+1","floor":16.0},{"not_picked":["Bloodletting"],"picked":"SKIP","floor":18.0},{"not_picked":["Thunderclap+1"],"picked":"SKIP","floor":19.0},{"not_picked":["Whirlwind+1"],"picked":"SKIP","floor":20.0},{"not_picked":["Headbutt+1"],"picked":"SKIP","floor":22.0},{"not_picked":[],"picked":"Dropkick+1","floor":23.0},{"not_picked":[],"picked":"Shrug It Off","floor":25.0},{"not_picked":[],"picked":"Shrug It Off","floor":28.0},{"not_picked":[],"picked":"Shrug It Off","floor":35.0},{"not_picked":["Twin Strike+1"],"picked":"SKIP","floor":36.0},{"not_picked":["Wild Strike+1"],"picked":"SKIP","floor":40.0},{"not_picked":[],"picked":"Intimidate+1","floor":42.0},{"not_picked":["Hemokinesis+1"],"picked":"Singing Bowl","floor":46.0},{"not_picked":["Body Slam+1"],"picked":"Singing Bowl","floor":47.0},{"not_picked":["Feel No Pain+1"],"picked":"Singing Bowl","floor":48.0},{"not_picked":[],"picked":"Clothesline+1","floor":54.0}],"player_experience":1431867,"relics_obtained":[{"floor":9.0,"key":"MealTicket"},{"floor":11.0,"key":"Darkstone Periapt"},{"floor":23.0,"key":"Omamori"},{"floor":26.0,"key":"Bottled Tornado"},{"floor":42.0,"key":"Singing Bowl"},{"floor":54.0,"key":"Vajra"}],"event_choices":[{"damage_healed":0.0,"max_hp_gain":0.0,"max_hp_loss":0.0,"gold_gain":0.0,"event_name":"The Cleric","player_choice":"Leave","floor":2.0,"gold_loss":0.0,"damage_taken":0.0},{"damage_healed":0.0,"max_hp_gain":0.0,"max_hp_loss":0.0,"gold_gain":175.0,"event_name":"Liars Game","player_choice":"AGREE","floor":3.0,"gold_loss":0.0,"damage_taken":0.0,"cards_obtained":["Doubt"]},{"cards_removed":["Doubt"],"damage_healed":0.0,"max_hp_gain":0.0,"max_hp_loss":0.0,"gold_gain":0.0,"event_name":"Golden Wing","player_choice":"Card Removal","floor":4.0,"gold_loss":0.0,"damage_taken":7.0},{"damage_healed":0.0,"max_hp_gain":0.0,"max_hp_loss":0.0,"gold_gain":0.0,"event_name":"WeMeetAgain","player_choice":"Gave Potion","floor":13.0,"gold_loss":0.0,"damage_taken":0.0,"relics_obtained":["Dodecahedron"]},{"damage_healed":0.0,"max_hp_gain":0.0,"max_hp_loss":0.0,"gold_gain":0.0,"event_name":"Back to Basics","player_choice":"Simplicity","floor":21.0,"gold_loss":0.0,"damage_taken":0.0,"cards_upgraded":["Strike_R","Strike_R","Strike_R","Strike_R","Strike_R","Defend_R","Defend_R","Defend_R","Defend_R"]},{"cards_removed":["Strike_R"],"damage_healed":0.0,"max_hp_gain":0.0,"max_hp_loss":0.0,"gold_gain":0.0,"event_name":"Beggar","player_choice":"Gave Gold","floor":31.0,"gold_loss":75.0,"damage_taken":0.0},{"damage_healed":0.0,"max_hp_gain":0.0,"max_hp_loss":0.0,"gold_gain":999.0,"event_name":"MindBloom","player_choice":"Gold","floor":38.0,"gold_loss":0.0,"damage_taken":0.0,"cards_obtained":["Normality","Normality"]},{"damage_healed":0.0,"max_hp_gain":0.0,"max_hp_loss":0.0,"gold_gain":0.0,"event_name":"Duplicator","player_choice":"Copied","floor":39.0,"gold_loss":0.0,"damage_taken":0.0,"cards_obtained":["Metallicize"]}],"is_beta":true,"boss_relics":[{"not_picked":["Black Star","SacredBark"],"picked":"Busted Crown"},{"not_picked":["Runic Pyramid","Philosopher\u0027s Stone"],"picked":"Snecko Eye"}],"items_purged_floors":[53],"is_endless":false,"potions_floor_spawned":[1,10,14,19,20,23,36,42,48],"killed_by":"The Heart","ascension_level":0}