{"gold_per_floor":[118,128,146,45,65,97,97,122,202,202],"floor_reached":10,"playtime":461,"items_purged":["Writhe"],"score":101,"play_id":"ddc68044-fdf0-4490-8840-179e6e23ea33","local_time":"20191006133932","is_ascension_mode":true,"campfire_choices":[{"floor":7,"key":"REST"}],"neow_cost":"CURSE","seed_source_timestamp":133924821801699,"circlet_count":0,"master_deck":["Strike_B","Strike_B","Strike_B","Strike_B","Defend_B","Defend_B","Defend_B","Defend_B","Zap","Dualcast","Coolheaded","Capacitor","Skim","Go for the Eyes","Sweeping Beam","Creative AI","Scrape"],"relics":["Cracked Core","WingedGreaves","Dream Catcher","Peace Pipe","Mercury Hourglass"],"potions_floor_usage":[6,6],"damage_taken":[{"damage":5,"enemies":"Cultist","floor":1,"turns":4},{"damage":4,"enemies":"Small Slimes","floor":2,"turns":4},{"damage":2,"enemies":"2 Louse","floor":3,"turns":2},{"damage":11,"enemies":"Blue Slaver","floor":5,"turns":5},{"damage":24,"enemies":"3 Sentries","floor":6,"turns":5},{"damage":25,"enemies":"Lagavulin","floor":8,"turns":8},{"damage":21,"enemies":"3 Sentries","floor":10,"turns":3}],"seed_played":"9160780158584351537","potions_obtained":[{"floor":2,"key":"LiquidBronze"},{"floor":3,"key":"Explosive Potion"}],"is_trial":false,"path_per_floor":["M","M","M","$","M","E","R","E","T","E"],"character_chosen":"DEFECT","items_purchased":["Go for the Eyes"],"campfire_rested":1,"item_purchase_floors":[4],"current_hp_per_floor":[63,59,57,57,46,22,44,19,19,0],"gold":202,"neow_bonus":"ONE_RARE_RELIC","is_prod":false,"is_daily":false,"chose_seed":false,"campfire_upgraded":0,"win_rate":0,"timestamp":1570361972,"path_taken":["M","M","M","$","M","E","R","E","T","E"],"build_version":"2019-07-17","purchased_purges":1,"victory":false,"max_hp_per_floor":[75,75,75,75,75,75,75,75,75,75],"card_choices":[{"not_picked":["Tempest","Aggregate"],"picked":"Coolheaded","floor":1},{"not_picked":["Stack","Beam Cell"],"picked":"Capacitor","floor":2},{"not_picked":["Conserve Battery","Auto Shields"],"picked":"Skim","floor":3},{"not_picked":["Recycle","Go for the Eyes"],"picked":"Sweeping Beam","floor":5},{"not_picked":["Sweeping Beam","Capacitor"],"picked":"Creative AI","floor":6},{"not_picked":["Conserve Battery","Barrage"],"picked":"Scrape","floor":7},{"not_picked":["Coolheaded","Skim","Steam Power"],"picked":"SKIP","floor":8}],"player_experience":368453,"relics_obtained":[{"floor":6,"key":"Dream Catcher"},{"floor":8,"key":"Peace Pipe"},{"floor":9,"key":"Mercury Hourglass"}],"event_choices":[],"is_beta":false,"boss_relics":[],"items_purged_floors":[4],"is_endless":false,"potions_floor_spawned":[2,3],"killed_by":"3 Sentries","ascension_level":6}