{"path_per_floor":["M","?","?","M","?","R","$","?","T","M","M","R","M","?","R","B",null,"M","$","?","M","$","E","R","M","T","R","E"],"character_chosen":"THE_SILENT","items_purchased":["Poisoned Stab","Panache","Bane"],"gold_per_floor":[118,193,193,213,163,163,39,39,39,53,77,77,90,90,90,220,220,236,3,3,18,18,62,62,78,78,78,112],"floor_reached":29,"campfire_rested":2,"playtime":1207,"current_hp_per_floor":[63,52,45,45,45,45,45,28,28,28,21,21,13,30,51,18,57,43,43,43,27,27,34,34,6,6,27,10],"items_purged":["Strike_G"],"gold":112,"score":326,"play_id":"46aeab6b-9556-44e4-a119-0f73c5cbdb85","is_prod":false,"is_daily":false,"is_ascension_mode":true,"campfire_upgraded":3,"path_taken":["M","?","?","M","?","R","$","?","T","M","?","R","M","?","R","BOSS","M","$","?","M","?","E","R","?","T","R","E","M"],"build_version":"2018-02-12-PROD1","purchased_purges":1,"victory":false,"master_deck":["Defend_G","Defend_G","Defend_G","Defend_G","Defend_G","Strike_G","Strike_G","Strike_G","Survivor","Neutralize","Noxious Fumes+1","Acrobatics","Poisoned Stab","Blur","Blur+1","Parasite","Bullet Time+1","Panache","Bane","Prepared","Outmaneuver","Noxious Fumes"],"max_hp_per_floor":[70,70,70,70,70,70,70,70,70,70,70,70,70,70,70,70,70,70,70,70,70,70,70,70,70,70,70,70],"relics":["Ring of the Snake","Golden Idol","Ginger","Lizard Tail","Darkstone Periapt","Tingsha","Molten Egg 2"],"card_choices":[{"not_picked":["Blade Dance","Slice"],"picked":"Noxious Fumes"},{"not_picked":["Flechettes","Outmaneuver"],"picked":"Acrobatics"},{"not_picked":["Flying Knee","Deadly Poison"],"picked":"Blur"},{"not_picked":["Underhanded Strike","Dagger Throw"],"picked":"Blur"},{"not_picked":["Burst","Glass Knife"],"picked":"Bullet Time"},{"not_picked":["Deflect","Sucker Punch"],"picked":"Prepared"},{"not_picked":["Acrobatics","Dagger Spray"],"picked":"Outmaneuver"},{"not_picked":["Expertise","Bane"],"picked":"Noxious Fumes"}],"player_experience":158345,"potions_floor_usage":[13,18,23],"damage_taken":[{"damage":0,"enemies":"Cultist","floor":1,"turns":4},{"damage":0,"enemies":"Jaw Worm","floor":4,"turns":5},{"damage":0,"enemies":"Small Slimes","floor":10,"turns":3},{"damage":7,"enemies":"Exordium Wildlife","floor":11,"turns":5},{"damage":8,"enemies":"Lots of Slimes","floor":13,"turns":7},{"damage":33,"enemies":"Hexaghost","floor":16,"turns":13},{"damage":14,"enemies":"Chosen","floor":18,"turns":6},{"damage":16,"enemies":"3 Byrds","floor":21,"turns":4},{"damage":30,"enemies":"Slavers","floor":23,"turns":5},{"damage":28,"enemies":"Snake Plant","floor":25,"turns":7},{"damage":17,"enemies":"Gremlin Leader","floor":28,"turns":7},{"damage":33,"enemies":"Snecko","floor":29,"turns":4}],"event_choices":[{"event_name":"World of Goop","player_choice":"Gather Gold","floor":2,"damage_taken":0},{"event_name":"Wheel of Change","player_choice":"Damage","floor":3,"damage_taken":0},{"event_name":"The Cleric","player_choice":"Card Removal","floor":5,"damage_taken":0},{"event_name":"Golden Idol","player_choice":"Take Damage","floor":8,"damage_taken":0},{"event_name":"Mushrooms","player_choice":"Healed and dodged fight","floor":14,"damage_taken":0},{"event_name":"N\u0027loth","player_choice":"Ignored","floor":20,"damage_taken":0}],"boss_relics":[{"not_picked":["Pandora\u0027s Box","Question Card"],"picked":"Lizard Tail"}],"potions_floor_spawned":[1,16,21],"seed_played":"-8680251365410610932","killed_by":"Snecko","ascension_level":6,"is_trial":false}