{"gold_per_floor":[119,119,119,8,8,20,50,97,109,121,151,176,188,200,212,314,326,362,387,399,326,0,0],"floor_reached":23,"playtime":388,"items_purged":["Strike_B"],"score":424,"play_id":"f5a20adc-f3fd-4348-99fb-c72000f835e0","local_time":"20190925133921","is_ascension_mode":true,"campfire_choices":[{"data":"Zap","floor":6,"key":"SMITH"},{"data":"Dualcast","floor":10,"key":"SMITH"},{"data":"Beam Cell","floor":15,"key":"SMITH"}],"neow_cost":"NONE","seed_source_timestamp":250313579055266,"circlet_count":0,"master_deck":["AscendersBane","Strike_B","Strike_B","Defend_B","Defend_B","Defend_B","Defend_B","Zap+1","Dualcast+1","Scrape","FTL","Ball Lightning","Steam","Beam Cell+1","Electrodynamics","Loop","Turbo","Recycle","Flash of Steel"],"relics":["Cracked Core","NeowsBlessing","MawBank","Darkstone Periapt","Pantograph","Bloody Idol","Runic Dome","Gremlin Horn","Omamori"],"potions_floor_usage":[16,23,23],"damage_taken":[{"damage":0,"enemies":"Small Slimes","floor":1,"turns":1},{"damage":0,"enemies":"2 Louse","floor":7,"turns":1},{"damage":0,"enemies":"3 Sentries","floor":8,"turns":1},{"damage":7,"enemies":"Jaw Worm","floor":11,"turns":2},{"damage":6,"enemies":"Exordium Thugs","floor":12,"turns":3},{"damage":36,"enemies":"The Guardian","floor":16,"turns":9},{"damage":17,"enemies":"2 Thieves","floor":18,"turns":3},{"damage":24,"enemies":"Shell Parasite","floor":19,"turns":4},{"damage":30,"enemies":"Book of Stabbing","floor":23,"turns":4}],"seed_played":"6765410184336364930","potions_obtained":[{"floor":1,"key":"Dexterity Potion"},{"floor":7,"key":"EssenceOfSteel"},{"floor":16,"key":"Strength Potion"}],"is_trial":false,"path_per_floor":["M","?","?","$","?","R","M","E","T","R","M","M","$","?","R","B",null,"M","M","?","?","$","E"],"character_chosen":"DEFECT","items_purchased":["Ball Lightning","Steam","Flash of Steel","Omamori"],"campfire_rested":0,"item_purchase_floors":[4,4,22,22],"current_hp_per_floor":[64,64,69,69,51,51,51,51,51,51,44,38,38,38,38,27,59,42,18,18,23,28,0],"gold":0,"neow_bonus":"THREE_ENEMY_KILL","is_prod":false,"is_daily":false,"chose_seed":false,"campfire_upgraded":3,"win_rate":0,"timestamp":1569389961,"path_taken":["M","?","?","$","?","R","M","E","T","R","M","?","$","?","R","BOSS","M","M","?","?","$","E"],"build_version":"2019-09-24","purchased_purges":1,"victory":false,"max_hp_per_floor":[71,71,76,76,76,76,76,76,76,76,76,76,76,69,69,69,69,69,69,69,69,69,69],"card_choices":[{"not_picked":["Go for the Eyes","Leap"],"picked":"Scrape","floor":1},{"not_picked":["Go for the Eyes","Sweeping Beam","Hello World"],"picked":"SKIP","floor":7},{"not_picked":["Go for the Eyes","Sweeping Beam","Hello World"],"picked":"SKIP","floor":7},{"not_picked":["Auto Shields","Streamline"],"picked":"Beam Cell","floor":8},{"not_picked":["Redo","Beam Cell"],"picked":"Electrodynamics","floor":11},{"not_picked":["Darkness","Leap"],"picked":"Loop","floor":12},{"not_picked":["Leap","Beam Cell+1"],"picked":"Turbo","floor":18},{"not_picked":["Coolheaded","Blizzard"],"picked":"Recycle","floor":19}],"player_experience":991494,"relics_obtained":[{"floor":8,"key":"Darkstone Periapt"},{"floor":9,"key":"Pantograph"}],"event_choices":[{"damage_healed":0,"gold_gain":0,"cards_transformed":["Strike_B"],"player_choice":"Change","damage_taken":0,"max_hp_gain":0,"max_hp_loss":0,"event_name":"Living Wall","floor":2,"gold_loss":0,"cards_obtained":["FTL"]},{"damage_healed":0,"gold_gain":0,"player_choice":"Donut","damage_taken":0,"max_hp_gain":5,"max_hp_loss":0,"event_name":"Big Fish","floor":3,"gold_loss":0},{"damage_healed":0,"gold_gain":0,"player_choice":"Success","damage_taken":18,"relics_obtained":["MawBank"],"max_hp_gain":0,"max_hp_loss":0,"event_name":"Scrap Ooze","floor":5,"gold_loss":0},{"damage_healed":0,"gold_gain":0,"player_choice":"Lose Max HP","damage_taken":0,"relics_obtained":["Golden Idol"],"max_hp_gain":0,"max_hp_loss":7,"event_name":"Golden Idol","floor":14,"gold_loss":0},{"damage_healed":0,"gold_gain":0,"player_choice":"Gave Idol","damage_taken":0,"relics_obtained":["Bloody Idol"],"max_hp_gain":0,"max_hp_loss":0,"event_name":"Forgotten Altar","floor":20,"relics_lost":["Golden Idol"],"gold_loss":0},{"damage_healed":0,"gold_gain":0,"player_choice":"Obtained Relic","damage_taken":0,"relics_obtained":["Gremlin Horn"],"max_hp_gain":0,"max_hp_loss":0,"event_name":"Addict","floor":21,"gold_loss":85}],"is_beta":true,"boss_relics":[{"not_picked":["Sozu","Fusion Hammer"],"picked":"Runic Dome"}],"items_purged_floors":[22],"is_endless":false,"potions_floor_spawned":[1,7,11,16],"killed_by":"Book of Stabbing","ascension_level":20}