{"path_per_floor":["M","?","T","M","?","R","M","R","T","R","M","E","M","?","R","B",null,"M","?","M","M","?","R","E","M","T","M","R","$","?","?","R","B",null,"M","?","?","$","M","R","E","R","T","?","?","M","M","E","R","B"],"character_chosen":"IRONCLAD","items_purchased":["Limit Break"],"gold_per_floor":[114,114,114,129,129,129,148,148,148,148,164,191,208,158,158,261,261,276,201,219,234,149,149,177,188,214,233,233,17,17,17,17,113,113,128,0,55,55,74,74,101,101,179,179,179,194,210,238,238,238],"floor_reached":51,"campfire_rested":3,"playtime":1871,"current_hp_per_floor":[46,30,30,35,17,41,47,47,47,47,46,33,42,42,66,21,80,78,78,74,77,77,77,55,57,57,69,69,69,69,90,90,84,90,90,90,59,59,71,71,76,76,82,82,70,79,79,56,84,31],"items_purged":["Strike_R"],"gold":238,"score":675,"play_id":"51bed0e2-b4c9-408a-b631-7dedb2bc8a4f","is_prod":false,"is_daily":false,"is_ascension_mode":true,"campfire_upgraded":7,"path_taken":["M","?","?","?","?","R","M","R","T","R","M","E","M","?","R","BOSS","M","?","?","M","?","R","E","?","T","M","R","?","?","?","R","BOSS","M","?","?","$","M","R","E","R","T","?","?","?","M","E","R","BOSS"],"build_version":"2018-02-15-PROD1","purchased_purges":1,"victory":true,"master_deck":["Strike_R","Strike_R+1","Defend_R","Defend_R","Defend_R+1","Bash","True Grit+1","Sword Boomerang+1","Flex+1","Flex","Feel No Pain","Seeing Red+1","Demon Form","Thunderclap","Whirlwind+1","Spot Weakness+1","Iron Wave+1","Limit Break+1","Limit Break+1","Iron Wave+1","Inflame+1","Heavy Blade+1","Regret","Madness","Madness","Armaments+1","Whirlwind+1"],"max_hp_per_floor":[80,80,80,80,80,80,80,80,80,80,80,80,80,80,80,80,80,80,80,80,80,80,80,90,90,90,90,90,90,90,90,90,90,90,90,90,90,90,90,90,90,90,96,96,96,96,96,96,96,96],"relics":["Burning Blood","Ginger","Darkstone Periapt","War Paint","Thread and Needle","Magic Flower","Sozu","Blood Vial","Pear","Prayer Wheel","Cursed Key","Red Mask","Shovel","Charon\u0027s Ashes","Mummified Hand","Bag of Marbles"],"card_choices":[{"not_picked":["Perfected Strike","Dual Wield"],"picked":"True Grit"},{"not_picked":["Cleave","Pommel Strike"],"picked":"Sword Boomerang"},{"not_picked":["Thunderclap","Clash"],"picked":"Flex"},{"not_picked":["Twin Strike","Dual Wield"],"picked":"Flex"},{"not_picked":["Flex","True Grit"],"picked":"Feel No Pain"},{"not_picked":["Battle Trance","Cleave"],"picked":"Seeing Red"},{"not_picked":["Impervious","Limit Break"],"picked":"Demon Form"},{"not_picked":["Iron Wave","Combust"],"picked":"Thunderclap"},{"not_picked":["True Grit","Feel No Pain"],"picked":"Whirlwind"},{"not_picked":["Seeing Red","Thunderclap"],"picked":"Spot Weakness"},{"not_picked":["Rage","Twin Strike"],"picked":"Iron Wave"},{"not_picked":["Berserk","Fiend Fire"],"picked":"Limit Break"},{"not_picked":["Second Wind","Burning Pact"],"picked":"Iron Wave"},{"not_picked":["Warcry","Infernal Blade"],"picked":"Inflame"},{"not_picked":["Perfected Strike","Cleave"],"picked":"Heavy Blade"},{"not_picked":["Shrug It Off","Heavy Blade"],"picked":"Armaments"},{"not_picked":["Searing Blow","Armaments"],"picked":"Whirlwind"}],"player_experience":175170,"potions_floor_usage":[16],"damage_taken":[{"damage":0,"enemies":"Small Slimes","floor":1,"turns":3},{"damage":1,"enemies":"Jaw Worm","floor":4,"turns":4},{"damage":0,"enemies":"Cultist","floor":7,"turns":4},{"damage":7,"enemies":"Exordium Thugs","floor":11,"turns":3},{"damage":19,"enemies":"Gremlin Nob","floor":12,"turns":4},{"damage":0,"enemies":"Large Slime","floor":13,"turns":5},{"damage":54,"enemies":"Slime Boss","floor":16,"turns":16},{"damage":11,"enemies":"3 Byrds","floor":18,"turns":6},{"damage":13,"enemies":"Shell Parasite","floor":20,"turns":4},{"damage":6,"enemies":"Centurion and Healer","floor":21,"turns":5},{"damage":44,"enemies":"Slavers","floor":24,"turns":4},{"damage":10,"enemies":"Slaver and Parasite","floor":25,"turns":4},{"damage":0,"enemies":"Snake Plant","floor":27,"turns":3},{"damage":15,"enemies":"Champ","floor":33,"turns":7},{"damage":0,"enemies":"3 Darklings","floor":35,"turns":1},{"damage":40,"enemies":"Mysterious Sphere","floor":37,"turns":5},{"damage":0,"enemies":"3 Shapes","floor":39,"turns":2},{"damage":7,"enemies":"Giant Head","floor":41,"turns":6},{"damage":3,"enemies":"Sphere and 2 Shapes","floor":46,"turns":3},{"damage":12,"enemies":"4 Shapes","floor":47,"turns":5},{"damage":35,"enemies":"Nemesis","floor":48,"turns":6},{"damage":65,"enemies":"Time Eater","floor":50,"turns":8}],"event_choices":[{"event_name":"Shining Light","player_choice":"Entered Light","floor":2,"damage_taken":0},{"event_name":"Scrap Ooze","player_choice":"success","floor":5,"damage_taken":18},{"event_name":"The Cleric","player_choice":"Card Removal","floor":14,"damage_taken":0},{"event_name":"Beggar","player_choice":"Gave Gold","floor":19,"damage_taken":0},{"event_name":"Addict","player_choice":"Obtained Relic","floor":22,"damage_taken":0},{"event_name":"Vampires","player_choice":"Ignored","floor":30,"damage_taken":0},{"event_name":"Wheel of Change","player_choice":"Full Heal","floor":31,"damage_taken":0},{"event_name":"Tomb of Lord Red Mask","player_choice":"Paid","floor":36,"damage_taken":0},{"event_name":"Mysterious Sphere","player_choice":"Fight","floor":37,"damage_taken":0},{"event_name":"Winding Halls","player_choice":"Embrace Madness","floor":45,"damage_taken":0}],"boss_relics":[{"not_picked":["Eternal Feather","Astrolabe"],"picked":"Sozu"},{"not_picked":["Calling Bell","Tiny House"],"picked":"Cursed Key"}],"potions_floor_spawned":[4,11,13,21,24,25,46,48],"seed_played":"1257460861058397842","ascension_level":1,"is_trial":false}