{"gold_per_floor":[110,110,129,142,14,41,56,56,110,142,142,161,188,281,281,382,382,392,3,3,21,21,21,21,21],"floor_reached":25,"playtime":1214,"items_purged":["Strike_G","Strike_G"],"score":230,"play_id":"c02beb35-63bf-46ad-8765-9974f2fe992d","local_time":"20191004154934","is_ascension_mode":true,"campfire_choices":[{"data":"Backflip","floor":8,"key":"SMITH"},{"floor":11,"key":"REST"},{"floor":15,"key":"REST"},{"data":"Accuracy","floor":23,"key":"SMITH"}],"neow_cost":"NONE","seed_source_timestamp":667910759241800,"circlet_count":0,"master_deck":["Strike_G","Strike_G","Defend_G","Defend_G","Defend_G","Defend_G","Survivor","Neutralize","Backflip+1","Infinite Blades","Accuracy+1","Blade Dance","Backstab","Die Die Die","Backflip","Finisher","A Thousand Cuts","Blade Dance","Choke"],"relics":["Ring of the Snake","NeowsBlessing","Blue Candle","Boot","Regal Pillow","Matryoshka","Tiny Chest","Black Star","Nunchaku"],"potions_floor_usage":[10,10,13,16,25],"damage_taken":[{"damage":0,"enemies":"Jaw Worm","floor":1,"turns":1},{"damage":0,"enemies":"Small Slimes","floor":3,"turns":1},{"damage":0,"enemies":"Cultist","floor":4,"turns":1},{"damage":27,"enemies":"Gremlin Nob","floor":6,"turns":5},{"damage":9,"enemies":"Looter","floor":7,"turns":4},{"damage":17,"enemies":"Lagavulin","floor":10,"turns":6},{"damage":0,"enemies":"2 Fungi Beasts","floor":12,"turns":1},{"damage":12,"enemies":"Gremlin Nob","floor":13,"turns":3},{"damage":17,"enemies":"Lagavulin Event","floor":14,"turns":6},{"damage":42,"enemies":"Slime Boss","floor":16,"turns":11},{"damage":10,"enemies":"Chosen","floor":18,"turns":5},{"damage":23,"enemies":"3 Byrds","floor":21,"turns":4},{"damage":38,"enemies":"Book of Stabbing","floor":25,"turns":4}],"seed_played":"1229554920554095571","potions_obtained":[{"floor":3,"key":"Strength Potion"},{"floor":4,"key":"Energy Potion"},{"floor":6,"key":"GhostInAJar"},{"floor":12,"key":"SteroidPotion"},{"floor":21,"key":"SpeedPotion"}],"is_trial":false,"path_per_floor":["M","?","M","M","$","E","M","R","T","E","R","M","E","?","R","B",null,"M","$","?","M","?","R","?","E"],"character_chosen":"THE_SILENT","items_purchased":["Blade Dance","Nunchaku"],"campfire_rested":2,"item_purchase_floors":[5,19],"current_hp_per_floor":[70,70,70,70,70,43,34,34,34,17,53,53,41,24,60,18,70,60,60,60,37,37,37,37,0],"gold":21,"neow_bonus":"THREE_ENEMY_KILL","is_prod":false,"is_daily":false,"chose_seed":false,"campfire_upgraded":2,"win_rate":0,"timestamp":1570196974,"path_taken":["M","?","M","M","$","E","M","R","T","E","R","M","E","?","R","BOSS","M","$","?","?","?","R","?","E"],"build_version":"2019-07-17","purchased_purges":2,"victory":false,"max_hp_per_floor":[70,70,70,70,70,70,70,70,70,70,70,70,70,70,70,70,70,70,70,70,70,70,70,70,70],"card_choices":[{"not_picked":["Acrobatics","Deflect"],"picked":"Backflip","floor":1},{"not_picked":["Escape Plan","Dodge and Roll"],"picked":"Infinite Blades","floor":3},{"not_picked":["Cloak And Dagger","Sucker Punch"],"picked":"Accuracy","floor":4},{"not_picked":["Underhanded Strike","Tactician","Riddle With Holes"],"picked":"SKIP","floor":6},{"not_picked":["Riddle With Holes","Slice"],"picked":"Backstab","floor":7},{"not_picked":["Well Laid Plans","Dagger Spray"],"picked":"Die Die Die","floor":10},{"not_picked":["Heel Hook","PiercingWail"],"picked":"Backflip","floor":12},{"not_picked":["Catalyst","All Out Attack"],"picked":"Finisher","floor":13},{"not_picked":["Burst","Die Die Die"],"picked":"A Thousand Cuts","floor":16},{"not_picked":["Reflex+1","Escape Plan"],"picked":"Blade Dance","floor":18},{"not_picked":["PiercingWail","Dagger Throw","All Out Attack+1"],"picked":"SKIP","floor":21}],"player_experience":167938,"relics_obtained":[{"floor":6,"key":"Blue Candle"},{"floor":9,"key":"Boot"},{"floor":10,"key":"Regal Pillow"},{"floor":13,"key":"Matryoshka"},{"floor":14,"key":"Tiny Chest"}],"event_choices":[{"damage_healed":0,"gold_gain":0,"player_choice":"Ignored","damage_taken":0,"max_hp_gain":0,"max_hp_loss":0,"event_name":"Shining Light","floor":2,"gold_loss":0},{"damage_healed":0,"gold_gain":0,"player_choice":"Searched \u00272\u0027 times","damage_taken":0,"max_hp_gain":0,"max_hp_loss":0,"event_name":"Dead Adventurer","floor":14,"gold_loss":0},{"damage_healed":0,"gold_gain":0,"cards_transformed":["Defend_G"],"player_choice":"Transformed","damage_taken":0,"max_hp_gain":0,"max_hp_loss":0,"event_name":"Transmorgrifier","floor":20,"gold_loss":0,"cards_obtained":["Choke"]},{"cards_removed":["Strike_G"],"damage_healed":0,"gold_gain":0,"player_choice":"Elegance","damage_taken":0,"max_hp_gain":0,"max_hp_loss":0,"event_name":"Back to Basics","floor":22,"gold_loss":0},{"damage_healed":0,"gold_gain":0,"player_choice":"Ignored","damage_taken":0,"max_hp_gain":0,"max_hp_loss":0,"event_name":"Ghosts","floor":24,"gold_loss":0}],"is_beta":false,"boss_relics":[{"not_picked":["Ring of the Serpent","Pandora\u0027s Box"],"picked":"Black Star"}],"items_purged_floors":[5,19],"is_endless":false,"potions_floor_spawned":[3,4,6,12,21],"killed_by":"Book of Stabbing","ascension_level":1}