{"path_per_floor":["M","?","?","M","M","R","M","R","T","E","M","?","R","?","R","B",null,"M","M","$","M","M","R","?","M","T","?"],"character_chosen":"THE_SILENT","items_purchased":["Envenom","Meat on the Bone"],"gold_per_floor":[119,119,119,134,152,152,170,170,170,210,225,225,225,301,301,430,460,483,506,35,48,61,61,61,84,84,84],"floor_reached":28,"campfire_rested":3,"playtime":1683,"current_hp_per_floor":[62,55,38,29,19,40,35,56,56,50,41,70,70,57,57,43,63,46,42,42,26,23,44,44,21,21,21],"items_purged":["Injury"],"gold":84,"score":312,"play_id":"d050c966-7b6a-4cac-a2dc-eae9de9b93c9","is_prod":false,"is_daily":false,"is_ascension_mode":true,"campfire_upgraded":2,"path_taken":["M","?","?","M","M","R","M","R","T","E","M","?","R","?","R","BOSS","M","M","$","M","M","R","?","?","T","?","E"],"build_version":"2018-02-08-PROD1","purchased_purges":1,"victory":false,"master_deck":["Survivor","Neutralize","Cloak And Dagger","Flying Knee","Setup","PiercingWail","Expertise","Bane","Infinite Blades","Quick Slash","Bouncing Flask","Caltrops","Prepared+1","Reflex+1","Prepared","Prepared","Backflip","Tactician","Parasite","Parasite","Accuracy","Envenom","Catalyst","Prepared+1"],"max_hp_per_floor":[70,70,70,70,70,70,70,70,70,70,70,70,70,70,70,70,70,70,70,70,70,70,70,70,70,70,70],"relics":["Pandora\u0027s Box","Happy Flower","Golden Idol","Bird Faced Urn","Art of War","Orichalcum","Calling Bell","Tingsha","Lantern","Tiny Chest","Meat on the Bone","Shovel"],"card_choices":[{"not_picked":["Setup","PiercingWail"],"picked":"Caltrops"},{"not_picked":["Slice","Underhanded Strike"],"picked":"Prepared"},{"not_picked":["Bouncing Flask","Quick Slash"],"picked":"Reflex"},{"not_picked":["Acrobatics","Underhanded Strike"],"picked":"Prepared"},{"not_picked":["Night Terror","Choke"],"picked":"Prepared"},{"not_picked":["PiercingWail","Finisher"],"picked":"Backflip"},{"not_picked":["Doppelganger","Adrenaline"],"picked":"Tactician"},{"not_picked":["Heel Hook","Underhanded Strike"],"picked":"Accuracy"},{"not_picked":["Leg Sweep","Malaise"],"picked":"Catalyst"},{"not_picked":["Acrobatics","Dodge and Roll"],"picked":"Prepared"}],"player_experience":147630,"potions_floor_usage":[10,10,16,19,28,28],"damage_taken":[{"damage":1,"enemies":"2 Louse","floor":1,"turns":3},{"damage":9,"enemies":"Jaw Worm","floor":4,"turns":2},{"damage":10,"enemies":"Small Slimes","floor":5,"turns":3},{"damage":5,"enemies":"Looter","floor":7,"turns":3},{"damage":8,"enemies":"Lagavulin","floor":10,"turns":5},{"damage":13,"enemies":"2 Fungi Beasts","floor":11,"turns":4},{"damage":15,"enemies":"Lagavulin Event","floor":14,"turns":5},{"damage":33,"enemies":"Hexaghost","floor":16,"turns":7},{"damage":21,"enemies":"Spheric Guardian","floor":18,"turns":4},{"damage":10,"enemies":"Chosen","floor":19,"turns":5},{"damage":34,"enemies":"Snecko","floor":21,"turns":6},{"damage":19,"enemies":"Snake Plant","floor":22,"turns":4},{"damage":41,"enemies":"Slaver and Parasite","floor":25,"turns":6},{"damage":24,"enemies":"Gremlin Leader","floor":28,"turns":4}],"event_choices":[{"event_name":"Scrap Ooze","player_choice":"success","floor":2,"damage_taken":7},{"event_name":"Golden Idol","player_choice":"Take Damage","floor":3,"damage_taken":0},{"event_name":"Bonfire Elementals","player_choice":"UNCOMMON","floor":12,"damage_taken":0},{"event_name":"Dead Adventurer","player_choice":"Searched \u00273\u0027 times","floor":14,"damage_taken":0},{"event_name":"Vampires","player_choice":"Ignored","floor":24,"damage_taken":0},{"event_name":"Drug Dealer","player_choice":"Ignored","floor":27,"damage_taken":0}],"boss_relics":[{"not_picked":["Question Card","Runic Dome"],"picked":"Calling Bell"}],"potions_floor_spawned":[1,4,5,16,18,22,25],"seed_played":"-6952661809006135506","killed_by":"Gremlin Leader","ascension_level":6,"is_trial":false}