{"gold_per_floor":[109,109,119,119,194,194,214,248,298,317,317,334,10,24,24,24],"floor_reached":16,"playtime":1411,"items_purged":[],"score":102,"play_id":"50fd77ec-077c-42e2-a6fc-5e7bb299dcea","local_time":"20180630150608","is_ascension_mode":false,"campfire_choices":[{"data":"Leg Sweep","floor":6,"key":"SMITH"},{"floor":11,"key":"REST"},{"data":"Finisher","floor":15,"key":"SMITH"}],"neow_cost":"","seed_source_timestamp":0,"circlet_count":0,"master_deck":["Defend_G","Defend_G","Defend_G","Defend_G","Strike_G","Strike_G","Strike_G","Strike_G","Strike_G","Survivor","Neutralize","Wraith Form v2+1","Quick Slash","Leg Sweep+1","Deadly Poison","Blur","Finisher+1","Finisher","Underhanded Strike","Outmaneuver","Dodge and Roll"],"special_seed":0,"relics":["Ring of the Snake","Bag of Marbles","Ancient Tea Set","Bottled Flame"],"potions_floor_usage":[16,16,16],"damage_taken":[{"damage":0,"enemies":"2 Louse","floor":1,"turns":4},{"damage":3,"enemies":"Jaw Worm","floor":3,"turns":5},{"damage":0,"enemies":"Cultist","floor":7,"turns":5},{"damage":19,"enemies":"Lagavulin","floor":8,"turns":8},{"damage":1,"enemies":"Blue Slaver","floor":10,"turns":5},{"damage":2,"enemies":"Large Slime","floor":12,"turns":7},{"damage":2,"enemies":"Looter","floor":14,"turns":2},{"damage":48,"enemies":"The Guardian","floor":16,"turns":12}],"seed_played":"641615228433245644","potions_obtained":[{"floor":3,"key":"LiquidBronze"},{"floor":7,"key":"PowerPotion"},{"floor":10,"key":"Dexterity Potion"}],"is_trial":false,"path_per_floor":["M","?","M","?","?","R","M","E","T","M","R","M","$","M","R"],"character_chosen":"THE_SILENT","items_purchased":["Bottled Flame","Underhanded Strike","Outmaneuver"],"campfire_rested":1,"item_purchase_floors":[13,13,13],"current_hp_per_floor":[70,63,60,60,49,49,49,30,30,29,50,48,48,46,46,0],"gold":24,"neow_bonus":"","is_prod":false,"is_daily":false,"chose_seed":false,"campfire_upgraded":2,"win_rate":0.0,"timestamp":1530360368,"path_taken":["M","?","M","?","?","R","?","E","T","M","R","M","$","M","R","BOSS"],"build_version":"2018-06-28","purchased_purges":0,"victory":false,"max_hp_per_floor":[70,70,70,70,70,70,70,70,70,70,70,70,70,70,70,70],"card_choices":[{"not_picked":["Deflect","Outmaneuver"],"picked":"Quick Slash","floor":1},{"not_picked":["Flying Knee","Acrobatics"],"picked":"Leg Sweep","floor":3},{"not_picked":["Deflect","Bane"],"picked":"Deadly Poison","floor":7},{"not_picked":["Escape Plan","Distraction"],"picked":"Blur","floor":8},{"not_picked":["Deflect","Outmaneuver"],"picked":"Finisher","floor":10},{"not_picked":["Poisoned Stab","Outmaneuver"],"picked":"Finisher","floor":12},{"not_picked":["Sucker Punch","All Out Attack"],"picked":"Dodge and Roll","floor":14}],"player_experience":14838,"relics_obtained":[{"floor":8,"key":"Bag of Marbles"},{"floor":9,"key":"Ancient Tea Set"}],"event_choices":[{"event_name":"Golden Wing","player_choice":"Card Removal","floor":2,"damage_taken":0},{"event_name":"Living Wall","player_choice":"Grow","floor":4,"damage_taken":0},{"event_name":"World of Goop","player_choice":"Gather Gold","floor":5,"damage_taken":0}],"boss_relics":[],"items_purged_floors":[],"is_endless":false,"potions_floor_spawned":[3,7,10,12,14],"killed_by":"The Guardian","ascension_level":0}