{"gold_per_floor":[11,24,24,24,24,56,56,81,81,81,98,62,81,114,114,211,211,230,0,19,30,42,42,42,57,81,81,81,81,41,56,56,56],"floor_reached":33,"playtime":1910,"items_purged":[],"score":317,"play_id":"230578ee-3ae7-41a2-9f0a-8d5c5d7ccc9c","local_time":"20191011085414","is_ascension_mode":true,"campfire_choices":[{"floor":7,"key":"REST"},{"floor":10,"key":"REST"},{"floor":15,"key":"REST"},{"floor":23,"key":"REST"},{"floor":27,"key":"REST"},{"floor":29,"key":"REST"},{"data":"Accuracy","floor":32,"key":"SMITH"}],"neow_cost":"NO_GOLD","seed_source_timestamp":2875777341000,"circlet_count":0,"master_deck":["Defend_G","Defend_G","Defend_G","Defend_G","Defend_G","Survivor","Neutralize","Concentrate","Blade Dance+1","Blade Dance","Accuracy+1","Underhanded Strike+1","Unload+1","Footwork","Dodge and Roll+1","Choke+1","Unload+1","Bite+1","Bite+1","Bite+1","Bite+1","Bite+1","Finisher+1","Well Laid Plans+1"],"relics":["Ring of the Snake","Pocketwatch","Ancient Tea Set","Molten Egg 2","Matryoshka","Bronze Scales","Black Star","Sling","Anchor","Boot"],"potions_floor_usage":[6,6,11,16,22,25,33,33],"damage_taken":[{"damage":0,"enemies":"Jaw Worm","floor":1,"turns":6},{"damage":4,"enemies":"Small Slimes","floor":2,"turns":5},{"damage":30,"enemies":"Lagavulin","floor":6,"turns":8},{"damage":30,"enemies":"3 Sentries","floor":8,"turns":8},{"damage":1,"enemies":"2 Louse","floor":11,"turns":3},{"damage":8,"enemies":"Blue Slaver","floor":13,"turns":4},{"damage":29,"enemies":"Gremlin Nob","floor":14,"turns":5},{"damage":5,"enemies":"Hexaghost","floor":16,"turns":9},{"damage":18,"enemies":"Chosen","floor":18,"turns":4},{"damage":21,"enemies":"Shell Parasite","floor":20,"turns":6},{"damage":23,"enemies":"Snecko","floor":21,"turns":6},{"damage":17,"enemies":"Snake Plant","floor":22,"turns":4},{"damage":35,"enemies":"Shelled Parasite and Fungi","floor":25,"turns":6},{"damage":5,"enemies":"Cultist and Chosen","floor":31,"turns":5},{"damage":80,"enemies":"Collector","floor":33,"turns":11}],"seed_played":"-4197780420978373043","potions_obtained":[{"floor":1,"key":"Block Potion"},{"floor":2,"key":"GamblersBrew"},{"floor":8,"key":"Fruit Juice"},{"floor":14,"key":"Explosive Potion"},{"floor":16,"key":"EssenceOfSteel"},{"floor":18,"key":"FearPotion"},{"floor":21,"key":"GamblersBrew"},{"floor":22,"key":"Swift Potion"},{"floor":31,"key":"GhostInAJar"}],"is_trial":false,"path_per_floor":["M","M","?","?","?","E","R","E","T","R","M","$","M","E","R","B",null,"M","$","M","M","M","R","?","M","T","R","?","R","$","M","R","B"],"character_chosen":"THE_SILENT","items_purchased":["Accuracy","Footwork","Sling","Finisher+1"],"campfire_rested":6,"item_purchase_floors":[12,19,19,30],"current_hp_per_floor":[84,80,80,80,55,25,50,20,20,45,49,49,41,12,38,33,89,71,71,50,27,10,36,36,13,13,31,31,49,49,62,62,0],"gold":56,"neow_bonus":"TWENTY_PERCENT_HP_BONUS","is_prod":false,"is_daily":false,"chose_seed":false,"campfire_upgraded":1,"win_rate":0,"timestamp":1570776854,"path_taken":["M","M","?","?","?","E","R","E","T","R","M","$","M","E","R","BOSS","M","$","M","M","M","R","?","M","T","R","?","R","$","M","R","BOSS"],"build_version":"2019-07-17","purchased_purges":0,"victory":false,"max_hp_per_floor":[84,84,84,84,84,84,84,84,84,84,89,89,89,89,89,89,89,89,89,89,89,89,89,62,62,62,62,62,62,62,62,62,62],"card_choices":[{"not_picked":["Skewer","Predator"],"picked":"Concentrate","floor":1},{"not_picked":["Acrobatics","Finisher"],"picked":"Blade Dance","floor":2},{"not_picked":["Tactician","Masterful Stab"],"picked":"Blade Dance","floor":6},{"not_picked":["Die Die Die","Quick Slash","Outmaneuver"],"picked":"SKIP","floor":8},{"not_picked":["Outmaneuver","Underhanded Strike+1","Calculated Gamble"],"picked":"SKIP","floor":11},{"not_picked":["Flying Knee+1","Bane+1","Dagger Spray+1"],"picked":"SKIP","floor":13},{"not_picked":["Bouncing Flask","Riddle With Holes+1"],"picked":"Underhanded Strike+1","floor":14},{"not_picked":["Phantasmal Killer","Envenom"],"picked":"Unload+1","floor":16},{"not_picked":["Outmaneuver","Reflex","Bane+1"],"picked":"SKIP","floor":18},{"not_picked":["Backflip","Outmaneuver"],"picked":"Dodge and Roll+1","floor":20},{"not_picked":["Sucker Punch+1","Deflect"],"picked":"Choke+1","floor":21},{"not_picked":["Dagger Throw+1","Sucker Punch+1"],"picked":"Unload+1","floor":22},{"not_picked":["Dagger Throw+1","Flechettes+1","Underhanded Strike+1"],"picked":"SKIP","floor":25},{"not_picked":["Flechettes+1","Quick Slash+1"],"picked":"Well Laid Plans+1","floor":31}],"player_experience":291154,"relics_obtained":[{"floor":6,"key":"Ancient Tea Set"},{"floor":8,"key":"Molten Egg 2"},{"floor":9,"key":"Matryoshka"},{"floor":14,"key":"Bronze Scales"},{"floor":26,"key":"Anchor"},{"floor":26,"key":"Boot"}],"event_choices":[{"damage_healed":0,"gold_gain":0,"player_choice":"Grow","damage_taken":0,"max_hp_gain":0,"max_hp_loss":0,"event_name":"Living Wall","floor":3,"gold_loss":0,"cards_upgraded":["Blade Dance"]},{"damage_healed":0,"gold_gain":0,"player_choice":"Ignored","damage_taken":0,"max_hp_gain":0,"max_hp_loss":0,"event_name":"Liars Game","floor":4,"gold_loss":0},{"damage_healed":0,"gold_gain":0,"player_choice":"Success","damage_taken":25,"relics_obtained":["Pocketwatch"],"max_hp_gain":0,"max_hp_loss":0,"event_name":"Scrap Ooze","floor":5,"gold_loss":0},{"damage_healed":0,"gold_gain":0,"player_choice":"Became a vampire","damage_taken":0,"max_hp_gain":0,"max_hp_loss":27,"event_name":"Vampires","floor":24,"gold_loss":0,"cards_obtained":["Bite","Bite","Bite","Bite","Bite"]},{"damage_healed":0,"gold_gain":0,"player_choice":"Ignored","damage_taken":0,"max_hp_gain":0,"max_hp_loss":0,"event_name":"The Mausoleum","floor":28,"gold_loss":0}],"is_beta":false,"boss_relics":[{"not_picked":["Pandora\u0027s Box","Runic Dome"],"picked":"Black Star"}],"items_purged_floors":[],"is_endless":false,"potions_floor_spawned":[1,2,8,14,16,18,21,22,31],"killed_by":"Collector","ascension_level":2}