{"gold_per_floor":[215,235,247,257,269,296,63,63,117,144,144,144,109,182,182,282,332,345,345,373,389,408,408,426,426,505,505,430,464,564,564,564,564],"floor_reached":33,"playtime":1694,"items_purged":[],"score":417,"play_id":"a1eec001-3ff0-4fc1-bdc1-396f8425d443","local_time":"20190509231705","is_ascension_mode":true,"campfire_choices":[{"floor":8,"key":"REST"},{"floor":15,"key":"REST"},{"floor":23,"key":"REST"},{"floor":25,"key":"REST"},{"data":"Crippling Poison","floor":27,"key":"SMITH"},{"floor":32,"key":"REST"}],"neow_cost":"NONE","seed_source_timestamp":2508178993392442,"circlet_count":0,"master_deck":["Defend_G","Defend_G","Defend_G","Defend_G","Defend_G","Strike_G","Strike_G","Strike_G","Strike_G","Survivor","Neutralize","Deadly Poison","All Out Attack","Crippling Poison+1","Cloak And Dagger","Dagger Spray","Well Laid Plans+1","Backflip","Noxious Fumes","Corpse Explosion","Calculated Gamble","Riddle With Holes+1","Dagger Spray","Blade Dance","Dodge and Roll+1","PiercingWail+1","Leg Sweep"],"relics":["Ring of the Snake","Happy Flower","Membership Card","Strawberry","Matryoshka","Boot","Tiny House","Regal Pillow","Red Mask","Singing Bowl","Molten Egg 2","Frozen Egg 2","Unceasing Top","Pantograph","MutagenicStrength"],"potions_floor_usage":[6,10,20,30,30,33],"damage_taken":[{"damage":0,"enemies":"2 Louse","floor":1,"turns":2},{"damage":4,"enemies":"Small Slimes","floor":2,"turns":4},{"damage":0,"enemies":"Cultist","floor":3,"turns":3},{"damage":10,"enemies":"Gremlin Gang","floor":4,"turns":5},{"damage":1,"enemies":"3 Louse","floor":5,"turns":3},{"damage":26,"enemies":"Gremlin Nob","floor":6,"turns":4},{"damage":12,"enemies":"3 Sentries","floor":10,"turns":5},{"damage":54,"enemies":"Hexaghost","floor":16,"turns":11},{"damage":11,"enemies":"Chosen","floor":18,"turns":5},{"damage":8,"enemies":"Masked Bandits","floor":20,"turns":2},{"damage":0,"enemies":"3 Byrds","floor":21,"turns":4},{"damage":32,"enemies":"Sentry and Sphere","floor":22,"turns":4},{"damage":18,"enemies":"Snake Plant","floor":24,"turns":4},{"damage":15,"enemies":"Gremlin Leader","floor":29,"turns":6},{"damage":19,"enemies":"Colosseum Slavers","floor":30,"turns":2},{"damage":25,"enemies":"Colosseum Nobs","floor":30,"turns":4},{"damage":100,"enemies":"Collector","floor":33,"turns":9}],"seed_played":"5369298910544404779","potions_obtained":[{"floor":2,"key":"FearPotion"},{"floor":4,"key":"EssenceOfSteel"},{"floor":10,"key":"Ancient Potion"},{"floor":16,"key":"Ancient Potion"},{"floor":17,"key":"Weak Potion"},{"floor":22,"key":"Weak Potion"},{"floor":29,"key":"AttackPotion"},{"floor":30,"key":"Poison Potion"}],"is_trial":false,"path_per_floor":["M","M","M","M","M","E","$","R","T","E","?","?","?","?","R","B",null,"M","?","?","M","M","R","M","R","T","R","?","E","?","?","R","B"],"character_chosen":"THE_SILENT","items_purchased":["Membership Card","Backflip"],"campfire_rested":5,"item_purchase_floors":[7,7],"current_hp_per_floor":[63,59,59,49,48,22,22,43,50,38,38,20,39,39,62,8,65,54,54,46,46,14,53,35,74,74,74,74,61,17,17,57,0],"gold":564,"neow_bonus":"HUNDRED_GOLD","is_prod":false,"is_daily":false,"chose_seed":false,"campfire_upgraded":1,"win_rate":0,"timestamp":1557433025,"path_taken":["M","M","M","M","M","E","$","R","T","E","?","?","?","?","R","BOSS","M","?","?","M","M","R","M","R","T","R","?","E","?","?","R","BOSS"],"build_version":"2019-01-23","purchased_purges":0,"victory":false,"max_hp_per_floor":[70,70,70,70,70,70,70,70,77,77,77,77,77,77,77,77,82,82,82,82,82,82,82,82,82,82,82,82,84,84,84,84,84],"card_choices":[{"not_picked":["Bane","Dash"],"picked":"Deadly Poison","floor":1},{"not_picked":["Deflect","Infinite Blades"],"picked":"All Out Attack","floor":2},{"not_picked":["Catalyst","Dodge and Roll"],"picked":"Crippling Poison","floor":3},{"not_picked":["Well Laid Plans","Acrobatics"],"picked":"Cloak And Dagger","floor":4},{"not_picked":["Leg Sweep","Quick Slash"],"picked":"Dagger Spray","floor":5},{"not_picked":["Infinite Blades","Doppelganger"],"picked":"Well Laid Plans","floor":6},{"not_picked":["Cloak And Dagger","Infinite Blades"],"picked":"Noxious Fumes","floor":10},{"not_picked":["Unload","Storm of Steel"],"picked":"Corpse Explosion","floor":16},{"not_picked":["Outmaneuver","Dagger Spray"],"picked":"Calculated Gamble","floor":17},{"not_picked":["Deadly Poison","Predator"],"picked":"Riddle With Holes+1","floor":18},{"not_picked":["Bane","Eviscerate+1"],"picked":"Dagger Spray","floor":20},{"not_picked":["Masterful Stab+1","Sucker Punch"],"picked":"Blade Dance","floor":21},{"not_picked":["Dagger Throw","Sucker Punch"],"picked":"Dodge and Roll+1","floor":22},{"not_picked":["Sucker Punch+1","Well Laid Plans"],"picked":"PiercingWail+1","floor":24},{"not_picked":["Concentrate+1","Dodge and Roll+1","Quick Slash+1"],"picked":"Singing Bowl","floor":29},{"not_picked":["Infinite Blades+1","Deadly Poison+1"],"picked":"Leg Sweep","floor":30}],"player_experience":335307,"relics_obtained":[{"floor":6,"key":"Happy Flower"},{"floor":9,"key":"Strawberry"},{"floor":10,"key":"Matryoshka"},{"floor":20,"key":"Red Mask"},{"floor":26,"key":"Singing Bowl"},{"floor":26,"key":"Molten Egg 2"},{"floor":29,"key":"Frozen Egg 2"},{"floor":30,"key":"Unceasing Top"},{"floor":30,"key":"Pantograph"}],"event_choices":[{"damage_healed":0,"gold_gain":0,"player_choice":"Searched \u00270\u0027 times","damage_taken":0,"max_hp_gain":0,"max_hp_loss":0,"event_name":"Dead Adventurer","floor":11,"gold_loss":0},{"damage_healed":0,"gold_gain":0,"player_choice":"Success","damage_taken":18,"relics_obtained":["Boot"],"max_hp_gain":0,"max_hp_loss":0,"event_name":"Scrap Ooze","floor":12,"gold_loss":0},{"damage_healed":19,"gold_gain":0,"player_choice":"Healed","damage_taken":0,"max_hp_gain":0,"max_hp_loss":0,"event_name":"The Cleric","floor":13,"gold_loss":35},{"damage_healed":0,"gold_gain":73,"player_choice":"Gained Gold","damage_taken":0,"max_hp_gain":0,"max_hp_loss":0,"event_name":"Golden Wing","floor":14,"gold_loss":0},{"damage_healed":0,"gold_gain":0,"player_choice":"Opened","damage_taken":0,"relics_obtained":["Regal Pillow"],"max_hp_gain":0,"max_hp_loss":0,"event_name":"The Mausoleum","floor":19,"gold_loss":0},{"damage_healed":0,"gold_gain":0,"player_choice":"Fought Bandits","damage_taken":0,"max_hp_gain":0,"max_hp_loss":0,"event_name":"Masked Bandits","floor":20,"gold_loss":0},{"cards_removed":["Strike_G"],"damage_healed":0,"gold_gain":0,"player_choice":"Gave Gold","damage_taken":0,"max_hp_gain":0,"max_hp_loss":0,"event_name":"Beggar","floor":28,"gold_loss":75},{"damage_healed":0,"gold_gain":0,"player_choice":"Fight","damage_taken":0,"max_hp_gain":0,"max_hp_loss":0,"event_name":"Colosseum","floor":30,"gold_loss":0},{"damage_healed":0,"gold_gain":0,"player_choice":"Fought Nobs","damage_taken":0,"max_hp_gain":0,"max_hp_loss":0,"event_name":"Colosseum","floor":30,"gold_loss":0},{"damage_healed":0,"gold_gain":0,"player_choice":"Inject Mutagens","damage_taken":0,"relics_obtained":["MutagenicStrength"],"max_hp_gain":0,"max_hp_loss":0,"event_name":"Drug Dealer","floor":31,"gold_loss":0}],"is_beta":false,"boss_relics":[{"not_picked":["Runic Dome","Velvet Choker"],"picked":"Tiny House"}],"items_purged_floors":[],"is_endless":false,"potions_floor_spawned":[2,4,10,16,18,22,29,30,30],"killed_by":"Collector","ascension_level":8}