{"gold_per_floor":[117,132,132,2,2,2,30,30,56,76,1,31,31,31,31,105,105,119,169,195,31,31,31,48,80,80,80,80],"floor_reached":28,"playtime":659,"items_purged":["Strike_B"],"score":480,"play_id":"1b8d088b-5ba6-4f62-825e-82b1fa7058fa","local_time":"20191002160238","is_ascension_mode":true,"campfire_choices":[{"data":"Darkness","floor":6.0,"key":"SMITH"},{"data":"Barrage","floor":13.0,"key":"SMITH"},{"data":"Dualcast","floor":15.0,"key":"SMITH"},{"data":"Turbo","floor":23,"key":"SMITH"}],"neow_cost":"PERCENT_DAMAGE","seed_source_timestamp":863214461600146,"circlet_count":0,"master_deck":["AscendersBane","Defend_B","Defend_B","Defend_B","Defend_B","Zap","Dualcast+1","Barrage+1","Turbo+1","Darkness+1","Ball Lightning","Heatsinks","Compile Driver","Skim+1","Buffer","Skim","Hologram+1","Multi-Cast","Coolheaded+1","All For One"],"special_seed":0,"relics":["Cracked Core","Emotion Chip","Oddly Smooth Stone","Blood Vial","Shovel","Runic Dome","Red Mask","HornCleat","Molten Egg 2"],"potions_floor_usage":[25,25],"damage_taken":[{"damage":3.0,"enemies":"2 Louse","floor":1.0,"turns":3.0},{"damage":3.0,"enemies":"Small Slimes","floor":2.0,"turns":2.0},{"damage":5.0,"enemies":"Lagavulin","floor":7.0,"turns":5.0},{"damage":0.0,"enemies":"Jaw Worm","floor":10.0,"turns":3.0},{"damage":22.0,"enemies":"3 Sentries","floor":12.0,"turns":6.0},{"damage":2.0,"enemies":"Hexaghost","floor":16.0,"turns":6.0},{"damage":12,"enemies":"3 Byrds","floor":18,"turns":5},{"damage":34,"enemies":"Masked Bandits","floor":20,"turns":4},{"damage":2,"enemies":"Shell Parasite","floor":24,"turns":3},{"damage":15,"enemies":"Gremlin Leader","floor":25,"turns":7},{"damage":0,"enemies":"Slavers","floor":28,"turns":1}],"seed_played":"4213265203332981447","potions_obtained":[{"floor":1.0,"key":"FearPotion"},{"floor":2.0,"key":"GamblersBrew"},{"floor":20,"key":"DuplicationPotion"},{"floor":24,"key":"DuplicationPotion"}],"is_trial":false,"path_per_floor":["M","M","?","$","?","R","E","$","T","M","?","E","R","?","R","B",null,"M","?","?","$","?","R","M","E","T","?","E"],"character_chosen":"DEFECT","items_purchased":["Ball Lightning","Multi-Cast"],"campfire_rested":0,"item_purchase_floors":[4,21],"current_hp_per_floor":[43,40,40,40,33,33,28,28,28,30,30,10,10,10,10,10,56,46,46,14,14,14,14,14,1,1,1,3],"gold":80,"neow_bonus":"ONE_RARE_RELIC","is_prod":false,"is_daily":false,"chose_seed":false,"campfire_upgraded":4,"win_rate":0,"timestamp":1570003358,"path_taken":["M","M","?","$","?","R","E","?","T","?","?","E","R","?","R","BOSS","M","?","?","$","?","R","?","E","T","?","E"],"build_version":"2019-10-01","purchased_purges":1,"victory":false,"max_hp_per_floor":[71,71,71,71,71,71,71,71,71,71,71,71,71,71,71,71,71,71,71,71,71,71,71,71,71,71,71,71],"card_choices":[{"not_picked":["FTL","Go for the Eyes"],"picked":"Barrage","floor":1.0},{"not_picked":["Reprogram","Capacitor"],"picked":"Turbo","floor":2.0},{"not_picked":["Amplify","Hologram"],"picked":"Heatsinks","floor":7.0},{"not_picked":["Redo","Streamline"],"picked":"Compile Driver","floor":10.0},{"not_picked":["Heatsinks","Cold Snap"],"picked":"Skim","floor":12.0},{"not_picked":["Creative AI","Machine Learning"],"picked":"Buffer","floor":16.0},{"not_picked":["Barrage","FTL"],"picked":"Skim","floor":18},{"not_picked":["Cold Snap","Stack"],"picked":"Hologram+1","floor":20},{"not_picked":["Gash","BootSequence"],"picked":"Coolheaded+1","floor":24},{"not_picked":["Barrage","Turbo"],"picked":"All For One","floor":25}],"player_experience":1047028,"relics_obtained":[{"floor":7.0,"key":"Oddly Smooth Stone"},{"floor":9.0,"key":"Blood Vial"},{"floor":12.0,"key":"Shovel"},{"floor":20,"key":"Red Mask"},{"floor":25,"key":"HornCleat"},{"floor":26,"key":"Molten Egg 2"}],"event_choices":[{"damage_healed":0.0,"max_hp_gain":0.0,"max_hp_loss":0.0,"gold_gain":0.0,"cards_transformed":["Strike_B"],"event_name":"Living Wall","player_choice":"Change","floor":3.0,"gold_loss":0.0,"damage_taken":0.0,"cards_obtained":["Darkness"]},{"cards_removed":["Strike_B"],"damage_healed":0.0,"max_hp_gain":0.0,"max_hp_loss":0.0,"gold_gain":0.0,"event_name":"Golden Wing","player_choice":"Card Removal","floor":5.0,"gold_loss":0.0,"damage_taken":7.0},{"cards_removed":["Strike_B"],"damage_healed":0.0,"max_hp_gain":0.0,"max_hp_loss":0.0,"gold_gain":0.0,"event_name":"The Cleric","player_choice":"Card Removal","floor":11.0,"gold_loss":75.0,"damage_taken":0.0},{"damage_healed":0.0,"max_hp_gain":0.0,"max_hp_loss":0.0,"gold_gain":0.0,"event_name":"Liars Game","player_choice":"Ignored","floor":14.0,"gold_loss":0.0,"damage_taken":0.0},{"damage_healed":0,"gold_gain":50,"player_choice":"Stole From Cult","damage_taken":0,"max_hp_gain":0,"max_hp_loss":0,"event_name":"Nest","floor":19,"gold_loss":0},{"damage_healed":0,"gold_gain":0,"player_choice":"Fought Bandits","damage_taken":0,"max_hp_gain":0,"max_hp_loss":0,"event_name":"Masked Bandits","floor":20,"gold_loss":0},{"damage_healed":0,"gold_gain":0,"player_choice":"Forge","damage_taken":0,"max_hp_gain":0,"max_hp_loss":0,"event_name":"Accursed Blacksmith","floor":27,"gold_loss":0,"cards_upgraded":["Skim"]}],"is_beta":true,"boss_relics":[{"not_picked":["SlaversCollar","Pandora\u0027s Box"],"picked":"Runic Dome"}],"items_purged_floors":[4],"is_endless":false,"potions_floor_spawned":[1,2,7,20,24],"killed_by":"Slavers","ascension_level":20}