{"gold_per_floor":[365,290,308,308,64,84,84,84,84,100,100,25,36,54,54,152,152,171,171,171,181,195,195,206,221,247,261,281,281,281,206,206,304,304,324,324,324,335,133,133,144,144,144,175,175,1,17,30,30,30],"floor_reached":50,"playtime":2561,"items_purged":["Strike_G","Defend_G"],"score":463,"play_id":"56534327-612c-4dfa-82be-f251d9e1e259","local_time":"20190930133642","is_ascension_mode":false,"campfire_choices":[{"data":"Deadly Poison","floor":7,"key":"SMITH"},{"data":"Accuracy","floor":11,"key":"SMITH"},{"floor":15,"key":"REST"},{"data":"Accuracy","floor":23,"key":"SMITH"},{"floor":30,"key":"REST"},{"floor":32,"key":"REST"},{"data":"Cloak And Dagger","floor":40,"key":"SMITH"},{"data":"Cloak And Dagger","floor":42,"key":"SMITH"},{"floor":45,"key":"REST"},{"floor":49,"key":"REST"}],"neow_cost":"TEN_PERCENT_HP_LOSS","seed_source_timestamp":312989316392300,"circlet_count":0,"master_deck":["Strike_G","Strike_G+1","Defend_G","Defend_G","Defend_G","Survivor","Neutralize+1","Deadly Poison+1","Accuracy+1","Escape Plan","Deadly Poison","Poisoned Stab","Poisoned Stab","Blade Dance","Catalyst","Blade Dance","Cloak And Dagger+1","Accuracy+1","Deflect","Storm of Steel","Cloak And Dagger+1","Writhe","Bullet Time","Deadly Poison+1","Deflect","Deadly Poison","Footwork","Backflip+1"],"relics":["Ring of the Snake","Toolbox","Ninja Scroll","WristBlade","Smiling Mask","Ancient Tea Set","White Beast Statue","Anchor","Blue Candle","Whetstone"],"potions_floor_usage":[22,25,33,33,38,41,41,47,47,48,50,50],"damage_taken":[{"damage":0,"enemies":"Jaw Worm","floor":1,"turns":6},{"damage":7,"enemies":"2 Louse","floor":3,"turns":3},{"damage":0,"enemies":"Cultist","floor":6,"turns":3},{"damage":0,"enemies":"Blue Slaver","floor":10,"turns":2},{"damage":2,"enemies":"Looter","floor":13,"turns":3},{"damage":20,"enemies":"Exordium Thugs","floor":14,"turns":4},{"damage":20,"enemies":"The Guardian","floor":16,"turns":7},{"damage":3,"enemies":"Chosen","floor":18,"turns":3},{"damage":0,"enemies":"Spheric Guardian","floor":21,"turns":1},{"damage":1,"enemies":"Centurion and Healer","floor":22,"turns":3},{"damage":10,"enemies":"Snecko","floor":24,"turns":3},{"damage":0,"enemies":"Snake Plant","floor":25,"turns":1},{"damage":33,"enemies":"Shelled Parasite and Fungi","floor":27,"turns":6},{"damage":0,"enemies":"Snecko","floor":28,"turns":2},{"damage":31,"enemies":"Champ","floor":33,"turns":11},{"damage":11,"enemies":"3 Darklings","floor":35,"turns":3},{"damage":15,"enemies":"Orb Walker","floor":38,"turns":2},{"damage":1,"enemies":"Transient","floor":41,"turns":5},{"damage":23,"enemies":"3 Darklings","floor":44,"turns":5},{"damage":16,"enemies":"Maw","floor":47,"turns":5},{"damage":5,"enemies":"Jaw Worm Horde","floor":48,"turns":4},{"damage":41,"enemies":"Time Eater","floor":50,"turns":5}],"seed_played":"-1372698064524964118","potions_obtained":[{"floor":1,"key":"SteroidPotion"},{"floor":6,"key":"FearPotion"},{"floor":16,"key":"LiquidBronze"},{"floor":18,"key":"AttackPotion"},{"floor":24,"key":"FearPotion"},{"floor":27,"key":"Swift Potion"},{"floor":33,"key":"Fruit Juice"},{"floor":35,"key":"FearPotion"},{"floor":37,"key":"EssenceOfSteel"},{"floor":38,"key":"Explosive Potion"},{"floor":41,"key":"Swift Potion"},{"floor":44,"key":"SkillPotion"},{"floor":47,"key":"AttackPotion"},{"floor":48,"key":"GhostInAJar"}],"is_trial":false,"path_per_floor":["M","$","M","?","$","M","R","?","T","M","R","$","M","M","R","B",null,"M","?","?","M","M","R","M","M","T","M","M","?","R","?","R","B",null,"M","?","?","M","$","R","M","R","T","M","R","$","M","M","R","B"],"character_chosen":"THE_SILENT","items_purchased":["Accuracy","Deadly Poison","Toolbox","Anchor","Whetstone","Deadly Poison"],"campfire_rested":5,"item_purchase_floors":[2,5,5,39,46,46],"current_hp_per_floor":[63,63,56,56,56,56,56,56,56,56,56,56,54,34,52,32,63,60,60,60,60,59,59,49,49,49,16,16,16,34,34,52,21,63,52,52,52,42,42,42,41,41,41,18,38,38,22,17,37,0],"gold":30,"neow_bonus":"TWO_FIFTY_GOLD","is_prod":false,"is_daily":false,"chose_seed":false,"campfire_upgraded":5,"win_rate":0.0,"timestamp":1569843402,"path_taken":["M","$","M","?","$","M","R","?","T","M","R","$","?","M","R","BOSS","M","?","?","M","M","R","M","M","T","M","?","?","R","?","R","BOSS","M","?","?","M","$","R","M","R","T","M","R","$","M","M","R","BOSS"],"build_version":"2019-07-17","purchased_purges":2,"victory":false,"max_hp_per_floor":[63,63,63,63,63,63,63,63,63,63,63,63,63,63,63,63,63,63,63,63,63,63,63,63,63,63,63,63,63,63,63,63,63,63,63,63,63,68,68,68,68,68,68,68,68,68,68,68,68,68],"card_choices":[{"not_picked":["Infinite Blades","Blade Dance"],"picked":"Deadly Poison","floor":1},{"not_picked":["Expertise","Crippling Poison"],"picked":"Escape Plan","floor":3},{"not_picked":["Dodge and Roll","Slice"],"picked":"Poisoned Stab","floor":6},{"not_picked":["Dodge and Roll","Underhanded Strike"],"picked":"Poisoned Stab","floor":10},{"not_picked":["Tactician","Riddle With Holes"],"picked":"Blade Dance","floor":13},{"not_picked":["PiercingWail","Distraction"],"picked":"Catalyst","floor":14},{"not_picked":["Sucker Punch","Calculated Gamble"],"picked":"Blade Dance","floor":18},{"not_picked":["Well Laid Plans","Dash"],"picked":"Cloak And Dagger","floor":21},{"not_picked":["Crippling Poison+1","Dodge and Roll+1"],"picked":"Accuracy","floor":22},{"not_picked":["Quick Slash","Dagger Throw"],"picked":"Deflect","floor":24},{"not_picked":["Calculated Gamble+1","Well Laid Plans","Dodge and Roll+1"],"picked":"SKIP","floor":25},{"not_picked":["Flying Knee","Underhanded Strike"],"picked":"Storm of Steel","floor":27},{"not_picked":["Dagger Spray","Finisher"],"picked":"Cloak And Dagger","floor":28},{"not_picked":["Unload","Storm of Steel"],"picked":"Bullet Time","floor":33},{"not_picked":["Terror","Quick Slash"],"picked":"Deadly Poison+1","floor":35},{"not_picked":["Quick Slash","Deadly Poison+1"],"picked":"Deflect","floor":38},{"not_picked":["All Out Attack","Distraction+1","Sucker Punch"],"picked":"SKIP","floor":41},{"not_picked":["Bane+1","PiercingWail+1","Prepared+1"],"picked":"SKIP","floor":44},{"not_picked":["Accuracy","Endless Agony"],"picked":"Footwork","floor":47},{"not_picked":["Choke+1","After Image"],"picked":"Backflip+1","floor":48}],"player_experience":85259,"relics_obtained":[{"floor":9,"key":"Ninja Scroll"},{"floor":26,"key":"Smiling Mask"},{"floor":43,"key":"Blue Candle"}],"event_choices":[{"damage_healed":0,"gold_gain":0,"player_choice":"Ignored","damage_taken":0,"max_hp_gain":0,"max_hp_loss":0,"event_name":"Liars Game","floor":4,"gold_loss":0},{"cards_removed":["Strike_G"],"damage_healed":0,"gold_gain":0,"player_choice":"Offered Basic","damage_taken":0,"max_hp_gain":0,"max_hp_loss":0,"event_name":"Bonfire Elementals","floor":8,"gold_loss":0},{"damage_healed":0,"gold_gain":0,"player_choice":"Ignored","damage_taken":0,"max_hp_gain":0,"max_hp_loss":0,"event_name":"Ghosts","floor":19,"gold_loss":0},{"cards_removed":["Defend_G"],"damage_healed":0,"gold_gain":0,"player_choice":"Elegance","damage_taken":0,"max_hp_gain":0,"max_hp_loss":0,"event_name":"Back to Basics","floor":20,"gold_loss":0},{"damage_healed":0,"gold_gain":0,"player_choice":"Opened","damage_taken":0,"relics_obtained":["Ancient Tea Set"],"max_hp_gain":0,"max_hp_loss":0,"event_name":"The Mausoleum","floor":29,"gold_loss":0,"cards_obtained":["Writhe"]},{"cards_removed":["Strike_G"],"damage_healed":0,"gold_gain":0,"player_choice":"Gave Gold","damage_taken":0,"max_hp_gain":0,"max_hp_loss":0,"event_name":"Beggar","floor":31,"gold_loss":75},{"damage_healed":0,"gold_gain":0,"player_choice":"Ignored","damage_taken":0,"max_hp_gain":0,"max_hp_loss":0,"event_name":"Tomb of Lord Red Mask","floor":36,"gold_loss":0},{"damage_healed":0,"gold_gain":0,"player_choice":"Got Potions","damage_taken":0,"max_hp_gain":0,"max_hp_loss":0,"event_name":"Lab","floor":37,"gold_loss":0}],"is_beta":false,"boss_relics":[{"not_picked":["Ectoplasm","Ring of the Serpent"],"picked":"WristBlade"},{"not_picked":["HoveringKite","Orrery"],"picked":"White Beast Statue"}],"items_purged_floors":[12,39],"is_endless":false,"potions_floor_spawned":[1,6,16,18,24,27,33,35,38,41,44,47,48],"killed_by":"Time Eater","ascension_level":0}