{"gold_per_floor":[113,113,113,113,133,165,165,15,15,32,32,89,89,189,189,263,263,235,235,235,255,273,273,283,333,380,380,280,292,292,305,305,378,378,396,106,106,106],"floor_reached":38,"playtime":1090,"items_purged":["Strike_G","Strike_G","Bane"],"score":790,"play_id":"17927b58-081f-442e-8ff1-91e37f660062","local_time":"20190926223748","is_ascension_mode":true,"campfire_choices":[{"data":"Neutralize","floor":7.0,"key":"SMITH"},{"data":"Finisher","floor":11.0,"key":"SMITH"},{"data":"Well Laid Plans","floor":13.0,"key":"SMITH"},{"data":"Caltrops","floor":15.0,"key":"SMITH"},{"data":"Cloak And Dagger","floor":23.0,"key":"SMITH"},{"data":"Heel Hook","floor":27.0,"key":"SMITH"},{"data":"Calculated Gamble","floor":30.0,"key":"SMITH"},{"data":"Noxious Fumes","floor":32.0,"key":"SMITH"}],"neow_cost":"NONE","seed_source_timestamp":368215843010441,"circlet_count":0,"master_deck":["AscendersBane","Survivor","Neutralize+1","Backflip+1","Caltrops+1","Finisher+1","Well Laid Plans+1","Heel Hook+1","Cloak And Dagger+1","Calculated Gamble+1","Noxious Fumes+1","Die Die Die","Glass Knife","Grand Finale","Slice","Setup","Bane","Escape Plan+1","Backflip+1"],"special_seed":0,"relics":["Ring of the Snake","NeowsBlessing","HornCleat","Orichalcum","HoveringKite","Meat on the Bone","Pen Nib","Pandora\u0027s Box","Medical Kit"],"potions_floor_usage":[33,33],"damage_taken":[{"damage":0.0,"enemies":"2 Louse","floor":1.0,"turns":1.0},{"damage":0.0,"enemies":"Jaw Worm","floor":5.0,"turns":1.0},{"damage":0.0,"enemies":"3 Sentries","floor":6.0,"turns":1.0},{"damage":2.0,"enemies":"Small Slimes","floor":10.0,"turns":4.0},{"damage":10.0,"enemies":"3 Sentries","floor":12.0,"turns":10.0},{"damage":28.0,"enemies":"Hexaghost","floor":16.0,"turns":11.0},{"damage":16.0,"enemies":"2 Thieves","floor":18.0,"turns":4.0},{"damage":29.0,"enemies":"Spheric Guardian","floor":21.0,"turns":8.0},{"damage":9.0,"enemies":"Snake Plant","floor":22.0,"turns":5.0},{"damage":8.0,"enemies":"Shelled Parasite and Fungi","floor":24.0,"turns":5.0},{"damage":0.0,"enemies":"Centurion and Healer","floor":29.0,"turns":7.0},{"damage":8.0,"enemies":"Snake Plant","floor":31.0,"turns":4.0},{"damage":38,"enemies":"Champ","floor":33,"turns":8},{"damage":5,"enemies":"3 Darklings","floor":35,"turns":4},{"damage":0,"enemies":"Orb Walker","floor":38,"turns":1}],"seed_played":"-6081068292057107685","potions_obtained":[{"floor":1.0,"key":"Fire Potion"},{"floor":6.0,"key":"GamblersBrew"},{"floor":12.0,"key":"SteroidPotion"},{"floor":22.0,"key":"Strength Potion"},{"floor":31.0,"key":"SteroidPotion"},{"floor":33,"key":"Fire Potion"},{"floor":35,"key":"Fire Potion"}],"is_trial":false,"path_per_floor":["M","$","?","?","M","E","R","$","T","M","R","?","R","?","R","B",null,"M","T","?","M","M","R","M","?","T","R","$","M","R","M","R","B",null,"M","$","?","M"],"character_chosen":"THE_SILENT","items_purchased":["Well Laid Plans","Medical Kit"],"campfire_rested":0,"item_purchase_floors":[8,36],"current_hp_per_floor":[59,59,59,59,59,59,59,59,59,57,57,47,47,47,47,19,54,38,38,38,21,24,24,28,28,28,28,28,40,40,44,44,18,54,49,49,49,49],"gold":106,"neow_bonus":"THREE_ENEMY_KILL","is_prod":false,"is_daily":false,"chose_seed":false,"campfire_upgraded":8,"win_rate":0,"timestamp":1569508668,"path_taken":["M","$","?","?","M","E","R","$","T","M","R","?","R","?","R","BOSS","M","?","?","M","M","R","?","?","T","R","$","M","R","M","R","BOSS","M","$","?","M"],"build_version":"2019-09-25","purchased_purges":3,"victory":false,"max_hp_per_floor":[66,66,66,66,66,66,66,66,66,66,66,66,66,66,66,66,66,66,66,66,66,66,66,66,66,66,66,66,66,66,66,66,66,66,66,66,66,66],"card_choices":[{"not_picked":["Dodge and Roll","Prepared"],"picked":"Backflip","floor":1.0},{"not_picked":["Accuracy","Prepared","Leg Sweep"],"picked":"SKIP","floor":5.0},{"not_picked":["Accuracy","Prepared","Leg Sweep"],"picked":"SKIP","floor":5.0},{"not_picked":["Choke","Flying Knee"],"picked":"Finisher","floor":6.0},{"not_picked":["Poisoned Stab","Sucker Punch","Masterful Stab"],"picked":"SKIP","floor":10.0},{"not_picked":["Leg Sweep","Underhanded Strike","Prepared"],"picked":"SKIP","floor":18.0},{"not_picked":["Dodge and Roll","Die Die Die"],"picked":"Heel Hook","floor":21.0},{"not_picked":["Prepared","Bane"],"picked":"Cloak And Dagger","floor":22.0},{"not_picked":["Distraction","Poisoned Stab+1","Bouncing Flask"],"picked":"SKIP","floor":24.0},{"not_picked":["Dagger Throw","Expertise"],"picked":"Calculated Gamble","floor":29.0},{"not_picked":["PiercingWail","Outmaneuver"],"picked":"Noxious Fumes","floor":31.0},{"not_picked":["Caltrops","Outmaneuver+1"],"picked":"Escape Plan+1","floor":35}],"player_experience":1015396,"relics_obtained":[{"floor":6.0,"key":"HornCleat"},{"floor":12.0,"key":"Orichalcum"},{"floor":19.0,"key":"Meat on the Bone"},{"floor":26.0,"key":"Pen Nib"}],"event_choices":[{"damage_healed":0.0,"max_hp_gain":0.0,"max_hp_loss":0.0,"gold_gain":0.0,"cards_transformed":["Strike_G"],"event_name":"Living Wall","player_choice":"Change","floor":3.0,"gold_loss":0.0,"damage_taken":0.0,"cards_obtained":["Caltrops"]},{"damage_healed":0.0,"max_hp_gain":0.0,"max_hp_loss":0.0,"gold_gain":0.0,"event_name":"Liars Game","player_choice":"Ignored","floor":4.0,"gold_loss":0.0,"damage_taken":0.0},{"damage_healed":0.0,"max_hp_gain":0.0,"max_hp_loss":0.0,"gold_gain":0.0,"event_name":"Dead Adventurer","player_choice":"Searched \u00271\u0027 times","floor":12.0,"gold_loss":0.0,"damage_taken":0.0},{"damage_healed":0.0,"max_hp_gain":0.0,"max_hp_loss":0.0,"gold_gain":100.0,"event_name":"Wheel of Change","player_choice":"Gold","floor":14.0,"gold_loss":0.0,"damage_taken":0.0},{"damage_healed":0.0,"max_hp_gain":0.0,"max_hp_loss":0.0,"gold_gain":0.0,"event_name":"Upgrade Shrine","player_choice":"Upgraded","floor":20.0,"gold_loss":0.0,"damage_taken":0.0,"cards_upgraded":["Backflip"]},{"damage_healed":0.0,"max_hp_gain":0.0,"max_hp_loss":0.0,"gold_gain":50.0,"event_name":"Nest","player_choice":"Stole From Cult","floor":25.0,"gold_loss":0.0,"damage_taken":0.0},{"damage_healed":0,"gold_gain":0,"player_choice":"Copied","damage_taken":0,"max_hp_gain":0,"max_hp_loss":0,"event_name":"Duplicator","floor":37,"gold_loss":0,"cards_obtained":["Backflip"]}],"is_beta":true,"boss_relics":[{"not_picked":["Snecko Eye","SacredBark"],"picked":"HoveringKite"},{"not_picked":["Busted Crown","Calling Bell"],"picked":"Pandora\u0027s Box"}],"items_purged_floors":[8,28,36],"is_endless":false,"potions_floor_spawned":[1,6,10,12,22,31,33,35],"killed_by":"Orb Walker","ascension_level":20}