{"gold_per_floor":[110,129,141,141,158,190,190,218,218,218,197,197],"floor_reached":12,"playtime":493,"items_purged":[],"score":119,"play_id":"e371cf0c-7636-4927-ab5e-312b10ad6839","local_time":"20190313202235","is_ascension_mode":true,"campfire_choices":[{"floor":7,"key":"REST"}],"neow_cost":"PERCENT_DAMAGE","seed_source_timestamp":0,"circlet_count":0,"master_deck":["Defend_G","Defend_G","Defend_G","Defend_G","Defend_G","Strike_G","Strike_G","Strike_G","Strike_G","Strike_G","Survivor","Neutralize","PiercingWail","Sucker Punch","Dagger Spray","Backstab","Quick Slash"],"special_seed":0,"relics":["Ring of the Snake","Ginger","Oddly Smooth Stone","Incense Burner","Unceasing Top"],"potions_floor_usage":[6,6,8],"damage_taken":[{"damage":0.0,"enemies":"2 Louse","floor":1.0,"turns":4.0},{"damage":1.0,"enemies":"Small Slimes","floor":2.0,"turns":5.0},{"damage":0.0,"enemies":"Jaw Worm","floor":3.0,"turns":4.0},{"damage":10.0,"enemies":"3 Louse","floor":5.0,"turns":4.0},{"damage":14,"enemies":"Gremlin Nob","floor":6,"turns":4},{"damage":35,"enemies":"Lagavulin","floor":8,"turns":10},{"damage":9,"enemies":"3 Sentries","floor":12,"turns":3}],"seed_played":"-7661492311956065004","potions_obtained":[{"floor":1.0,"key":"PowerPotion"},{"floor":2.0,"key":"Energy Potion"},{"floor":5.0,"key":"Swift Potion"}],"is_trial":false,"path_per_floor":["M","M","M","$","M","E","R","E","T","?","?","E"],"character_chosen":"THE_SILENT","items_purchased":[],"campfire_rested":1,"item_purchase_floors":[],"current_hp_per_floor":[45,44,44,44,34,20,41,6,6,6,6,0],"gold":197,"neow_bonus":"ONE_RARE_RELIC","is_prod":false,"is_daily":false,"chose_seed":false,"campfire_upgraded":0,"win_rate":0,"timestamp":1552501355,"path_taken":["M","M","M","$","M","E","R","E","T","?","?","E"],"build_version":"2019-01-23","purchased_purges":0,"victory":false,"max_hp_per_floor":[70,70,70,70,70,70,70,70,70,70,70,70],"card_choices":[{"not_picked":["Reflex","Bane"],"picked":"PiercingWail","floor":1.0},{"not_picked":["Outmaneuver","Choke"],"picked":"Sucker Punch","floor":2.0},{"not_picked":["Sucker Punch","Flying Knee"],"picked":"Dagger Spray","floor":3.0},{"not_picked":["Heel Hook","Calculated Gamble"],"picked":"Backstab","floor":5.0},{"not_picked":["After Image","Prepared"],"picked":"Quick Slash","floor":6},{"not_picked":["Tools of the Trade","Concentrate","Eviscerate"],"picked":"SKIP","floor":8}],"player_experience":247036,"relics_obtained":[{"floor":6,"key":"Oddly Smooth Stone"},{"floor":8,"key":"Incense Burner"},{"floor":9,"key":"Unceasing Top"}],"event_choices":[{"damage_healed":0,"gold_gain":0,"player_choice":"Searched \u00270\u0027 times","damage_taken":0,"max_hp_gain":0,"max_hp_loss":0,"event_name":"Dead Adventurer","floor":10,"gold_loss":0},{"damage_healed":0,"gold_gain":0,"player_choice":"Left Gold","damage_taken":0,"max_hp_gain":0,"max_hp_loss":0,"event_name":"World of Goop","floor":11,"gold_loss":21}],"is_beta":false,"boss_relics":[],"items_purged_floors":[],"is_endless":false,"potions_floor_spawned":[1,2,5],"killed_by":"3 Sentries","ascension_level":7}