{"gold_per_floor":[113,131,151,166,88,88,115,115,115,115,38,54,54,71,71,171,171,182,106,106,122,47,82,9,9,33,33],"floor_reached":27,"playtime":1053,"items_purged":[],"score":266,"play_id":"db10e0f4-c02f-4678-a32c-9bbe117822ab","local_time":"20191009205036","is_ascension_mode":true,"campfire_choices":[{"data":"Darkness","floor":6,"key":"SMITH"},{"data":"Static Discharge","floor":8,"key":"SMITH"},{"data":"Dualcast","floor":10,"key":"SMITH"},{"floor":15,"key":"REST"},{"data":"Defragment","floor":25,"key":"SMITH"}],"neow_cost":"NONE","seed_source_timestamp":385261191810400,"circlet_count":0,"master_deck":["Strike_B","Strike_B","Strike_B","Strike_B","Defend_B","Defend_B","Defend_B","Defend_B","Zap","Dualcast+1","Conserve Battery","Darkness+1","Leap","Static Discharge+1","Storm","Machine Learning","Capacitor","White Noise+1","Storm","Conserve Battery","Reboot","Self Repair","Darkness","Defragment+1","Chaos+1","Self Repair"],"relics":["Cracked Core","NeowsBlessing","Dream Catcher","Matryoshka","Nuclear Battery","Thread and Needle","Juzu Bracelet","Boot"],"potions_floor_usage":[27],"damage_taken":[{"damage":0,"enemies":"Small Slimes","floor":1,"turns":1},{"damage":0,"enemies":"Cultist","floor":2,"turns":1},{"damage":0,"enemies":"Jaw Worm","floor":3,"turns":1},{"damage":26,"enemies":"Exordium Thugs","floor":4,"turns":6},{"damage":16,"enemies":"Lagavulin","floor":7,"turns":7},{"damage":12,"enemies":"Large Slime","floor":12,"turns":6},{"damage":7,"enemies":"2 Fungi Beasts","floor":14,"turns":4},{"damage":25,"enemies":"Slime Boss","floor":16,"turns":8},{"damage":0,"enemies":"Chosen","floor":18,"turns":5},{"damage":6,"enemies":"Spheric Guardian","floor":21,"turns":2},{"damage":21,"enemies":"Gremlin Leader","floor":23,"turns":5},{"damage":56,"enemies":"Masked Bandits","floor":27,"turns":3}],"seed_played":"2838882047227935686","potions_obtained":[{"floor":2,"key":"Ancient Potion"},{"floor":3,"key":"GamblersBrew"},{"floor":7,"key":"GamblersBrew"},{"floor":14,"key":"EntropicBrew"},{"floor":18,"key":"Explosive Potion"}],"is_trial":false,"path_per_floor":["M","M","M","M","$","R","E","R","T","R","$","M","?","M","R","B",null,"M","$","?","M","$","E","$","R","T","?"],"character_chosen":"DEFECT","items_purchased":["Storm","Capacitor","Self Repair","Defragment","Self Repair"],"campfire_rested":1,"item_purchase_floors":[5,11,19,22,24],"current_hp_per_floor":[75,75,75,49,49,49,33,33,33,33,33,21,21,14,36,11,75,75,75,75,69,69,55,55,55,55,0],"gold":33,"neow_bonus":"THREE_ENEMY_KILL","is_prod":false,"is_daily":false,"chose_seed":false,"campfire_upgraded":4,"win_rate":0,"timestamp":1570647036,"path_taken":["M","M","M","M","$","R","E","R","T","R","$","M","?","?","R","BOSS","M","$","?","M","$","E","?","R","T","?"],"build_version":"2019-07-17","purchased_purges":0,"victory":false,"max_hp_per_floor":[75,75,75,75,75,75,75,75,75,75,75,75,75,75,75,75,75,75,75,75,75,75,75,75,75,75,75],"card_choices":[{"not_picked":["Compile Driver","Melter"],"picked":"Conserve Battery","floor":1},{"not_picked":["Go for the Eyes","Glacier"],"picked":"Darkness","floor":2},{"not_picked":["Coolheaded","Hologram"],"picked":"Leap","floor":3},{"not_picked":["Compile Driver","Sweeping Beam"],"picked":"Static Discharge","floor":4},{"not_picked":["Conserve Battery","Coolheaded"],"picked":"Machine Learning","floor":7},{"not_picked":["Auto Shields","Barrage"],"picked":"White Noise","floor":12},{"not_picked":["Beam Cell","Gash"],"picked":"Storm","floor":14},{"not_picked":["Sweeping Beam","Gash"],"picked":"Conserve Battery","floor":15},{"not_picked":["Hyperbeam","Biased Cognition"],"picked":"Reboot","floor":16},{"not_picked":["Go for the Eyes","Coolheaded","Undo"],"picked":"SKIP","floor":18},{"not_picked":["Steam Power","Beam Cell+1"],"picked":"Darkness","floor":21},{"not_picked":["Reinforced Body","Lockon"],"picked":"Chaos+1","floor":23}],"player_experience":275872,"relics_obtained":[{"floor":7,"key":"Dream Catcher"},{"floor":9,"key":"Matryoshka"},{"floor":23,"key":"Thread and Needle"},{"floor":26,"key":"Juzu Bracelet"},{"floor":26,"key":"Boot"}],"event_choices":[{"damage_healed":0,"gold_gain":0,"player_choice":"Upgraded","damage_taken":0,"max_hp_gain":0,"max_hp_loss":0,"event_name":"Upgrade Shrine","floor":13,"gold_loss":0,"cards_upgraded":["White Noise"]},{"damage_healed":0,"gold_gain":0,"player_choice":"Ignored","damage_taken":0,"max_hp_gain":0,"max_hp_loss":0,"event_name":"Vampires","floor":20,"gold_loss":0},{"damage_healed":0,"gold_gain":0,"player_choice":"Fought Bandits","damage_taken":0,"max_hp_gain":0,"max_hp_loss":0,"event_name":"Masked Bandits","floor":27,"gold_loss":0}],"is_beta":false,"boss_relics":[{"not_picked":["Eternal Feather","Fusion Hammer"],"picked":"Nuclear Battery"}],"items_purged_floors":[],"is_endless":false,"potions_floor_spawned":[2,3,7,14,18],"killed_by":"Masked Bandits","ascension_level":3}