{"gold_per_floor":[113,123,123,140,157,9,9,9,9,9,21,54,129,159,159,258,258,272,272,272,289,289,318,337,366,366,366,7,7,7,22,22,121,121,134,134,209,220,236,236,269,269,292,305,316,347,99,109,109,109],"floor_reached":51,"playtime":4467,"items_purged":["Strike_R"],"score":780,"play_id":"047a0fda-0ed7-4f72-bdac-686e56ca0dd3","local_time":"20190915130436","is_ascension_mode":false,"campfire_choices":[{"data":"Whirlwind","floor":7,"key":"SMITH"},{"data":"Bash","floor":10,"key":"SMITH"},{"data":"Bludgeon","floor":15,"key":"SMITH"},{"data":"Uppercut","floor":27,"key":"SMITH"},{"data":"Clothesline","floor":30,"key":"SMITH"},{"floor":32,"key":"REST"},{"floor":40,"key":"REST"},{"floor":49,"key":"REST"}],"neow_cost":"","seed_source_timestamp":74989551713600,"circlet_count":0,"master_deck":["Strike_R","Strike_R","Defend_R","Defend_R","Defend_R","Defend_R","Bash+1","Clothesline+1","Whirlwind+1","Iron Wave","Battle Trance","Metallicize","Bludgeon+1","Impervious","Shrug It Off","Uppercut+1","Metallicize+1","Reaper","Metallicize","Carnage","Berserk","Thunderclap+1","Master of Strategy","Forethought","Uppercut+1","Madness","Madness","Parasite"],"relics":["Burning Blood","Oddly Smooth Stone","Pen Nib","Mummified Hand","Paper Frog","Black Star","Potion Belt","Juzu Bracelet","Ornamental Fan","Centennial Puzzle","Mango","Sundial","Dodecahedron","Fusion Hammer","Bag of Preparation","PreservedInsect","Regal Pillow","StoneCalendar","Gremlin Horn","Orichalcum"],"potions_floor_usage":[14,16,23,23,31,31,35,46,50,50,50],"damage_taken":[{"damage":0,"enemies":"Small Slimes","floor":1,"turns":5},{"damage":6,"enemies":"Jaw Worm","floor":2,"turns":3},{"damage":0,"enemies":"Cultist","floor":4,"turns":3},{"damage":5,"enemies":"3 Louse","floor":5,"turns":3},{"damage":4,"enemies":"Looter","floor":11,"turns":3},{"damage":4,"enemies":"Gremlin Nob","floor":12,"turns":3},{"damage":0,"enemies":"3 Sentries","floor":14,"turns":5},{"damage":6,"enemies":"The Guardian","floor":16,"turns":13},{"damage":3,"enemies":"Shell Parasite","floor":18,"turns":6},{"damage":19,"enemies":"Spheric Guardian","floor":21,"turns":6},{"damage":18,"enemies":"Gremlin Leader","floor":23,"turns":4},{"damage":24,"enemies":"Chosen and Byrds","floor":24,"turns":10},{"damage":5,"enemies":"Book of Stabbing","floor":25,"turns":6},{"damage":14,"enemies":"Sentry and Sphere","floor":31,"turns":4},{"damage":40,"enemies":"Champ","floor":33,"turns":12},{"damage":3,"enemies":"3 Darklings","floor":35,"turns":5},{"damage":6,"enemies":"Orb Walker","floor":38,"turns":2},{"damage":6,"enemies":"Spire Growth","floor":39,"turns":4},{"damage":2,"enemies":"Nemesis","floor":41,"turns":3},{"damage":3,"enemies":"Transient","floor":44,"turns":5},{"damage":6,"enemies":"Sphere and 2 Shapes","floor":45,"turns":4},{"damage":28,"enemies":"Reptomancer","floor":46,"turns":4},{"damage":2,"enemies":"Writhing Mass","floor":48,"turns":4},{"damage":18,"enemies":"Awakened One","floor":50,"turns":9}],"seed_played":"6117786916394270160","potions_obtained":[{"floor":4,"key":"AttackPotion"},{"floor":11,"key":"AttackPotion"},{"floor":14,"key":"Poison Potion"},{"floor":16,"key":"Regen Potion"},{"floor":23,"key":"Explosive Potion"},{"floor":25,"key":"Fire Potion"},{"floor":31,"key":"Strength Potion"},{"floor":35,"key":"Ancient Potion"},{"floor":39,"key":"FearPotion"},{"floor":41,"key":"SteroidPotion"},{"floor":46,"key":"LiquidBronze"}],"is_trial":false,"path_per_floor":["M","M","?","M","M","$","R","?","T","R","M","E","?","E","R","B",null,"M","?","?","M","?","E","M","E","T","R","$","?","R","M","R","B",null,"M","?","?","M","M","R","E","?","T","M","M","E","$","M","R","B",null],"character_chosen":"IRONCLAD","items_purchased":["Oddly Smooth Stone","Sundial","Metallicize","Weak Potion","FearPotion","Orichalcum"],"campfire_rested":3,"item_purchase_floors":[6,28,28,47,47,47],"current_hp_per_floor":[80,80,73,79,80,80,80,80,80,80,80,80,69,75,75,75,80,80,80,80,67,52,52,34,35,49,49,49,49,49,41,70,40,99,99,94,85,85,92,99,99,87,87,97,99,77,77,83,99,94],"gold":109,"neow_bonus":"","is_prod":false,"is_daily":false,"chose_seed":false,"campfire_upgraded":5,"win_rate":0.0,"timestamp":1568574276,"path_taken":["M","M","?","M","M","$","R","?","T","R","?","E","?","E","R","BOSS","M","?","?","M","?","E","M","E","T","R","$","?","R","M","R","BOSS","M","?","?","M","M","R","E","?","T","M","M","E","$","M","R","BOSS"],"build_version":"2019-07-17","purchased_purges":1,"victory":true,"max_hp_per_floor":[80,80,80,80,80,80,80,80,80,80,80,80,80,80,80,80,80,80,80,80,80,85,85,85,85,99,99,99,99,99,99,99,99,99,99,99,99,99,99,99,99,99,99,99,99,99,99,99,99,99],"card_choices":[{"not_picked":["Sword Boomerang","Cleave"],"picked":"Clothesline","floor":1},{"not_picked":["Rupture","Clash"],"picked":"Whirlwind","floor":2},{"not_picked":["Fire Breathing","Entrench","Clash"],"picked":"SKIP","floor":4},{"not_picked":["Warcry","Second Wind"],"picked":"Iron Wave","floor":5},{"not_picked":["Iron Wave","Thunderclap"],"picked":"Metallicize","floor":11},{"not_picked":["Offering","Power Through"],"picked":"Bludgeon","floor":12},{"not_picked":["Blood for Blood","Infernal Blade","Body Slam"],"picked":"SKIP","floor":14},{"not_picked":["Reaper","Feed"],"picked":"Impervious","floor":16},{"not_picked":["Intimidate","Perfected Strike"],"picked":"Shrug It Off","floor":18},{"not_picked":["Headbutt","Cleave","Iron Wave"],"picked":"SKIP","floor":21},{"not_picked":["True Grit","Perfected Strike","Feed"],"picked":"SKIP","floor":23},{"not_picked":["Pommel Strike","Warcry"],"picked":"Metallicize+1","floor":24},{"not_picked":["Whirlwind+1","Carnage"],"picked":"Reaper","floor":25},{"not_picked":["Headbutt","Warcry"],"picked":"Carnage","floor":31},{"not_picked":["Dark Embrace","Fiend Fire"],"picked":"Berserk","floor":33},{"not_picked":["Intimidate","Armaments+1"],"picked":"Thunderclap+1","floor":35},{"not_picked":["Purity","HandOfGreed"],"picked":"Master of Strategy","floor":36},{"not_picked":["Finesse","Impatience"],"picked":"Forethought","floor":36},{"not_picked":["Flex+1","Clash","Pommel Strike+1"],"picked":"SKIP","floor":38},{"not_picked":["Shockwave","Anger"],"picked":"Uppercut+1","floor":39},{"not_picked":["Entrench+1","Burning Pact","Battle Trance"],"picked":"SKIP","floor":41},{"not_picked":["Armaments+1","True Grit","Cleave+1"],"picked":"SKIP","floor":44},{"not_picked":["Disarm","Armaments+1","Rupture"],"picked":"SKIP","floor":45},{"not_picked":["Infernal Blade+1","Sword Boomerang+1","Rage"],"picked":"SKIP","floor":46},{"not_picked":["Perfected Strike+1","Flex+1","Warcry"],"picked":"SKIP","floor":48}],"player_experience":0,"relics_obtained":[{"floor":9,"key":"Pen Nib"},{"floor":12,"key":"Mummified Hand"},{"floor":14,"key":"Paper Frog"},{"floor":23,"key":"Potion Belt"},{"floor":23,"key":"Juzu Bracelet"},{"floor":25,"key":"Ornamental Fan"},{"floor":25,"key":"Centennial Puzzle"},{"floor":26,"key":"Mango"},{"floor":41,"key":"Bag of Preparation"},{"floor":41,"key":"PreservedInsect"},{"floor":43,"key":"Regal Pillow"},{"floor":46,"key":"StoneCalendar"},{"floor":46,"key":"Gremlin Horn"}],"event_choices":[{"cards_removed":["Strike_R"],"damage_healed":0,"gold_gain":0,"player_choice":"Card Removal","damage_taken":7,"max_hp_gain":0,"max_hp_loss":0,"event_name":"Golden Wing","floor":3,"gold_loss":0},{"damage_healed":0,"gold_gain":0,"cards_transformed":["Strike_R"],"player_choice":"Transformed","damage_taken":0,"max_hp_gain":0,"max_hp_loss":0,"event_name":"Transmorgrifier","floor":8,"gold_loss":0,"cards_obtained":["Battle Trance"]},{"damage_healed":0,"gold_gain":75,"player_choice":"Gather Gold","damage_taken":11,"max_hp_gain":0,"max_hp_loss":0,"event_name":"World of Goop","floor":13,"gold_loss":0},{"damage_healed":0,"gold_gain":0,"player_choice":"Ignored","damage_taken":0,"max_hp_gain":0,"max_hp_loss":0,"event_name":"Beggar","floor":19,"gold_loss":0},{"damage_healed":0,"gold_gain":0,"player_choice":"Read","damage_taken":0,"max_hp_gain":0,"max_hp_loss":0,"event_name":"The Library","floor":20,"gold_loss":0,"cards_obtained":["Uppercut"]},{"damage_healed":0,"gold_gain":0,"player_choice":"Shed Blood","damage_taken":20,"max_hp_gain":5,"max_hp_loss":0,"event_name":"Forgotten Altar","floor":22,"gold_loss":0},{"damage_healed":0,"gold_gain":0,"player_choice":"Opened","damage_taken":0,"relics_obtained":["Dodecahedron"],"max_hp_gain":0,"max_hp_loss":0,"event_name":"The Mausoleum","floor":29,"gold_loss":0},{"damage_healed":0,"gold_gain":0,"player_choice":"Memory 2","damage_taken":5,"max_hp_gain":0,"max_hp_loss":0,"event_name":"SensoryStone","floor":36,"gold_loss":0},{"damage_healed":0,"gold_gain":75,"player_choice":"Touch","damage_taken":9,"max_hp_gain":0,"max_hp_loss":0,"event_name":"FaceTrader","floor":37,"gold_loss":0},{"damage_healed":0,"gold_gain":0,"player_choice":"Embrace Madness","damage_taken":12,"max_hp_gain":0,"max_hp_loss":0,"event_name":"Winding Halls","floor":42,"gold_loss":0,"cards_obtained":["Madness","Madness"]}],"is_beta":false,"boss_relics":[{"not_picked":["Eternal Feather","Black Blood"],"picked":"Black Star"},{"not_picked":["White Beast Statue","Runic Pyramid"],"picked":"Fusion Hammer"}],"items_purged_floors":[28],"is_endless":false,"potions_floor_spawned":[4,11,14,16,23,25,31,35,39,41,46],"ascension_level":0}