{"gold_per_floor":[114,9,0,20,36,36,36,49,49,49,49,49,49,70,70,189,189,212,239,84,84,9,9,43,43,43,43,62,12,46,46,46,46],"floor_reached":33,"playtime":1143,"items_purged":["Defend_B"],"score":269,"play_id":"663f355c-0950-4a1c-95a5-3d1f18d4a490","local_time":"20191002173436","is_ascension_mode":false,"campfire_choices":[{"data":"Hologram","floor":6,"key":"SMITH"},{"data":"Zap","floor":11,"key":"SMITH"},{"floor":15,"key":"REST"},{"data":"White Noise","floor":23,"key":"SMITH"},{"data":"Streamline","floor":25,"key":"SMITH"},{"floor":27,"key":"REST"},{"floor":32,"key":"REST"}],"neow_cost":"NONE","seed_source_timestamp":501483662406600,"circlet_count":0,"master_deck":["Strike_B","Strike_B","Strike_B","Defend_B","Defend_B","Defend_B","Zap+1","Dualcast","Hologram+1","Gash","Leap","Go for the Eyes","Go for the Eyes","White Noise+1","Hyperbeam","Conserve Battery","Madness","FTL","Streamline+1","Gash"],"relics":["Cracked Core","Smiling Mask","Ornamental Fan","Golden Idol","Juzu Bracelet","Bottled Flame","Vajra","Bird Faced Urn"],"potions_floor_usage":[16,18,18,28,30],"damage_taken":[{"damage":6,"enemies":"Jaw Worm","floor":1,"turns":3},{"damage":2,"enemies":"Small Slimes","floor":4,"turns":3},{"damage":1,"enemies":"2 Louse","floor":5,"turns":3},{"damage":12,"enemies":"Large Slime","floor":8,"turns":8},{"damage":0,"enemies":"Red Slaver","floor":14,"turns":3},{"damage":35,"enemies":"Hexaghost","floor":16,"turns":11},{"damage":0,"enemies":"Chosen","floor":18,"turns":4},{"damage":12,"enemies":"2 Thieves","floor":22,"turns":5},{"damage":46,"enemies":"Slavers","floor":24,"turns":5},{"damage":14,"enemies":"Centurion and Healer","floor":28,"turns":5},{"damage":21,"enemies":"Book of Stabbing","floor":30,"turns":5},{"damage":32,"enemies":"Automaton","floor":33,"turns":4}],"seed_played":"-568911398536953834","potions_obtained":[{"floor":4,"key":"Fire Potion"},{"floor":5,"key":"Poison Potion"},{"floor":16,"key":"Fire Potion"},{"floor":24,"key":"Weak Potion"},{"floor":28,"key":"Fire Potion"}],"is_trial":false,"path_per_floor":["M","$","?","M","M","R","?","M","T","$","R","?","?","M","R","B",null,"M","T","$","?","M","R","E","R","T","R","M","$","E","?","R","B"],"character_chosen":"DEFECT","items_purchased":["Gash","Leap","Madness","FTL"],"campfire_rested":3,"item_purchase_floors":[2,2,20,20],"current_hp_per_floor":[69,69,69,67,66,66,66,54,54,54,54,36,36,36,58,23,75,75,75,75,75,63,63,17,17,17,39,25,25,4,4,26,0],"gold":46,"neow_bonus":"RANDOM_COMMON_RELIC","is_prod":false,"is_daily":false,"chose_seed":false,"campfire_upgraded":4,"win_rate":0.0,"timestamp":1570030476,"path_taken":["M","$","?","M","M","R","?","M","T","$","R","?","?","M","R","BOSS","M","?","$","?","M","R","E","R","T","R","M","$","E","?","R","BOSS"],"build_version":"2019-07-17","purchased_purges":1,"victory":false,"max_hp_per_floor":[75,75,75,75,75,75,75,75,75,75,75,75,75,75,75,75,75,75,75,75,75,75,75,75,75,75,75,75,75,75,75,75,75],"card_choices":[{"not_picked":["Conserve Battery","Steam"],"picked":"Hologram","floor":1},{"not_picked":["Turbo","Ball Lightning"],"picked":"Go for the Eyes","floor":4},{"not_picked":["Undo","Compile Driver"],"picked":"Go for the Eyes","floor":5},{"not_picked":["Go for the Eyes","Darkness","Chill"],"picked":"SKIP","floor":8},{"not_picked":["Consume","Force Field"],"picked":"White Noise","floor":14},{"not_picked":["Amplify","Machine Learning"],"picked":"Hyperbeam","floor":16},{"not_picked":["Chill","Sweeping Beam"],"picked":"Conserve Battery","floor":18},{"not_picked":["Ball Lightning+1","Conserve Battery","Cold Snap"],"picked":"SKIP","floor":22},{"not_picked":["BootSequence","Steam","Sweeping Beam+1"],"picked":"SKIP","floor":24},{"not_picked":["Cold Snap","Compile Driver"],"picked":"Gash","floor":28},{"not_picked":["Glacier","Biased Cognition","Capacitor"],"picked":"SKIP","floor":30}],"player_experience":140437,"relics_obtained":[{"floor":9,"key":"Ornamental Fan"},{"floor":19,"key":"Juzu Bracelet"},{"floor":24,"key":"Bottled Flame"},{"floor":26,"key":"Vajra"},{"floor":30,"key":"Bird Faced Urn"}],"event_choices":[{"damage_healed":0,"gold_gain":0,"player_choice":"Left Gold","damage_taken":0,"max_hp_gain":0,"max_hp_loss":0,"event_name":"World of Goop","floor":3,"gold_loss":9},{"damage_healed":0,"gold_gain":0,"player_choice":"Leave","damage_taken":0,"max_hp_gain":0,"max_hp_loss":0,"event_name":"The Cleric","floor":7,"gold_loss":0},{"damage_healed":0,"gold_gain":0,"player_choice":"Take Damage","damage_taken":18,"relics_obtained":["Golden Idol"],"max_hp_gain":0,"max_hp_loss":0,"event_name":"Golden Idol","floor":12,"gold_loss":0},{"cards_removed":["Strike_B"],"damage_healed":0,"gold_gain":0,"player_choice":"Offered Basic","damage_taken":0,"max_hp_gain":0,"max_hp_loss":0,"event_name":"Bonfire Elementals","floor":13,"gold_loss":0},{"damage_healed":0,"gold_gain":0,"player_choice":"Read","damage_taken":0,"max_hp_gain":0,"max_hp_loss":0,"event_name":"The Library","floor":21,"gold_loss":0,"cards_obtained":["Streamline"]},{"damage_healed":0,"gold_gain":0,"player_choice":"Ignored","damage_taken":0,"max_hp_gain":0,"max_hp_loss":0,"event_name":"Cursed Tome","floor":31,"gold_loss":0}],"is_beta":false,"boss_relics":[{"not_picked":["Snecko Eye","Runic Dome","Calling Bell"]}],"items_purged_floors":[29],"is_endless":false,"potions_floor_spawned":[4,5,16,24,28],"killed_by":"Automaton","ascension_level":0}