{"path_per_floor":["M","?","M","?","$","R","M","R","T","M","M","M","?","M","R","B",null,"M","M","?","?","M","R","M","M","T","$","M","R","$","M","R","B",null,"M"],"character_chosen":"IRONCLAD","items_purchased":["Blood Vial","Flex","Frozen Egg","War Paint","Flex","Corruption"],"gold_per_floor":[109,209,227,227,24,24,41,41,66,80,95,110,80,90,90,194,194,206,221,221,321,341,341,360,376,376,34,51,51,15,33,33,135,135,148],"floor_reached":36,"campfire_rested":4,"playtime":3570,"current_hp_per_floor":[45,45,36,18,18,42,49,73,73,67,69,75,75,80,80,76,80,77,55,39,39,26,50,42,38,38,38,29,53,53,50,50,15,80,11],"items_purged":[],"gold":148,"play_id":"7176b359-fa2a-4fb4-b92c-fc2eb2325b19","is_prod":false,"is_daily":false,"is_ascension_mode":false,"campfire_upgraded":2,"path_taken":["M","?","M","?","?","R","M","R","T","M","M","?","?","M","R","BOSS","M","M","?","?","M","R","M","?","T","$","M","R","?","M","R","BOSS","M","M"],"build_version":"2018-01-25-PROD3","purchased_purges":0,"victory":false,"master_deck":["Strike_R","Strike_R","Strike_R","Strike_R","Strike_R","Defend_R","Defend_R","Defend_R+1","Defend_R","Bash","Inflame","Pommel Strike","Flex+1","Disarm","Iron Wave","Shrug It Off","Clothesline","Sword Boomerang","Juggernaut+1","Pommel Strike","Infernal Blade+1","Necronomicurse","Rage+1","Seeing Red","Pommel Strike+1","Flex","Bloodletting+1","Corruption+1","Infernal Blade","Demon Form","Shrug It Off"],"max_hp_per_floor":[80,80,80,80,80,80,80,80,80,80,80,80,80,80,80,80,80,80,80,80,80,80,80,80,80,80,80,80,80,80,80,80,80,80,80],"relics":["Burning Blood","Torii","Dodecahedron","Blood Vial","Happy Flower","Lizard Tail","Necronomicon","Champion Belt","Frozen Egg","War Paint","Philosopher\u0027s Stone"],"card_choices":[{"not_picked":["Clash","Barricade"],"picked":"Inflame"},{"not_picked":["Shockwave","Cleave"],"picked":"Pommel Strike"},{"not_picked":["Sever Soul","Dropkick"],"picked":"Disarm"},{"not_picked":["Clothesline","Sword Boomerang"],"picked":"Iron Wave"},{"not_picked":["Warcry","Searing Blow"],"picked":"Shrug It Off"},{"not_picked":["Perfected Strike","Headbutt"],"picked":"Clothesline"},{"not_picked":["Bloodletting","Clash"],"picked":"Sword Boomerang"},{"not_picked":["Impervious","Dark Embrace"],"picked":"Juggernaut"},{"not_picked":["True Grit","Combust"],"picked":"Pommel Strike"},{"not_picked":["Flex","Power Through"],"picked":"Infernal Blade"},{"not_picked":["Sever Soul","Anger"],"picked":"Rage"},{"not_picked":["Iron Wave","Armaments"],"picked":"Seeing Red"},{"not_picked":["Thunderclap","Battle Trance"],"picked":"Pommel Strike"},{"not_picked":["Intimidate","Pommel Strike"],"picked":"Bloodletting"},{"not_picked":["Perfected Strike","Flame Barrier"],"picked":"Infernal Blade"},{"not_picked":["Berserk","Brutality"],"picked":"Demon Form"},{"not_picked":["Rampage","Sword Boomerang"],"picked":"Shrug It Off"}],"player_experience":1119,"potions_floor_usage":[16,16,33,33,33],"damage_taken":[{"damage":1,"enemies":"2 Louse","floor":1,"turns":3},{"damage":15,"enemies":"Blue Slaver","floor":3,"turns":5},{"damage":1,"enemies":"Cultist","floor":7,"turns":3},{"damage":14,"enemies":"Exordium Wildlife","floor":10,"turns":5},{"damage":6,"enemies":"2 Fungi Beasts","floor":11,"turns":3},{"damage":2,"enemies":"3 Louse","floor":12,"turns":4},{"damage":1,"enemies":"Red Slaver","floor":14,"turns":3},{"damage":10,"enemies":"Hexaghost","floor":16,"turns":8},{"damage":9,"enemies":"Shell Parasite","floor":18,"turns":6},{"damage":30,"enemies":"Spheric Guardian","floor":19,"turns":5},{"damage":21,"enemies":"Snecko","floor":22,"turns":8},{"damage":16,"enemies":"Snake Plant","floor":24,"turns":5},{"damage":60,"enemies":"Sentry and Sphere","floor":25,"turns":8},{"damage":17,"enemies":"Snecko","floor":28,"turns":5},{"damage":11,"enemies":"Snake Plant","floor":31,"turns":4},{"damage":43,"enemies":"Champ","floor":33,"turns":12},{"damage":75,"enemies":"3 Darklings","floor":35,"turns":7},{"damage":17,"enemies":"Orb Walker","floor":36,"turns":3}],"event_choices":[{"event_name":"Golden Shrine","player_choice":"Pray","floor":2,"damage_taken":0},{"event_name":"Scrap Ooze","player_choice":"success","floor":4,"damage_taken":18},{"event_name":"The Woman in Blue","player_choice":"Bought 2 Potions","floor":13,"damage_taken":0},{"event_name":"Cursed Tome","player_choice":"Obtained Book","floor":20,"damage_taken":0},{"event_name":"Golden Shrine","player_choice":"Pray","floor":21,"damage_taken":0}],"boss_relics":[{"not_picked":["Snecko Eye","Runic Cube"],"picked":"Lizard Tail"},{"not_picked":["Runic Pyramid","White Beast Statue"],"picked":"Philosopher\u0027s Stone"}],"potions_floor_spawned":[1,11,14,16,18,24,31,33,35],"seed_played":"-2258841749042255114","killed_by":"Orb Walker","ascension_level":0,"is_trial":false}