{"gold_per_floor":[214,225,238,20,38,38,65,65,119,119,44,56,76,5,5,103,103,120,136,235,15,27,27,27,27,53,53,70,85,102,17,17,122,122,139,139,0,0],"floor_reached":38,"playtime":2567,"items_purged":["Defend_G"],"score":376,"play_id":"e5cd72dd-4bf3-4f82-a758-f3b55acc01b2","local_time":"20190930123517","is_ascension_mode":false,"campfire_choices":[{"data":"Noxious Fumes","floor":6,"key":"SMITH"},{"floor":8,"key":"REST"},{"data":"Footwork","floor":10,"key":"SMITH"},{"floor":15,"key":"REST"},{"floor":23,"key":"REST"},{"data":"Corpse Explosion","floor":25,"key":"SMITH"},{"data":"Infinite Blades","floor":27,"key":"SMITH"},{"floor":32,"key":"REST"}],"neow_cost":"NONE","seed_source_timestamp":309297890037100,"circlet_count":0,"master_deck":["Strike_G","Strike_G","Strike_G","Strike_G","Defend_G","Defend_G","Defend_G","Survivor","Neutralize","Accuracy","Infinite Blades","Deflect","Noxious Fumes+1","Backflip","Purity","Footwork+1","Infinite Blades+1","Burst","Noxious Fumes","Corpse Explosion+1","Discovery","Night Terror","Chrysalis"],"relics":["Ring of the Snake","Meat on the Bone","Bag of Marbles","WristBlade","Bag of Preparation","Pen Nib","Empty Cage","Red Mask"],"potions_floor_usage":[16,16,16,28],"damage_taken":[{"damage":0,"enemies":"Cultist","floor":1,"turns":4},{"damage":0,"enemies":"Small Slimes","floor":2,"turns":3},{"damage":2,"enemies":"2 Louse","floor":3,"turns":3},{"damage":11,"enemies":"2 Fungi Beasts","floor":5,"turns":4},{"damage":34,"enemies":"Gremlin Nob","floor":7,"turns":6},{"damage":1,"enemies":"Exordium Thugs","floor":12,"turns":5},{"damage":5,"enemies":"Exordium Wildlife","floor":13,"turns":4},{"damage":7,"enemies":"Slime Boss","floor":16,"turns":9},{"damage":8,"enemies":"Chosen","floor":18,"turns":5},{"damage":25,"enemies":"3 Byrds","floor":19,"turns":4},{"damage":30,"enemies":"Snake Plant","floor":22,"turns":6},{"damage":36,"enemies":"Centurion and Healer","floor":28,"turns":7},{"damage":19,"enemies":"Shelled Parasite and Fungi","floor":29,"turns":6},{"damage":7,"enemies":"Cultist and Chosen","floor":30,"turns":6},{"damage":52,"enemies":"Automaton","floor":33,"turns":9},{"damage":32,"enemies":"Orb Walker","floor":35,"turns":5},{"damage":82,"enemies":"3 Shapes","floor":38,"turns":3}],"seed_played":"9153551964243508316","potions_obtained":[{"floor":3,"key":"Weak Potion"},{"floor":5,"key":"FearPotion"},{"floor":7,"key":"SteroidPotion"},{"floor":22,"key":"Energy Potion"},{"floor":30,"key":"FairyPotion"},{"floor":33,"key":"AttackPotion"},{"floor":35,"key":"Block Potion"}],"is_trial":false,"path_per_floor":["M","M","M","$","M","R","E","R","T","R","$","M","M","$","R","B",null,"M","M","?","$","M","R","?","R","T","R","M","M","M","?","R","B",null,"M","?","?","M"],"character_chosen":"THE_SILENT","items_purchased":["Noxious Fumes","Backflip","Purity","Infinite Blades","Corpse Explosion","Discovery"],"campfire_rested":4,"item_purchase_floors":[4,4,4,14,21,21],"current_hp_per_floor":[70,70,68,68,57,57,23,44,44,44,44,43,38,38,59,52,70,62,37,37,37,19,40,70,70,70,70,46,39,44,44,65,25,70,38,38,38,0],"gold":0,"neow_bonus":"HUNDRED_GOLD","is_prod":false,"is_daily":false,"chose_seed":false,"campfire_upgraded":4,"win_rate":0.0,"timestamp":1569839717,"path_taken":["M","M","?","$","M","R","E","R","T","R","$","M","?","?","R","BOSS","M","M","?","$","M","R","?","R","T","R","M","M","?","?","R","BOSS","M","?","?","M"],"build_version":"2019-07-17","purchased_purges":1,"victory":false,"max_hp_per_floor":[70,70,70,70,70,70,70,70,70,70,70,70,70,70,70,70,70,70,70,70,70,70,70,70,70,70,70,70,70,70,70,70,70,70,70,70,70,70],"card_choices":[{"not_picked":["Blade Dance","Crippling Poison"],"picked":"Accuracy","floor":1},{"not_picked":["Outmaneuver","Flying Knee"],"picked":"Infinite Blades","floor":2},{"not_picked":["Endless Agony","Dagger Spray"],"picked":"Deflect","floor":3},{"not_picked":["Quick Slash","Sucker Punch"],"picked":"Footwork","floor":5},{"not_picked":["Die Die Die","All Out Attack"],"picked":"Tactician","floor":7},{"not_picked":["Choke","Footwork","Reflex"],"picked":"SKIP","floor":12},{"not_picked":["Flying Knee","Slice","Sucker Punch"],"picked":"SKIP","floor":13},{"not_picked":["After Image","Phantasmal Killer"],"picked":"Burst","floor":16},{"not_picked":["Bouncing Flask","Leg Sweep"],"picked":"Noxious Fumes","floor":18},{"not_picked":["Crippling Poison","PiercingWail+1","Flying Knee"],"picked":"SKIP","floor":19},{"not_picked":["Blur","All Out Attack","Underhanded Strike"],"picked":"SKIP","floor":22},{"not_picked":["Dagger Spray","Dodge and Roll","Finisher"],"picked":"SKIP","floor":28},{"not_picked":["Leg Sweep","Endless Agony","Poisoned Stab"],"picked":"SKIP","floor":29},{"not_picked":["Caltrops","Dagger Spray+1","Flechettes"],"picked":"SKIP","floor":30},{"not_picked":["Malaise","Unload"],"picked":"Night Terror","floor":33},{"not_picked":["All Out Attack+1","Flying Knee","Dagger Throw+1"],"picked":"SKIP","floor":35},{"not_picked":["Swift Strike","Dark Shackles"],"picked":"Chrysalis","floor":36}],"player_experience":81731,"relics_obtained":[{"floor":7,"key":"Meat on the Bone"},{"floor":9,"key":"Bag of Marbles"},{"floor":26,"key":"Bag of Preparation"}],"event_choices":[{"damage_healed":0,"gold_gain":99,"player_choice":"Stole From Cult","damage_taken":0,"max_hp_gain":0,"max_hp_loss":0,"event_name":"Nest","floor":20,"gold_loss":0},{"cards_removed":["Tactician"],"damage_healed":30,"gold_gain":0,"player_choice":"Offered Uncommon","damage_taken":0,"max_hp_gain":0,"max_hp_loss":0,"event_name":"Bonfire Elementals","floor":24,"gold_loss":0},{"damage_healed":0,"gold_gain":0,"player_choice":"Obtained Relic","damage_taken":0,"relics_obtained":["Pen Nib"],"max_hp_gain":0,"max_hp_loss":0,"event_name":"Addict","floor":31,"gold_loss":85},{"damage_healed":0,"gold_gain":0,"player_choice":"Memory 1","damage_taken":0,"max_hp_gain":0,"max_hp_loss":0,"event_name":"SensoryStone","floor":36,"gold_loss":0},{"damage_healed":0,"gold_gain":0,"player_choice":"Paid","damage_taken":0,"relics_obtained":["Red Mask"],"max_hp_gain":0,"max_hp_loss":0,"event_name":"Tomb of Lord Red Mask","floor":37,"gold_loss":139}],"is_beta":false,"boss_relics":[{"not_picked":["Ectoplasm","Runic Dome"],"picked":"WristBlade"},{"not_picked":["Velvet Choker","Philosopher\u0027s Stone"],"picked":"Empty Cage"}],"items_purged_floors":[11],"is_endless":false,"potions_floor_spawned":[3,5,7,12,22,30,33,35],"killed_by":"3 Shapes","ascension_level":0}