{"gold_per_floor":[119,44,60,5,22,348,348,380,380,380,398,415,446,466,466,542,542,560,573,70,70,100,127,127,141,141,141,141,160,189,97,97,171,171,190,102,118,118,128,156,169,198,198,244,261,293,293,326,326,326,326,326,326,74,109,109],"floor_reached":57,"playtime":3587,"items_purged":["Streamline"],"score":3360,"play_id":"b72c24a0-5d7c-4b13-9efe-3b5bcac05a54","local_time":"20191016003826","is_ascension_mode":true,"campfire_choices":[{"floor":7.0,"key":"REST"},{"floor":10.0,"key":"REST"},{"data":"Zap","floor":15.0,"key":"SMITH"},{"data":"Recycle","floor":24.0,"key":"SMITH"},{"data":"Fusion","floor":27.0,"key":"SMITH"},{"data":"Recycle","floor":32.0,"key":"SMITH"},{"floor":49.0,"key":"RECALL"},{"floor":53.0,"key":"REST"}],"neow_cost":"NONE","seed_source_timestamp":0,"circlet_count":0,"master_deck":["AscendersBane","Zap+1","Beam Cell+1","Core Surge","Ball Lightning","Undo","Hologram","Double Energy","BootSequence+1","Undo","Conserve Battery","Reboot+1","Fusion+1","Amplify","Reprogram","Reboot","Gash","Heatsinks","Recycle+1","All For One","Go for the Eyes+1","Recycle+1","Compile Driver","Impatience","Meteor Strike","Double Energy+1","Skim","Chaos+1","Steam Power+1","All For One","Hologram+1","Buffer","Multi-Cast","Consume+1","Impatience+1","Apotheosis+1","PanicButton+1","Turbo+1","BootSequence+1","Skim+1","Coolheaded+1","Hologram+1","Hologram+1","Turbo+1"],"special_seed":0,"relics":["Black Star","Darkstone Periapt","Old Coin","CaptainsWheel","Dead Branch","DataDisk","Vajra","Pandora\u0027s Box","White Beast Statue","Red Mask","Strawberry","Dodecahedron","Pantograph","Nloth\u0027s Gift","Question Card","Orichalcum","SacredBark","Kunai","Du-Vu Doll","HornCleat","Happy Flower","Lizard Tail","Toxic Egg 2","PreservedInsect","Mummified Hand","Ice Cream","Orrery","Gambling Chip","War Paint"],"potions_floor_usage":[56,56],"damage_taken":[{"damage":5.0,"enemies":"Small Slimes","floor":1.0,"turns":4.0},{"damage":4.0,"enemies":"2 Louse","floor":3.0,"turns":3.0},{"damage":9.0,"enemies":"Jaw Worm","floor":5.0,"turns":3.0},{"damage":30.0,"enemies":"3 Sentries","floor":6.0,"turns":9.0},{"damage":35.0,"enemies":"Gremlin Nob","floor":8.0,"turns":5.0},{"damage":0.0,"enemies":"Looter","floor":11.0,"turns":3.0},{"damage":0.0,"enemies":"Lots of Slimes","floor":12.0,"turns":3.0},{"damage":4.0,"enemies":"3 Sentries","floor":13.0,"turns":5.0},{"damage":0.0,"enemies":"3 Louse","floor":14.0,"turns":3.0},{"damage":5.0,"enemies":"Slime Boss","floor":16.0,"turns":6.0},{"damage":11.0,"enemies":"3 Byrds","floor":18.0,"turns":4.0},{"damage":1.0,"enemies":"Shell Parasite","floor":19.0,"turns":6.0},{"damage":4.0,"enemies":"Masked Bandits","floor":22.0,"turns":4.0},{"damage":11.0,"enemies":"Gremlin Leader","floor":23.0,"turns":5.0},{"damage":10.0,"enemies":"Centurion and Healer","floor":25.0,"turns":5.0},{"damage":0.0,"enemies":"Cultist and Chosen","floor":29.0,"turns":5.0},{"damage":15.0,"enemies":"Book of Stabbing","floor":30.0,"turns":4.0},{"damage":0.0,"enemies":"Champ","floor":33.0,"turns":9.0},{"damage":7.0,"enemies":"Orb Walker","floor":35.0,"turns":3.0},{"damage":0.0,"enemies":"3 Shapes","floor":37.0,"turns":5.0},{"damage":13.0,"enemies":"Sphere and 2 Shapes","floor":39.0,"turns":3.0},{"damage":5.0,"enemies":"Nemesis","floor":40.0,"turns":5.0},{"damage":0.0,"enemies":"Maw","floor":41.0,"turns":5.0},{"damage":0.0,"enemies":"Giant Head","floor":42.0,"turns":6.0},{"damage":0.0,"enemies":"2 Orb Walkers","floor":44.0,"turns":3.0},{"damage":0.0,"enemies":"3 Darklings","floor":45.0,"turns":2.0},{"damage":9.0,"enemies":"Nemesis","floor":46.0,"turns":5.0},{"damage":0.0,"enemies":"Reptomancer","floor":48.0,"turns":4.0},{"damage":0.0,"enemies":"Donu and Deca","floor":50.0,"turns":6.0},{"damage":66.0,"enemies":"Awakened One","floor":51.0,"turns":12.0},{"damage":0.0,"enemies":"Shield and Spear","floor":55.0,"turns":1.0},{"damage":1,"enemies":"The Heart","floor":56,"turns":6}],"seed_played":"-8959861316094677769","potions_obtained":[{"floor":5.0,"key":"LiquidBronze"},{"floor":6.0,"key":"GamblersBrew"},{"floor":8.0,"key":"AttackPotion"},{"floor":18.0,"key":"DistilledChaos"},{"floor":22.0,"key":"Fire Potion"},{"floor":23.0,"key":"LiquidBronze"},{"floor":25.0,"key":"Ancient Potion"},{"floor":30.0,"key":"AttackPotion"},{"floor":33.0,"key":"FocusPotion"},{"floor":35.0,"key":"PowerPotion"},{"floor":40.0,"key":"SkillPotion"},{"floor":44.0,"key":"PowerPotion"},{"floor":45.0,"key":"Regen Potion"},{"floor":48.0,"key":"FearPotion"}],"is_trial":false,"path_per_floor":["M","?","M","$","M","E","R","E","T","R","M","M","E","M","R","B",null,"M","M","$","?","?","E","R","M","T","R","?","M","E","$","R","B",null,"M","$","M","?","M","E","M","E","T","?","M","E","?","E","R","B","B",null,"R","$","E","B",null],"character_chosen":"DEFECT","items_purchased":["Ball Lightning","White Beast Statue","All For One","Impatience","Skim","GamblersBrew","Orrery"],"campfire_rested":3,"item_purchase_floors":[4,20,20,31,36,54,54],"current_hp_per_floor":[59,59,55,55,46,16,37,2,2,23,23,23,19,19,19,14,57,46,45,45,45,41,37,37,27,27,27,27,27,12,12,12,37,68,61,61,61,61,48,43,43,43,43,43,43,68,58,58,58,78,12,62,78,78,78,77],"gold":109,"neow_bonus":"BOSS_RELIC","is_prod":false,"is_daily":false,"chose_seed":false,"campfire_upgraded":4,"win_rate":0,"timestamp":1571157506,"path_taken":["M","?","M","$","M","E","R","E","T","R","M","M","E","M","R","BOSS","M","M","$","?","?","E","R","M","T","R","?","M","E","$","R","BOSS","M","$","?","?","M","E","?","E","T","?","M","E","?","E","R","BOSS","BOSS","R","$","E","BOSS"],"build_version":"2019-10-14","purchased_purges":1,"victory":true,"max_hp_per_floor":[71,71,71,71,71,71,71,71,71,71,71,71,71,71,71,71,71,71,71,71,71,71,78,78,78,78,78,78,78,78,78,78,78,78,78,78,78,78,78,78,78,78,78,78,78,78,78,78,78,78,78,78,78,78,78,78],"card_choices":[{"not_picked":["Compile Driver","Steam"],"picked":"Beam Cell","floor":1.0},{"not_picked":["Loop","Gash"],"picked":"Core Surge","floor":3.0},{"not_picked":["Chaos","Turbo"],"picked":"Undo","floor":5.0},{"not_picked":["Reinforced Body","Sweeping Beam"],"picked":"Hologram","floor":6.0},{"not_picked":["Storm","Streamline"],"picked":"Double Energy","floor":8.0},{"not_picked":["Capacitor","Reinforced Body"],"picked":"BootSequence","floor":11.0},{"not_picked":["Steam Power","Gash"],"picked":"Undo","floor":12.0},{"not_picked":["Sweeping Beam","Steam"],"picked":"Conserve Battery","floor":13.0},{"not_picked":["Gash","FTL","Barrage"],"picked":"SKIP","floor":14.0},{"not_picked":["Buffer","Creative AI"],"picked":"Reboot","floor":16.0},{"not_picked":["Capacitor","Auto Shields"],"picked":"Heatsinks","floor":18.0},{"not_picked":["Ball Lightning","Cold Snap"],"picked":"Recycle","floor":19.0},{"not_picked":["FTL","Capacitor"],"picked":"Go for the Eyes+1","floor":22.0},{"not_picked":["Streamline","All For One","Beam Cell"],"picked":"SKIP","floor":23.0},{"not_picked":["Rebound","Auto Shields"],"picked":"Recycle","floor":25.0},{"not_picked":["Lockon","Streamline","Redo"],"picked":"SKIP","floor":29.0},{"not_picked":["Go for the Eyes","Conserve Battery"],"picked":"Compile Driver","floor":30.0},{"not_picked":["Thunder Strike","Reboot","Rainbow"],"picked":"Meteor Strike","floor":33.0},{"not_picked":["Scrape","Beam Cell","Reinforced Body"],"picked":"Double Energy+1","floor":35.0},{"not_picked":["Tempest","Redo","Barrage+1"],"picked":"Chaos+1","floor":37.0},{"not_picked":["Stack","Chaos+1","Go for the Eyes"],"picked":"Steam Power+1","floor":39.0},{"not_picked":["Static Discharge+1","Lockon","Sweeping Beam+1"],"picked":"All For One","floor":40.0},{"not_picked":["Recycle","Barrage","Beam Cell+1"],"picked":"Hologram+1","floor":41.0},{"not_picked":["Doom and Gloom+1","Tempest","Skim"],"picked":"Buffer","floor":42.0},{"not_picked":["Sweeping Beam","Recycle","Ball Lightning+1"],"picked":"Multi-Cast","floor":44.0},{"not_picked":["Rebound+1","Steam","Reprogram","Aggregate"],"picked":"SKIP","floor":45.0},{"not_picked":["Steam Power","Conserve Battery","Sweeping Beam+1"],"picked":"Consume+1","floor":46.0},{"not_picked":["Mind Blast","Deep Breath+1","Swift Strike"],"picked":"Impatience+1","floor":47.0},{"not_picked":["Enlightenment+1","Mind Blast","Panacea+1"],"picked":"Apotheosis+1","floor":47.0},{"not_picked":["Violence+1","Thinking Ahead+1","Dramatic Entrance"],"picked":"PanicButton+1","floor":47.0},{"not_picked":["BootSequence+1","Machine Learning","Force Field+1"],"picked":"Turbo+1","floor":48.0},{"not_picked":["Genetic Algorithm+1","Thunder Strike","Defragment"],"picked":"BootSequence+1","floor":54.0},{"not_picked":["Cold Snap+1","Defragment","Hologram+1"],"picked":"Skim+1","floor":54.0},{"not_picked":["Recycle+1","Skim+1","Consume+1"],"picked":"Coolheaded+1","floor":54.0},{"not_picked":["Self Repair","Conserve Battery+1","Beam Cell"],"picked":"Hologram+1","floor":54.0},{"not_picked":["Gash","Compile Driver","Sweeping Beam"],"picked":"Hologram+1","floor":54.0},{"not_picked":["Thunder Strike","Buffer","Storm"],"picked":"Turbo+1","floor":55.0}],"player_experience":1093669,"relics_obtained":[{"floor":6.0,"key":"Darkstone Periapt"},{"floor":6.0,"key":"Old Coin"},{"floor":8.0,"key":"CaptainsWheel"},{"floor":8.0,"key":"Whetstone"},{"floor":9.0,"key":"Dead Branch"},{"floor":13.0,"key":"DataDisk"},{"floor":13.0,"key":"Vajra"},{"floor":22.0,"key":"Red Mask"},{"floor":23.0,"key":"Strawberry"},{"floor":23.0,"key":"Dodecahedron"},{"floor":26.0,"key":"Pantograph"},{"floor":30.0,"key":"Question Card"},{"floor":30.0,"key":"Orichalcum"},{"floor":40.0,"key":"Kunai"},{"floor":40.0,"key":"Du-Vu Doll"},{"floor":42.0,"key":"HornCleat"},{"floor":42.0,"key":"Happy Flower"},{"floor":44.0,"key":"Lizard Tail"},{"floor":46.0,"key":"Toxic Egg 2"},{"floor":46.0,"key":"PreservedInsect"},{"floor":48.0,"key":"Mummified Hand"},{"floor":48.0,"key":"Ice Cream"},{"floor":55.0,"key":"Gambling Chip"},{"floor":55.0,"key":"War Paint"}],"event_choices":[{"cards_removed":["Strike_B"],"damage_healed":0.0,"max_hp_gain":0.0,"max_hp_loss":0.0,"gold_gain":0.0,"event_name":"The Cleric","player_choice":"Card Removal","floor":2.0,"gold_loss":75.0,"damage_taken":0.0},{"cards_removed":["Dualcast"],"damage_healed":0.0,"max_hp_gain":0.0,"max_hp_loss":0.0,"gold_gain":0.0,"event_name":"Back to Basics","player_choice":"Elegance","floor":21.0,"gold_loss":0.0,"damage_taken":0.0},{"damage_healed":0.0,"max_hp_gain":0.0,"max_hp_loss":0.0,"gold_gain":0.0,"event_name":"Masked Bandits","player_choice":"Fought Bandits","floor":22.0,"gold_loss":0.0,"damage_taken":0.0},{"damage_healed":0.0,"max_hp_gain":0.0,"max_hp_loss":0.0,"gold_gain":0.0,"event_name":"N\u0027loth","player_choice":"Traded Relic","floor":28.0,"relics_lost":["Whetstone"],"gold_loss":0.0,"damage_taken":0.0,"relics_obtained":["Nloth\u0027s Gift"]},{"cards_removed":["Consume"],"damage_healed":0.0,"max_hp_gain":0.0,"max_hp_loss":0.0,"gold_gain":0.0,"event_name":"Wheel of Change","player_choice":"Card Removal","floor":38.0,"gold_loss":0.0,"damage_taken":0.0},{"damage_healed":0.0,"max_hp_gain":0.0,"max_hp_loss":0.0,"gold_gain":0.0,"event_name":"Mysterious Sphere","player_choice":"Fight","floor":44.0,"gold_loss":0.0,"damage_taken":0.0},{"damage_healed":0.0,"max_hp_gain":0.0,"max_hp_loss":0.0,"gold_gain":0.0,"event_name":"SensoryStone","player_choice":"Memory 3","floor":47.0,"gold_loss":0.0,"damage_taken":10.0}],"is_beta":true,"boss_relics":[{"not_picked":["Runic Dome","Empty Cage"],"picked":"Pandora\u0027s Box"},{"not_picked":["Tiny House","Snecko Eye"],"picked":"SacredBark"}],"items_purged_floors":[20],"is_endless":false,"potions_floor_spawned":[5,6,8,12,14,18,22,23,25,29,30,33,35,37,39,40,41,42,44,45,48,55],"ascension_level":20}