{"gold_per_floor":[111,111,25,25,25,25,25,57,57,80,97,107,29,29,29,103,103,115,115,131,56,69,69,98,98,149,149,149,161,161,174,174,246,246,260,9,26,39,39,39,39,64,64,84,21,32,32,45,45,45,45,45,45,4,34,34],"floor_reached":57,"playtime":2161,"items_purged":["Underhanded Strike","Envenom","Corpse Explosion"],"score":2996,"play_id":"eecaea48-d89c-48d9-b3af-d10b8bd26abb","local_time":"20190924221528","is_ascension_mode":true,"campfire_choices":[{"data":"Noxious Fumes","floor":6.0,"key":"SMITH"},{"data":"Tactician","floor":15.0,"key":"SMITH"},{"floor":23.0,"key":"REST"},{"data":"Neutralize","floor":28.0,"key":"SMITH"},{"data":"Well Laid Plans","floor":30.0,"key":"SMITH"},{"data":"Acrobatics","floor":32.0,"key":"SMITH"},{"data":"Acrobatics","floor":40.0,"key":"SMITH"},{"data":"Backflip","floor":47,"key":"SMITH"},{"floor":49,"key":"RECALL"},{"floor":53,"key":"DIG"}],"neow_cost":"NONE","seed_source_timestamp":192929073907574,"circlet_count":0,"master_deck":["AscendersBane","Survivor","Neutralize+1","Acrobatics+1","Noxious Fumes+1","Well Laid Plans+1","Tactician+1","Footwork","Doppelganger","Catalyst","Backstab","Malaise","Backstab","Cloak And Dagger+1","Acrobatics+1","Backflip+1","Well Laid Plans+1","Grand Finale"],"special_seed":0,"relics":["Ring of the Snake","NeowsBlessing","Gremlin Horn","Lantern","Shovel","Paper Crane","Odd Mushroom","Pandora\u0027s Box","Bronze Scales","Empty Cage","Membership Card","Frozen Egg 2","Darkstone Periapt","Pear","Blood Vial"],"potions_floor_usage":[50,55,56],"damage_taken":[{"damage":0.0,"enemies":"Jaw Worm","floor":1.0,"turns":1.0},{"damage":0.0,"enemies":"Gremlin Nob","floor":8.0,"turns":1.0},{"damage":0.0,"enemies":"The Mushroom Lair","floor":10.0,"turns":1.0},{"damage":0.0,"enemies":"Small Slimes","floor":11.0,"turns":3.0},{"damage":0.0,"enemies":"2 Louse","floor":12.0,"turns":3.0},{"damage":12.0,"enemies":"The Guardian","floor":16.0,"turns":13.0},{"damage":9.0,"enemies":"Shell Parasite","floor":18.0,"turns":5.0},{"damage":17.0,"enemies":"2 Thieves","floor":20.0,"turns":2.0},{"damage":0.0,"enemies":"Cultist and Chosen","floor":22.0,"turns":3.0},{"damage":6.0,"enemies":"Book of Stabbing","floor":24.0,"turns":6.0},{"damage":0.0,"enemies":"Snecko","floor":29.0,"turns":4.0},{"damage":0.0,"enemies":"Centurion and Healer","floor":31.0,"turns":4.0},{"damage":0.0,"enemies":"Automaton","floor":33.0,"turns":5.0},{"damage":0.0,"enemies":"3 Shapes","floor":35.0,"turns":3.0},{"damage":2.0,"enemies":"3 Darklings","floor":37.0,"turns":2.0},{"damage":0.0,"enemies":"Sphere and 2 Shapes","floor":38.0,"turns":4.0},{"damage":0,"enemies":"Giant Head","floor":42,"turns":3},{"damage":9,"enemies":"Spire Growth","floor":44,"turns":3},{"damage":0,"enemies":"3 Darklings","floor":46,"turns":2},{"damage":0,"enemies":"Jaw Worm Horde","floor":48,"turns":2},{"damage":0,"enemies":"Awakened One","floor":50,"turns":2},{"damage":3,"enemies":"Time Eater","floor":51,"turns":5},{"damage":0,"enemies":"Shield and Spear","floor":55,"turns":2},{"damage":33,"enemies":"The Heart","floor":56,"turns":5}],"seed_played":"2311277570166814294","potions_obtained":[{"floor":8.0,"key":"AttackPotion"},{"floor":11.0,"key":"Swift Potion"},{"floor":18.0,"key":"Dexterity Potion"},{"floor":29.0,"key":"Fire Potion"},{"floor":42,"key":"Explosive Potion"},{"floor":48,"key":"Swift Potion"}],"is_trial":false,"path_per_floor":["M","?","$","?","T","R","?","E","T","?","M","M","$","$","R","B",null,"M","?","M","$","M","R","E","$","T","?","R","M","R","M","R","B",null,"M","$","M","M","?","R","?","E","T","M","$","M","R","M","R","B","B",null,"R","$","E","B",null],"character_chosen":"THE_SILENT","items_purchased":["Noxious Fumes","Footwork","Membership Card","Swift Potion","GamblersBrew"],"campfire_rested":1,"item_purchase_floors":[3,13,36,36,54],"current_hp_per_floor":[59,24,24,24,24,24,17,17,17,17,17,17,17,17,17,5,51,42,24,7,7,7,28,22,22,22,22,22,22,22,22,22,22,59,59,59,57,57,57,57,57,57,57,48,48,48,48,48,48,48,45,62,72,72,72,41],"gold":34,"neow_bonus":"THREE_ENEMY_KILL","is_prod":false,"is_daily":false,"chose_seed":false,"campfire_upgraded":7,"win_rate":0,"timestamp":1569334528,"path_taken":["M","?","?","?","?","R","?","E","T","?","M","M","?","$","R","BOSS","M","?","M","$","M","R","E","$","T","?","R","M","R","M","R","BOSS","M","$","M","M","?","R","?","E","T","M","$","?","R","?","R","BOSS","BOSS","R","$","E","BOSS"],"build_version":"2019-09-23","purchased_purges":3,"victory":true,"max_hp_per_floor":[66,66,66,66,66,66,66,66,66,66,66,66,66,66,66,66,66,66,71,71,71,71,71,71,71,71,71,71,71,71,71,71,71,71,71,71,71,71,67,67,67,67,67,67,67,67,67,67,67,67,67,67,77,77,77,77],"card_choices":[{"not_picked":["Poisoned Stab","Cloak And Dagger"],"picked":"Acrobatics","floor":1.0},{"not_picked":["Flying Knee","Slice","Outmaneuver"],"picked":"SKIP","floor":8.0},{"not_picked":["Deadly Poison","Heel Hook"],"picked":"Well Laid Plans","floor":10.0},{"not_picked":["Quick Slash","Skewer","Accuracy"],"picked":"SKIP","floor":11.0},{"not_picked":["Blade Dance","Backstab"],"picked":"Tactician","floor":12.0},{"not_picked":["Glass Knife","Die Die Die"],"picked":"Doppelganger","floor":16.0},{"not_picked":["Deflect","Predator"],"picked":"Cloak And Dagger+1","floor":18.0},{"not_picked":["Dagger Throw","Outmaneuver","Blade Dance"],"picked":"SKIP","floor":20.0},{"not_picked":["Bane","Masterful Stab"],"picked":"Acrobatics","floor":22.0},{"not_picked":["Terror","Dagger Spray"],"picked":"Backflip","floor":24.0},{"not_picked":["Cloak And Dagger","Blade Dance+1","Caltrops"],"picked":"SKIP","floor":29.0},{"not_picked":["Outmaneuver","Flying Knee","Masterful Stab+1"],"picked":"SKIP","floor":31.0},{"not_picked":["Sucker Punch","Dodge and Roll+1","Backflip+1"],"picked":"SKIP","floor":35.0},{"not_picked":["Underhanded Strike","Eviscerate+1"],"picked":"Well Laid Plans+1","floor":37.0},{"not_picked":["Flechettes","Slice"],"picked":"Grand Finale","floor":38.0},{"not_picked":["Underhanded Strike","Leg Sweep+1","Backflip+1"],"picked":"SKIP","floor":42},{"not_picked":["Crippling Poison","Caltrops+1","Deflect+1"],"picked":"SKIP","floor":44},{"not_picked":["Expertise","Caltrops+1","Tactician"],"picked":"SKIP","floor":46},{"not_picked":["Underhanded Strike","Outmaneuver","Slice"],"picked":"SKIP","floor":48},{"not_picked":["Underhanded Strike","Predator","Crippling Poison+1"],"picked":"SKIP","floor":55}],"player_experience":975581,"relics_obtained":[{"floor":5.0,"key":"Lantern"},{"floor":8.0,"key":"Shovel"},{"floor":9.0,"key":"Paper Crane"},{"floor":10.0,"key":"Odd Mushroom"},{"floor":24.0,"key":"Bronze Scales"},{"floor":42,"key":"Frozen Egg 2"},{"floor":43,"key":"Darkstone Periapt"},{"floor":53,"key":"Pear"},{"floor":55,"key":"Blood Vial"}],"event_choices":[{"damage_healed":0.0,"max_hp_gain":0.0,"max_hp_loss":0.0,"gold_gain":0.0,"event_name":"Scrap Ooze","player_choice":"Success","floor":2.0,"gold_loss":0.0,"damage_taken":35.0,"relics_obtained":["Gremlin Horn"]},{"damage_healed":0.0,"max_hp_gain":0.0,"max_hp_loss":0.0,"gold_gain":0.0,"event_name":"Liars Game","player_choice":"Ignored","floor":4.0,"gold_loss":0.0,"damage_taken":0.0},{"cards_removed":["Strike_G"],"damage_healed":0.0,"max_hp_gain":0.0,"max_hp_loss":0.0,"gold_gain":0.0,"event_name":"Golden Wing","player_choice":"Card Removal","floor":7.0,"gold_loss":0.0,"damage_taken":7.0},{"damage_healed":0.0,"max_hp_gain":0.0,"max_hp_loss":0.0,"gold_gain":0.0,"event_name":"Mushrooms","player_choice":"Fought Mushrooms","floor":10.0,"gold_loss":0.0,"damage_taken":0.0},{"damage_healed":0.0,"max_hp_gain":5.0,"max_hp_loss":0.0,"gold_gain":0.0,"event_name":"Forgotten Altar","player_choice":"Shed Blood","floor":19.0,"gold_loss":0.0,"damage_taken":23.0},{"damage_healed":0.0,"max_hp_gain":0.0,"max_hp_loss":0.0,"gold_gain":0.0,"event_name":"Cursed Tome","player_choice":"Ignored","floor":27.0,"gold_loss":0.0,"damage_taken":0.0},{"damage_healed":0.0,"max_hp_gain":0.0,"max_hp_loss":4.0,"gold_gain":0.0,"event_name":"Winding Halls","player_choice":"Max HP","floor":39.0,"gold_loss":0.0,"damage_taken":0.0},{"damage_healed":0,"gold_gain":0,"player_choice":"Memory 1","damage_taken":0,"max_hp_gain":0,"max_hp_loss":0,"event_name":"SensoryStone","floor":41,"gold_loss":0}],"is_beta":true,"boss_relics":[{"not_picked":["SacredBark","Tiny House"],"picked":"Pandora\u0027s Box"},{"not_picked":["Busted Crown","SlaversCollar"],"picked":"Empty Cage"}],"items_purged_floors":[21,36,45],"is_endless":false,"potions_floor_spawned":[8,11,18,29,42,48],"ascension_level":20}