{"gold_per_floor":[121,58,69,89,99,99,133,133,158,189,202,202,167,194,194,294,294,314,332,332,345,46,75,75,92,92,127,127,141,41,54,54,54],"floor_reached":33,"playtime":1897,"items_purged":["Strike_G","Strike_G"],"score":322,"play_id":"7f39d9ac-6d20-4915-8763-0144569efd75","local_time":"20191005105553","is_ascension_mode":true,"campfire_choices":[{"data":"Bouncing Flask","floor":6,"key":"SMITH"},{"data":"Bouncing Flask","floor":8,"key":"SMITH"},{"floor":15,"key":"REST"},{"floor":24,"key":"REST"},{"floor":28,"key":"REST"},{"floor":32,"key":"REST"}],"neow_cost":"NONE","seed_source_timestamp":3112191155500,"circlet_count":0,"master_deck":["Strike_G","Strike_G","Strike_G","Defend_G+1","Defend_G","Defend_G","Defend_G","Defend_G","Survivor+1","Neutralize","Bouncing Flask+1","Bane","Distraction","Bouncing Flask+1","After Image","Die Die Die","Distraction","Poisoned Stab","Prepared+1"],"relics":["Ring of the Snake","MawBank","Ancient Tea Set","Centennial Puzzle","War Paint","Lantern","Nloth\u0027s Gift","Snake Skull","PreservedInsect","Art of War","Juzu Bracelet","Bag of Preparation"],"potions_floor_usage":[7,7,11,33,33],"damage_taken":[{"damage":1,"enemies":"Jaw Worm","floor":1,"turns":5},{"damage":2,"enemies":"Small Slimes","floor":3,"turns":5},{"damage":0,"enemies":"Cultist","floor":4,"turns":3},{"damage":8,"enemies":"Exordium Wildlife","floor":5,"turns":3},{"damage":17,"enemies":"Gremlin Nob","floor":7,"turns":4},{"damage":23,"enemies":"3 Sentries","floor":10,"turns":6},{"damage":16,"enemies":"Gremlin Gang","floor":11,"turns":3},{"damage":5,"enemies":"Lagavulin","floor":14,"turns":5},{"damage":13,"enemies":"The Guardian","floor":16,"turns":7},{"damage":11,"enemies":"2 Thieves","floor":18,"turns":4},{"damage":0,"enemies":"Chosen","floor":19,"turns":5},{"damage":15,"enemies":"Snake Plant","floor":21,"turns":4},{"damage":27,"enemies":"Gremlin Leader","floor":23,"turns":4},{"damage":7,"enemies":"Centurion and Healer","floor":25,"turns":6},{"damage":13,"enemies":"Book of Stabbing","floor":27,"turns":4},{"damage":25,"enemies":"Shelled Parasite and Fungi","floor":29,"turns":4},{"damage":12,"enemies":"3 Cultists","floor":31,"turns":4},{"damage":61,"enemies":"Champ","floor":33,"turns":9}],"seed_played":"-7977830080534434478","potions_obtained":[{"floor":1,"key":"Fruit Juice"},{"floor":4,"key":"GhostInAJar"},{"floor":7,"key":"AttackPotion"},{"floor":11,"key":"Fire Potion"},{"floor":14,"key":"Explosive Potion"},{"floor":23,"key":"Block Potion"},{"floor":25,"key":"GhostInAJar"},{"floor":27,"key":"FairyPotion"}],"is_trial":false,"path_per_floor":["M","$","M","M","M","R","E","R","T","E","M","?","?","E","R","B",null,"M","M","?","M","$","E","R","M","T","E","R","M","$","M","R","B"],"character_chosen":"THE_SILENT","items_purchased":["Snake Skull","PreservedInsect"],"campfire_rested":4,"item_purchase_floors":[22,22],"current_hp_per_floor":[69,69,67,67,59,59,47,47,47,24,8,8,26,21,43,30,75,64,64,64,49,49,22,44,37,37,24,46,21,21,9,31,0],"gold":54,"neow_bonus":"RANDOM_COMMON_RELIC","is_prod":false,"is_daily":false,"chose_seed":false,"campfire_upgraded":2,"win_rate":0,"timestamp":1570265753,"path_taken":["M","$","M","M","M","R","E","R","T","E","M","?","?","E","R","BOSS","M","M","?","M","$","E","R","M","T","E","R","M","$","M","R","BOSS"],"build_version":"2019-07-17","purchased_purges":2,"victory":false,"max_hp_per_floor":[70,70,70,70,70,70,75,75,75,75,75,75,75,75,75,75,75,75,75,75,75,75,75,75,75,75,75,75,75,75,75,75,75],"card_choices":[{"not_picked":["Sucker Punch","Quick Slash"],"picked":"Bouncing Flask","floor":1},{"not_picked":["Distraction","Terror"],"picked":"Bane","floor":3},{"not_picked":["Quick Slash","Expertise","Dodge and Roll"],"picked":"SKIP","floor":4},{"not_picked":["Finisher","Flying Knee"],"picked":"Distraction","floor":5},{"not_picked":["Deadly Poison","Riddle With Holes"],"picked":"Bouncing Flask","floor":7},{"not_picked":["Accuracy","Leg Sweep"],"picked":"After Image","floor":10},{"not_picked":["Acrobatics","Underhanded Strike","Slice"],"picked":"SKIP","floor":11},{"not_picked":["All Out Attack","PiercingWail","Deadly Poison"],"picked":"SKIP","floor":14},{"not_picked":["Wraith Form v2","Malaise"],"picked":"Die Die Die","floor":16},{"not_picked":["Outmaneuver","Dagger Throw"],"picked":"Distraction","floor":18},{"not_picked":["Distraction","Concentrate","Slice"],"picked":"SKIP","floor":19},{"not_picked":["Expertise+1","Slice+1","Acrobatics"],"picked":"SKIP","floor":21},{"not_picked":["Quick Slash","Blade Dance","Tactician"],"picked":"SKIP","floor":23},{"not_picked":["Flying Knee","Calculated Gamble"],"picked":"Poisoned Stab","floor":25},{"not_picked":["Heel Hook","Caltrops"],"picked":"Prepared+1","floor":27},{"not_picked":["Endless Agony+1","Doppelganger","Calculated Gamble"],"picked":"SKIP","floor":29},{"not_picked":["After Image","Prepared+1","Dagger Spray+1"],"picked":"SKIP","floor":31}],"player_experience":193142,"relics_obtained":[{"floor":7,"key":"Ancient Tea Set"},{"floor":9,"key":"Centennial Puzzle"},{"floor":10,"key":"War Paint"},{"floor":14,"key":"Lantern"},{"floor":23,"key":"Art of War"},{"floor":26,"key":"Juzu Bracelet"},{"floor":27,"key":"Bag of Preparation"}],"event_choices":[{"damage_healed":0,"gold_gain":0,"player_choice":"Ignored","damage_taken":0,"max_hp_gain":0,"max_hp_loss":0,"event_name":"Shining Light","floor":12,"gold_loss":0},{"damage_healed":18,"gold_gain":0,"player_choice":"Healed","damage_taken":0,"max_hp_gain":0,"max_hp_loss":0,"event_name":"The Cleric","floor":13,"gold_loss":35},{"damage_healed":0,"gold_gain":0,"player_choice":"Traded Relic","damage_taken":0,"relics_obtained":["Nloth\u0027s Gift"],"max_hp_gain":0,"max_hp_loss":0,"event_name":"N\u0027loth","floor":20,"relics_lost":["Sozu"],"gold_loss":0}],"is_beta":false,"boss_relics":[{"not_picked":["Eternal Feather","Cursed Key"],"picked":"Sozu"}],"items_purged_floors":[2,30],"is_endless":false,"potions_floor_spawned":[1,4,7,11,14,19,23,25,27,29],"killed_by":"Champ","ascension_level":1}