{"path_per_floor":["M","M","?","M","?","R","?","R","T","M","T","R","E","M","R","B",null,"M","?","M","M","M","R","M","R","T","E","$","E","R","M","R"],"character_chosen":"THE_SILENT","items_purchased":["Blur","Ancient Tea Set"],"gold_per_floor":[115,129,129,141,216,216,216,216,216,232,232,232,260,279,279,374,374,391,291,306,320,331,331,342,342,342,373,67,101,101,117,117],"floor_reached":33,"campfire_rested":3,"playtime":1606,"current_hp_per_floor":[58,58,58,50,39,39,39,39,39,31,31,52,45,45,45,45,64,64,64,64,53,48,48,30,51,65,34,34,41,41,41,68],"items_purged":["Parasite"],"gold":117,"score":480,"play_id":"87636d03-8c72-4cfa-9bab-7f9ec7d040e8","is_prod":false,"is_daily":false,"is_ascension_mode":true,"campfire_upgraded":5,"path_taken":["M","M","?","?","?","R","?","R","T","M","?","R","E","?","R","BOSS","M","?","?","M","?","R","M","R","T","E","$","E","R","M","R","BOSS"],"build_version":"2018-02-12-PROD1","purchased_purges":1,"victory":false,"master_deck":["Defend_G","Defend_G","Defend_G","Defend_G","Defend_G","Strike_G","Strike_G","Strike_G","Strike_G","Survivor","Neutralize+1","Bouncing Flask+1","Dagger Spray+1","Blade Dance","Escape Plan","Envenom+1","After Image","Backflip","J.A.X.+1","Infinite Blades","Outmaneuver","Backflip","Acrobatics","Blur+1","Bane+1"],"max_hp_per_floor":[70,70,70,70,70,70,70,70,70,70,70,70,70,70,70,70,70,70,70,70,70,70,70,70,70,84,84,81,91,91,91,91],"relics":["Ring of the Snake","Thread and Needle","Orichalcum","Torii","Cursed Key","Mango","Frozen Eye","Ancient Tea Set","Pear"],"card_choices":[{"not_picked":["Dagger Spray","Deadly Poison"],"picked":"Bouncing Flask"},{"not_picked":["Slice","Crippling Poison"],"picked":"Dagger Spray"},{"not_picked":["Outmaneuver","Underhanded Strike"],"picked":"Blade Dance"},{"not_picked":["Flechettes","Slice"],"picked":"Escape Plan"},{"not_picked":["Backstab","Riddle With Holes"],"picked":"Envenom"},{"not_picked":["Glass Knife","Die Die Die"],"picked":"After Image"},{"not_picked":["Bane","Dagger Throw"],"picked":"Backflip"},{"not_picked":["Backstab","Cloak And Dagger"],"picked":"Infinite Blades"},{"not_picked":["All Out Attack","Leg Sweep"],"picked":"Outmaneuver"},{"not_picked":["Dash","Poisoned Stab"],"picked":"Backflip"},{"not_picked":["Crippling Poison","Slice"],"picked":"Acrobatics"},{"not_picked":["PiercingWail","Bouncing Flask"],"picked":"Bane"}],"player_experience":164990,"potions_floor_usage":[10,24,24,27,29],"damage_taken":[{"damage":5,"enemies":"Cultist","floor":1,"turns":6},{"damage":0,"enemies":"Blue Slaver","floor":2,"turns":4},{"damage":8,"enemies":"2 Louse","floor":4,"turns":4},{"damage":8,"enemies":"Gremlin Gang","floor":10,"turns":3},{"damage":7,"enemies":"Lagavulin","floor":13,"turns":5},{"damage":0,"enemies":"2 Fungi Beasts","floor":14,"turns":3},{"damage":0,"enemies":"The Guardian","floor":16,"turns":8},{"damage":0,"enemies":"Shell Parasite","floor":18,"turns":5},{"damage":0,"enemies":"3 Byrds","floor":20,"turns":4},{"damage":11,"enemies":"Snecko","floor":21,"turns":4},{"damage":5,"enemies":"Sentry and Sphere","floor":22,"turns":5},{"damage":18,"enemies":"Chosen and Byrds","floor":24,"turns":5},{"damage":31,"enemies":"Slavers","floor":27,"turns":6},{"damage":3,"enemies":"Gremlin Leader","floor":29,"turns":6},{"damage":0,"enemies":"3 Cultists","floor":31,"turns":5},{"damage":70,"enemies":"Automaton","floor":33,"turns":6}],"event_choices":[{"event_name":"Wheel of Change","player_choice":"Card Removal","floor":3,"damage_taken":0},{"event_name":"World of Goop","player_choice":"Gather Gold","floor":5,"damage_taken":0},{"event_name":"Upgrade Shrine","player_choice":"Upgraded","floor":7,"damage_taken":0},{"event_name":"Drug Dealer","player_choice":"Got JAXXED","floor":19,"damage_taken":0}],"boss_relics":[{"not_picked":["Eternal Feather","Astrolabe"],"picked":"Cursed Key"}],"potions_floor_spawned":[4,16,21,24,27,29],"seed_played":"5671059954927152654","killed_by":"Automaton","ascension_level":7,"is_trial":false}