{"path_per_floor":["M","?","?","M","$","E","R","E","T","E","?","$","?","$","R","B",null,"M","$","M","?","M","R","M","R","T","R","?","R","M","E","R","B",null,"M","M","$","M","?","R","M","?","T","R","?","M","$","M","R"],"character_chosen":"THE_SILENT","items_purchased":["Accuracy","A Thousand Cuts","Bronze Scales","Regen Potion","Infinite Blades","Ornamental Fan","Well Laid Plans","Block Potion","Accuracy"],"gold_per_floor":[115,115,115,125,57,85,85,116,162,196,371,6,81,29,29,125,125,135,96,116,116,128,128,146,146,173,173,423,423,436,468,468,573,573,588,607,132,144,144,144,155,155,232,232,232,247,54,74,74],"floor_reached":50,"campfire_rested":5,"playtime":4821,"current_hp_per_floor":[70,63,63,63,63,26,47,43,43,21,21,21,10,10,31,40,70,57,57,54,54,56,56,43,64,64,64,64,64,52,14,35,9,77,26,19,19,17,36,36,34,67,67,67,67,43,43,31,51],"items_purged":["Strike_G","Normality","Normality"],"gold":74,"play_id":"8cd46094-69b4-4558-9d3b-9d058d635755","is_prod":false,"is_daily":false,"is_ascension_mode":false,"campfire_upgraded":5,"path_taken":["M","?","?","M","$","E","R","E","T","E","?","$","?","$","R","BOSS","M","$","M","?","M","R","M","R","T","R","?","R","M","E","R","BOSS","M","M","$","M","?","R","?","?","T","R","?","?","$","M","R","BOSS"],"build_version":"2018-01-25-PROD3","purchased_purges":3,"victory":false,"master_deck":["Defend_G","Defend_G","Defend_G","Defend_G","Defend_G","Strike_G","Strike_G+1","Survivor","Neutralize+1","Backflip","Neutralize","Tools of the Trade","Accuracy+1","Choke","A Thousand Cuts+1","A Thousand Cuts+1","After Image","Infinite Blades+1","Regret","Regret","Terror+1","Outmaneuver","Decay","Dash+1","Well Laid Plans","Writhe","Prepared+1","Clumsy","Accuracy"],"max_hp_per_floor":[70,70,70,70,70,70,70,70,70,70,70,70,70,70,70,70,70,70,70,70,70,70,70,70,70,70,70,70,70,70,70,70,70,77,77,77,77,77,77,77,77,67,67,67,67,67,67,67,67],"relics":["Ring of the Snake","Whetstone","Blood Vial","Lantern","Bottled Flame","Bronze Scales","Cursed Key","Prayer Wheel","Calipers","Calling Bell","Strawberry","Bird Faced Urn","Bag of Preparation","Ornamental Fan","Ninja Scroll"],"card_choices":[{"not_picked":["Crippling Poison","Dodge and Roll"],"picked":"Backflip"},{"not_picked":["Sucker Punch","Dodge and Roll"],"picked":"Tools of the Trade"},{"not_picked":["Noxious Fumes","Bane"],"picked":"Choke"},{"not_picked":["Slice","Heel Hook"],"picked":"A Thousand Cuts"},{"not_picked":["Burst","Phantasmal Killer"],"picked":"After Image"},{"not_picked":["Dagger Spray","Heel Hook"],"picked":"Terror"},{"not_picked":["Unload","Poisoned Stab"],"picked":"Outmaneuver"},{"not_picked":["Sucker Punch","Outmaneuver"],"picked":"Dash"},{"not_picked":["Deflect","PiercingWail"],"picked":"Prepared"}],"player_experience":45504,"potions_floor_usage":[8,8,16,31,33,35,41,46,50,50],"damage_taken":[{"damage":0,"enemies":"Small Slimes","floor":1,"turns":3},{"damage":0,"enemies":"Jaw Worm","floor":4,"turns":5},{"damage":37,"enemies":"3 Sentries","floor":6,"turns":15},{"damage":13,"enemies":"Gremlin Nob","floor":8,"turns":4},{"damage":24,"enemies":"Lagavulin","floor":10,"turns":8},{"damage":8,"enemies":"The Guardian","floor":16,"turns":16},{"damage":13,"enemies":"3 Byrds","floor":18,"turns":4},{"damage":5,"enemies":"Spheric Guardian","floor":20,"turns":5},{"damage":0,"enemies":"Snecko","floor":22,"turns":4},{"damage":15,"enemies":"Snake Plant","floor":24,"turns":4},{"damage":14,"enemies":"Centurion and Healer","floor":30,"turns":6},{"damage":46,"enemies":"Slavers","floor":31,"turns":4},{"damage":28,"enemies":"Automaton","floor":33,"turns":9},{"damage":57,"enemies":"3 Darklings","floor":35,"turns":5},{"damage":21,"enemies":"Orb Walker","floor":36,"turns":5},{"damage":18,"enemies":"Maw","floor":38,"turns":8},{"damage":18,"enemies":"Sphere and 2 Shapes","floor":41,"turns":5},{"damage":30,"enemies":"3 Darklings","floor":46,"turns":4},{"damage":20,"enemies":"4 Shapes","floor":48,"turns":3},{"damage":81,"enemies":"Donu and Deca","floor":50,"turns":7}],"event_choices":[{"event_name":"Golden Wing","player_choice":"Card Removal","floor":2,"damage_taken":0},{"event_name":"Match and Keep!","player_choice":"1 cards matched","floor":3,"damage_taken":0},{"event_name":"Liars Game","player_choice":"agreed","floor":11,"damage_taken":0},{"event_name":"World of Goop","player_choice":"Gather Gold","floor":13,"damage_taken":0},{"event_name":"Purifier","player_choice":"One Purge","floor":21,"damage_taken":0},{"event_name":"Golden Shrine","player_choice":"Desecrate","floor":28,"damage_taken":0},{"event_name":"Winding Halls","player_choice":"Writhe","floor":39,"damage_taken":0},{"event_name":"The Moai Head","player_choice":"Heal","floor":42,"damage_taken":0},{"event_name":"Tomb of Lord Red Mask","player_choice":"Ignored","floor":45,"damage_taken":0}],"boss_relics":[{"not_picked":["White Beast Statue","Sozu"],"picked":"Cursed Key"},{"not_picked":["Question Card","The Specimen"],"picked":"Calling Bell"}],"potions_floor_spawned":[4,6,10,22,30,31,36,46],"seed_played":"2047931129658980547","killed_by":"Donu and Deca","ascension_level":0,"is_trial":false}