{"path_per_floor":["M","M","M","M","M","$","?","M","T","M","M","M","$","M","R","B",null,"M","?","?","$","M"],"character_chosen":"THE_SILENT","items_purchased":["Noxious Fumes","Noxious Fumes","Regen Potion"],"gold_per_floor":[109,120,130,145,161,16,16,29,29,47,67,85,9,22,22,127,127,142,142,67,19,36],"floor_reached":23,"campfire_rested":1,"playtime":2329,"current_hp_per_floor":[61,56,54,36,32,32,32,28,28,23,23,15,15,13,34,16,70,70,54,54,54,69],"items_purged":["Strike_G"],"gold":36,"play_id":"b28cd910-5e60-40d7-908b-8320a9677008","is_prod":false,"is_daily":false,"is_ascension_mode":false,"campfire_upgraded":0,"path_taken":["M","M","M","M","?","$","?","M","T","M","M","?","$","?","R","BOSS","M","?","?","?","?","E"],"build_version":"2018-01-25-PROD3","purchased_purges":1,"victory":false,"master_deck":["Defend_G","Defend_G","Defend_G","Defend_G","Defend_G","Strike_G","Strike_G","Survivor","Neutralize","Deadly Poison","Noxious Fumes","Outmaneuver","Backflip","Backflip","Noxious Fumes","Burst","Prepared","Flechettes"],"max_hp_per_floor":[70,70,70,70,70,70,70,70,70,70,70,70,70,70,70,70,70,70,70,70,70,70],"relics":["Ring of the Snake","Gremlin Horn","Velvet Choker","Enchiridion"],"card_choices":[{"not_picked":["Dagger Throw","Flying Knee"],"picked":"Deadly Poison"},{"not_picked":["Distraction","Quick Slash"],"picked":"Outmaneuver"},{"not_picked":["Blur","Acrobatics"],"picked":"Backflip"},{"not_picked":["Cloak And Dagger","Deadly Poison"],"picked":"Backflip"},{"not_picked":["Venomology","Unload"],"picked":"Burst"},{"not_picked":["Malaise","Slice"],"picked":"Prepared"},{"not_picked":["Dagger Throw","Finisher"],"picked":"Flechettes"}],"player_experience":57959,"potions_floor_usage":[4,10,12,16,22],"damage_taken":[{"damage":9,"enemies":"Blue Slaver","floor":1,"turns":6},{"damage":5,"enemies":"Small Slimes","floor":2,"turns":7},{"damage":2,"enemies":"2 Louse","floor":3,"turns":3},{"damage":30,"enemies":"Gremlin Gang","floor":4,"turns":7},{"damage":4,"enemies":"Large Slime","floor":5,"turns":8},{"damage":4,"enemies":"Exordium Wildlife","floor":8,"turns":7},{"damage":5,"enemies":"Lots of Slimes","floor":10,"turns":2},{"damage":0,"enemies":"2 Fungi Beasts","floor":11,"turns":4},{"damage":8,"enemies":"Exordium Thugs","floor":12,"turns":7},{"damage":2,"enemies":"Gremlin Gang","floor":14,"turns":4},{"damage":18,"enemies":"The Guardian","floor":16,"turns":10},{"damage":0,"enemies":"Shell Parasite","floor":18,"turns":6},{"damage":0,"enemies":"3 Byrds","floor":22,"turns":6},{"damage":73,"enemies":"Book of Stabbing","floor":23,"turns":9}],"event_choices":[{"event_name":"Living Wall","player_choice":"Forget","floor":7,"damage_taken":0},{"event_name":"Cursed Tome","player_choice":"Obtained Book","floor":19,"damage_taken":0},{"event_name":"Beggar","player_choice":"Gave Gold","floor":20,"damage_taken":0}],"boss_relics":[{"not_picked":["Lizard Tail","Philosopher\u0027s Stone"],"picked":"Velvet Choker"}],"potions_floor_spawned":[3,5,8,11,22],"seed_played":"-5078598902051442155","killed_by":"Book of Stabbing","ascension_level":0,"is_trial":false}