{"gold_per_floor":[109,109,109,119,119,149,149,179,202,202,202,160,160,178,178,307,307,330,54,54,77,102,102,120,120],"floor_reached":25,"playtime":1013,"items_purged":[],"score":209,"play_id":"37072b61-34cc-40bd-bd61-9d38cbb145a2","local_time":"20191003141712","is_ascension_mode":false,"campfire_choices":[{"floor":7.0,"key":"REST"},{"floor":10.0,"key":"REST"},{"floor":13.0,"key":"REST"},{"data":"Beam Cell","floor":15.0,"key":"SMITH"},{"data":"Rebound","floor":23,"key":"SMITH"}],"neow_cost":"NONE","seed_source_timestamp":0,"circlet_count":0,"master_deck":["Strike_B","Strike_B+1","Strike_B","Defend_B","Defend_B","Defend_B","Zap+1","Dualcast+1","Beam Cell+1","Rebound+1","Leap+1","Streamline+1"],"special_seed":0,"relics":["Cracked Core","Art of War","Blood Vial","Golden Idol","Empty Cage","Membership Card","Dream Catcher","Nloth\u0027s Gift"],"potions_floor_usage":[24,25],"damage_taken":[{"damage":6.0,"enemies":"Jaw Worm","floor":1.0,"turns":3.0},{"damage":5.0,"enemies":"Small Slimes","floor":4.0,"turns":3.0},{"damage":29.0,"enemies":"3 Sentries","floor":6.0,"turns":8.0},{"damage":33.0,"enemies":"Gremlin Nob","floor":8.0,"turns":4.0},{"damage":0.0,"enemies":"Cultist","floor":14.0,"turns":3.0},{"damage":19.0,"enemies":"Slime Boss","floor":16.0,"turns":7.0},{"damage":14.0,"enemies":"Spheric Guardian","floor":18.0,"turns":4.0},{"damage":12,"enemies":"Shell Parasite","floor":21,"turns":5},{"damage":23,"enemies":"Chosen and Byrds","floor":22,"turns":7},{"damage":6,"enemies":"Centurion and Healer","floor":24,"turns":6},{"damage":31,"enemies":"Gremlin Leader","floor":25,"turns":6}],"seed_played":"-6257961079383716951","potions_obtained":[{"floor":6.0,"key":"Poison Potion"},{"floor":16.0,"key":"FearPotion"},{"floor":22,"key":"Regen Potion"},{"floor":24,"key":"Fire Potion"}],"is_trial":false,"path_per_floor":["M","?","?","M","$","E","R","E","T","R","?","?","R","M","R","B",null,"M","$","?","M","M","R","M","E"],"character_chosen":"DEFECT","items_purchased":["Membership Card","Dream Catcher"],"campfire_rested":3,"item_purchase_floors":[19,19],"current_hp_per_floor":[76,60,60,55,55,26,50,17,17,41,41,41,63,65,65,48,76,62,62,62,52,31,31,41,12],"gold":120,"neow_bonus":"TEN_PERCENT_HP_BONUS","is_prod":false,"is_daily":false,"chose_seed":false,"campfire_upgraded":2,"win_rate":0.0,"timestamp":1570105032,"path_taken":["M","?","?","M","$","E","R","E","T","R","?","?","R","M","R","BOSS","M","$","?","M","M","R","M","E"],"build_version":"2019-07-17","purchased_purges":0,"victory":false,"max_hp_per_floor":[82,82,82,82,82,82,82,82,82,82,76,76,76,76,76,76,76,76,76,76,76,76,76,76,76],"card_choices":[{"not_picked":["Barrage","Compile Driver","Lockon"],"picked":"SKIP","floor":1.0},{"not_picked":["Consume","Compile Driver"],"picked":"Beam Cell","floor":4.0},{"not_picked":["Tempest","Conserve Battery","Steam Power"],"picked":"SKIP","floor":6.0},{"not_picked":["Turbo","Fusion","Rainbow"],"picked":"SKIP","floor":8.0},{"not_picked":["Reprogram","Self Repair"],"picked":"Rebound","floor":14.0},{"not_picked":["Steam","Rebound+1"],"picked":"Leap+1","floor":18.0},{"not_picked":["Turbo","Loop+1","Barrage"],"picked":"SKIP","floor":21},{"not_picked":["Blizzard","Turbo","Lockon"],"picked":"SKIP","floor":22},{"not_picked":["Self Repair","Beam Cell+1"],"picked":"Streamline+1","floor":24}],"player_experience":151773,"relics_obtained":[{"floor":6.0,"key":"Boot"},{"floor":8.0,"key":"Art of War"},{"floor":9.0,"key":"Blood Vial"}],"event_choices":[{"damage_healed":0.0,"max_hp_gain":0.0,"max_hp_loss":0.0,"gold_gain":0.0,"event_name":"Shining Light","player_choice":"Entered Light","floor":2.0,"gold_loss":0.0,"damage_taken":16.0,"cards_upgraded":["Strike_B","Dualcast"]},{"damage_healed":0.0,"max_hp_gain":0.0,"max_hp_loss":0.0,"gold_gain":0.0,"event_name":"Living Wall","player_choice":"Grow","floor":3.0,"gold_loss":0.0,"damage_taken":0.0,"cards_upgraded":["Zap"]},{"damage_healed":0.0,"max_hp_gain":0.0,"max_hp_loss":6.0,"gold_gain":0.0,"event_name":"Golden Idol","player_choice":"Lose Max HP","floor":11.0,"gold_loss":0.0,"damage_taken":0.0,"relics_obtained":["Golden Idol"]},{"damage_healed":0.0,"max_hp_gain":0.0,"max_hp_loss":0.0,"gold_gain":0.0,"event_name":"World of Goop","player_choice":"Left Gold","floor":12.0,"gold_loss":42.0,"damage_taken":0.0},{"damage_healed":0.0,"max_hp_gain":0.0,"max_hp_loss":0.0,"gold_gain":0.0,"event_name":"N\u0027loth","player_choice":"Traded Relic","floor":20.0,"relics_lost":["Boot"],"gold_loss":0.0,"damage_taken":0.0,"relics_obtained":["Nloth\u0027s Gift"]}],"is_beta":false,"boss_relics":[{"not_picked":["Snecko Eye","Ectoplasm"],"picked":"Empty Cage"}],"items_purged_floors":[],"is_endless":false,"potions_floor_spawned":[6,16,22,24],"killed_by":"Gremlin Leader","ascension_level":0}