{"gold_per_floor":[112,25,25,41,53,53,53,53,78,103,115,127,64,77,77,170,170,189,89,89,139,154,154,168,168,191,191,203,203,22,51,51,125,125,139,162,178,78,78,108,108,143,170,198,198,209,209,226,226,226,226,226,226,58,89,89],"floor_reached":57,"playtime":2429,"items_purged":["Strike_R","Strike_R","Defend_R"],"score":3417,"play_id":"e0ff8f4e-317e-4c12-a12c-9dae0754e39d","local_time":"20190923094256","is_ascension_mode":true,"campfire_choices":[{"data":"Body Slam","floor":6,"key":"SMITH"},{"data":"Burning Pact","floor":12,"key":"SMITH"},{"data":"Bash","floor":15,"key":"SMITH"},{"data":"Feed","floor":23,"key":"SMITH"},{"data":"Power Through","floor":27,"key":"SMITH"},{"floor":32,"key":"RECALL"},{"data":"Feel No Pain","floor":41,"key":"SMITH"},{"data":"Fire Breathing","floor":45,"key":"SMITH"},{"data":"Evolve","floor":47,"key":"SMITH"},{"data":"Defend_R","floor":49,"key":"SMITH"},{"data":"Defend_R","floor":53,"key":"SMITH"}],"neow_cost":"NONE","seed_source_timestamp":61266290796539,"circlet_count":0,"master_deck":["AscendersBane","Defend_R","Defend_R+1","Defend_R+1","Power Through+1","Evolve+1","Burning Pact+1","Body Slam+1","Shrug It Off+1","Feed+1","True Grit+1","Bloodletting+1","Fire Breathing+1","Finesse+1","Offering+1","CurseOfTheBell","Feel No Pain+1","Deep Breath+1","Burning Pact+1","Second Wind+1","Entrench+1","Impervious+1"],"relics":["Runic Pyramid","Toxic Egg 2","MawBank","Bloody Idol","Empty Cage","Strawberry","Akabeko","Calling Bell","Lantern","Eternal Feather","Bird Faced Urn","Happy Flower","TungstenRod","Toy Ornithopter","Champion Belt","Bag of Marbles"],"potions_floor_usage":[16,16,18,31,33,44,55,56],"damage_taken":[{"damage":14,"enemies":"2 Louse","floor":1,"turns":3},{"damage":2,"enemies":"Cultist","floor":4,"turns":5},{"damage":4,"enemies":"Jaw Worm","floor":5,"turns":4},{"damage":6,"enemies":"Blue Slaver","floor":10,"turns":6},{"damage":7,"enemies":"3 Louse","floor":14,"turns":5},{"damage":27,"enemies":"Hexaghost","floor":16,"turns":10},{"damage":15,"enemies":"Shell Parasite","floor":18,"turns":12},{"damage":1,"enemies":"Chosen","floor":22,"turns":4},{"damage":11,"enemies":"Snake Plant","floor":24,"turns":5},{"damage":9,"enemies":"Snecko","floor":28,"turns":5},{"damage":3,"enemies":"Colosseum Slavers","floor":29,"turns":8},{"damage":27,"enemies":"Slavers","floor":31,"turns":6},{"damage":18,"enemies":"Collector","floor":33,"turns":4},{"damage":30,"enemies":"3 Darklings","floor":35,"turns":5},{"damage":11,"enemies":"Orb Walker","floor":37,"turns":3},{"damage":12,"enemies":"Giant Head","floor":40,"turns":2},{"damage":13,"enemies":"Nemesis","floor":42,"turns":3},{"damage":15,"enemies":"Reptomancer","floor":44,"turns":3},{"damage":9,"enemies":"Sphere and 2 Shapes","floor":46,"turns":3},{"damage":11,"enemies":"Spire Growth","floor":48,"turns":3},{"damage":23,"enemies":"Donu and Deca","floor":50,"turns":5},{"damage":32,"enemies":"Time Eater","floor":51,"turns":11},{"damage":17,"enemies":"Shield and Spear","floor":55,"turns":3},{"damage":39,"enemies":"The Heart","floor":56,"turns":6}],"seed_played":"-6448751471233915463","potions_obtained":[{"floor":4,"key":"LiquidBronze"},{"floor":10,"key":"Fire Potion"},{"floor":16,"key":"AttackPotion"},{"floor":18,"key":"LiquidBronze"},{"floor":28,"key":"PowerPotion"},{"floor":31,"key":"BloodPotion"},{"floor":33,"key":"AttackPotion"},{"floor":40,"key":"GamblersBrew"},{"floor":44,"key":"Swift Potion"}],"is_trial":false,"path_per_floor":["M","$","?","M","M","R","?","?","T","M","?","R","$","M","R","B",null,"M","$","?","?","M","R","M","?","T","R","M","?","$","E","R","B",null,"M","T","M","$","?","E","R","E","T","E","R","M","R","M","R","B","B",null,"R","$","E","B",null],"character_chosen":"IRONCLAD","items_purchased":["Evolve","Fire Breathing","Finesse+1","Deep Breath+1","Entrench+1"],"campfire_rested":0,"item_purchase_floors":[2,30,30,38,54],"current_hp_per_floor":[54,54,54,52,48,48,48,48,48,42,42,42,42,35,35,8,53,38,38,38,38,40,40,33,33,45,45,45,46,46,28,28,33,79,62,67,69,69,69,68,80,82,87,92,104,110,114,114,114,97,75,110,122,122,112,84],"gold":89,"neow_bonus":"BOSS_RELIC","is_prod":false,"is_daily":false,"chose_seed":false,"campfire_upgraded":10,"win_rate":0,"timestamp":1569202976,"path_taken":["M","$","?","?","M","R","?","?","T","M","?","R","?","?","R","BOSS","M","$","?","?","?","R","M","?","T","R","M","?","?","E","R","BOSS","M","?","M","$","?","E","R","E","T","E","R","M","R","M","R","BOSS","BOSS","R","$","E","BOSS"],"build_version":"2019-09-20","purchased_purges":3,"victory":true,"max_hp_per_floor":[75,75,75,75,75,75,75,75,75,75,68,68,68,68,68,68,68,68,68,68,68,71,71,75,75,82,82,86,90,90,94,94,94,94,98,98,102,102,102,102,102,106,106,110,110,114,114,114,114,118,122,122,122,122,122,122],"card_choices":[{"not_picked":["Wild Strike","Headbutt"],"picked":"Power Through","floor":1},{"not_picked":["Pommel Strike","Thunderclap"],"picked":"Body Slam","floor":4},{"not_picked":["Dropkick","Body Slam","Blood for Blood"],"picked":"SKIP","floor":5},{"not_picked":["Clothesline","Flex+1"],"picked":"Shrug It Off+1","floor":10},{"not_picked":["Clothesline","Hemokinesis","Iron Wave"],"picked":"SKIP","floor":14},{"not_picked":["Demon Form","Reaper"],"picked":"Feed","floor":16},{"not_picked":["Flame Barrier+1","Rupture"],"picked":"True Grit+1","floor":18},{"not_picked":["Clothesline","Iron Wave","Havoc+1"],"picked":"SKIP","floor":22},{"not_picked":["Body Slam","Carnage"],"picked":"Bloodletting+1","floor":24},{"not_picked":["Perfected Strike","Uppercut","Pommel Strike"],"picked":"SKIP","floor":28},{"not_picked":["Cleave","Clash","Metallicize"],"picked":"SKIP","floor":31},{"not_picked":["Double Tap+1","Fiend Fire"],"picked":"Offering+1","floor":33},{"not_picked":["Ghostly Armor+1","Metallicize+1","Clothesline"],"picked":"SKIP","floor":35},{"not_picked":["Ghostly Armor+1","Headbutt"],"picked":"Feel No Pain","floor":37},{"not_picked":["Fire Breathing+1","Rampage+1"],"picked":"Second Wind+1","floor":40},{"not_picked":["Flex+1","Intimidate+1","True Grit+1"],"picked":"SKIP","floor":42},{"not_picked":["Iron Wave","Sword Boomerang","Dropkick"],"picked":"SKIP","floor":44},{"not_picked":["Pommel Strike","Bloodletting+1","Double Tap+1"],"picked":"SKIP","floor":46},{"not_picked":["Havoc+1","Blood for Blood","Body Slam"],"picked":"SKIP","floor":48},{"not_picked":["Uppercut","Anger"],"picked":"Impervious+1","floor":55}],"player_experience":926133,"relics_obtained":[{"floor":9,"key":"MawBank"},{"floor":26,"key":"Strawberry"},{"floor":31,"key":"Akabeko"},{"floor":34,"key":"Lantern"},{"floor":34,"key":"Eternal Feather"},{"floor":34,"key":"Bird Faced Urn"},{"floor":36,"key":"Happy Flower"},{"floor":40,"key":"TungstenRod"},{"floor":42,"key":"Toy Ornithopter"},{"floor":44,"key":"Champion Belt"},{"floor":55,"key":"Bag of Marbles"}],"event_choices":[{"damage_healed":0,"gold_gain":0,"cards_transformed":["Strike_R"],"player_choice":"Transformed","damage_taken":0,"max_hp_gain":0,"max_hp_loss":0,"event_name":"Transmorgrifier","floor":3,"gold_loss":0,"cards_obtained":["Burning Pact"]},{"damage_healed":0,"gold_gain":0,"player_choice":"Ignored","damage_taken":0,"max_hp_gain":0,"max_hp_loss":0,"event_name":"Liars Game","floor":7,"gold_loss":0},{"damage_healed":0,"gold_gain":0,"player_choice":"Searched \u00272\u0027 times","damage_taken":0,"relics_obtained":["Toxic Egg 2"],"max_hp_gain":0,"max_hp_loss":0,"event_name":"Dead Adventurer","floor":8,"gold_loss":0},{"damage_healed":0,"gold_gain":0,"player_choice":"Lose Max HP","damage_taken":0,"relics_obtained":["Golden Idol"],"max_hp_gain":0,"max_hp_loss":7,"event_name":"Golden Idol","floor":11,"gold_loss":0},{"damage_healed":0,"gold_gain":0,"player_choice":"Ignored","damage_taken":0,"max_hp_gain":0,"max_hp_loss":0,"event_name":"The Mausoleum","floor":20,"gold_loss":0},{"damage_healed":0,"gold_gain":50,"player_choice":"Pray","damage_taken":0,"max_hp_gain":0,"max_hp_loss":0,"event_name":"Golden Shrine","floor":21,"gold_loss":0},{"damage_healed":0,"gold_gain":0,"player_choice":"Gave Idol","damage_taken":0,"relics_obtained":["Bloody Idol"],"max_hp_gain":0,"max_hp_loss":0,"event_name":"Forgotten Altar","floor":25,"relics_lost":["Golden Idol"],"gold_loss":0},{"damage_healed":0,"gold_gain":0,"player_choice":"Fight","damage_taken":0,"max_hp_gain":0,"max_hp_loss":0,"event_name":"Colosseum","floor":29,"gold_loss":0},{"damage_healed":0,"gold_gain":0,"player_choice":"Fled From Nobs","damage_taken":0,"max_hp_gain":0,"max_hp_loss":0,"event_name":"Colosseum","floor":29,"gold_loss":0},{"damage_healed":0,"gold_gain":0,"cards_transformed":["Bash"],"player_choice":"Transformed","damage_taken":0,"max_hp_gain":0,"max_hp_loss":0,"event_name":"Transmorgrifier","floor":39,"gold_loss":0,"cards_obtained":["Burning Pact"]}],"is_beta":true,"boss_relics":[{"not_picked":["SacredBark","Ectoplasm"],"picked":"Empty Cage"},{"not_picked":["Velvet Choker","Sozu"],"picked":"Calling Bell"}],"items_purged_floors":[13,19,54],"is_endless":false,"potions_floor_spawned":[4,10,14,16,18,28,31,33,40,42,44,46],"ascension_level":20}