{"gold_per_floor":[115,40,57,57,57,92,92,105,105,115,130,130,163,179,179,277,277,293,120,220,230,230],"floor_reached":22,"playtime":707,"items_purged":["Strike_B","Strike_B"],"score":221,"play_id":"f99004ab-2296-4156-a6a6-ead5bc2f0ed8","local_time":"20190123175617","is_ascension_mode":false,"campfire_choices":[{"data":"Streamline","floor":7,"key":"SMITH"},{"data":"Zap","floor":12,"key":"SMITH"},{"floor":15,"key":"REST"}],"neow_cost":"NONE","seed_source_timestamp":498704669342000,"circlet_count":0,"master_deck":["Strike_B","Strike_B","Defend_B","Defend_B","Defend_B","Defend_B","Zap+1","Dualcast","Streamline+1","Static Discharge+1","Rebound","Machine Learning","Static Discharge","Steam+1"],"relics":["Cracked Core","NeowsBlessing","Ornamental Fan","Bottled Lightning","Bottled Flame","Philosopher\u0027s Stone"],"potions_floor_usage":[22],"damage_taken":[{"damage":0,"enemies":"Cultist","floor":1,"turns":1},{"damage":0,"enemies":"Jaw Worm","floor":3,"turns":1},{"damage":0,"enemies":"Gremlin Nob","floor":6,"turns":1},{"damage":8,"enemies":"Small Slimes","floor":8,"turns":3},{"damage":6,"enemies":"3 Louse","floor":10,"turns":2},{"damage":8,"enemies":"2 Fungi Beasts","floor":11,"turns":3},{"damage":13,"enemies":"3 Sentries","floor":13,"turns":5},{"damage":11,"enemies":"Exordium Wildlife","floor":14,"turns":3},{"damage":39,"enemies":"The Guardian","floor":16,"turns":7},{"damage":36,"enemies":"3 Byrds","floor":18,"turns":3},{"damage":12,"enemies":"Shell Parasite","floor":21,"turns":3},{"damage":31,"enemies":"Shelled Parasite and Fungi","floor":22,"turns":4}],"seed_played":"-4767209529069593394","potions_obtained":[{"floor":3,"key":"FocusPotion"},{"floor":8,"key":"Dexterity Potion"},{"floor":11,"key":"SteroidPotion"},{"floor":16,"key":"SpeedPotion"}],"is_trial":false,"path_per_floor":["M","$","M","$","?","E","R","M","T","M","M","R","E","M","R","B",null,"M","$","?","M","M"],"character_chosen":"DEFECT","items_purchased":["Static Discharge"],"campfire_rested":1,"item_purchase_floors":[19],"current_hp_per_floor":[75,75,75,75,75,75,75,67,67,61,53,53,40,29,51,12,75,39,39,39,27,0],"gold":230,"neow_bonus":"THREE_ENEMY_KILL","is_prod":false,"is_daily":false,"chose_seed":false,"campfire_upgraded":2,"win_rate":0.0,"timestamp":1548284177,"path_taken":["M","?","M","$","?","E","R","M","T","M","?","R","E","M","R","BOSS","M","$","?","M","?"],"build_version":"2019-01-23","purchased_purges":2,"victory":false,"max_hp_per_floor":[75,75,75,75,75,75,75,75,75,75,75,75,75,75,75,75,75,75,75,75,75,75],"card_choices":[{"not_picked":["Coolheaded","Heatsinks"],"picked":"Streamline","floor":1},{"not_picked":["Streamline","Redo"],"picked":"Static Discharge","floor":3},{"not_picked":["Barrage","Hologram","Go for the Eyes"],"picked":"SKIP","floor":6},{"not_picked":["Cold Snap","Amplify","Redo"],"picked":"SKIP","floor":8},{"not_picked":["Steam","Turbo","Coolheaded"],"picked":"SKIP","floor":10},{"not_picked":["Steam","Hologram"],"picked":"Rebound","floor":11},{"not_picked":["Sweeping Beam","Force Field","Rebound"],"picked":"SKIP","floor":13},{"not_picked":["Go for the Eyes","Redo","Auto Shields"],"picked":"SKIP","floor":14},{"not_picked":["Reboot","Buffer"],"picked":"Machine Learning","floor":16},{"not_picked":["Hologram","Cold Snap","Turbo"],"picked":"SKIP","floor":18},{"not_picked":["Coolheaded+1","Cold Snap"],"picked":"Steam+1","floor":21}],"player_experience":191134,"relics_obtained":[{"floor":6,"key":"Ornamental Fan"},{"floor":9,"key":"Bottled Lightning"},{"floor":13,"key":"Bottled Flame"}],"event_choices":[{"damage_healed":0,"gold_gain":0,"player_choice":"Upgraded","damage_taken":0,"max_hp_gain":0,"max_hp_loss":0,"event_name":"Upgrade Shrine","floor":5,"gold_loss":0,"cards_upgraded":["Static Discharge"]},{"damage_healed":0,"gold_gain":100,"player_choice":"Pray","damage_taken":0,"max_hp_gain":0,"max_hp_loss":0,"event_name":"Golden Shrine","floor":20,"gold_loss":0}],"is_beta":false,"boss_relics":[{"not_picked":["Runic Pyramid","Coffee Dripper"],"picked":"Philosopher\u0027s Stone"}],"items_purged_floors":[2,19],"is_endless":false,"potions_floor_spawned":[3,8,11,16],"killed_by":"Shelled Parasite and Fungi","ascension_level":0}