{"gold_per_floor":[115,78,78,78,78,78,121,136,185,200,215,254,267,301,301,426,426,442,31,45,64,83,127,152,193,193,193,118,49,49,49,49,172,172,192,213,228,228,9,9,68,68,68,68,83,0,18,18,18,18],"floor_reached":50,"playtime":3207,"items_purged":[],"score":569,"play_id":"e9bee49f-ab5d-4150-8cff-ae74908b650c","local_time":"20191009193215","is_ascension_mode":true,"campfire_choices":[{"data":"Caltrops","floor":6.0,"key":"SMITH"},{"floor":15.0,"key":"REST"},{"floor":30,"key":"REST"},{"floor":32,"key":"REST"},{"data":"Accuracy","floor":40,"key":"SMITH"},{"floor":42,"key":"REST"},{"data":"Cloak And Dagger","floor":44,"key":"SMITH"},{"floor":49,"key":"REST"}],"neow_cost":"NONE","seed_source_timestamp":0,"circlet_count":0,"master_deck":["Strike_G","Strike_G","Strike_G","Defend_G","Defend_G","Defend_G","Defend_G","Survivor","Neutralize","Caltrops+1","Poisoned Stab","Masterful Stab","Dash","Well Laid Plans","Endless Agony","Adrenaline","Dagger Throw","Footwork","Blade Dance","Cloak And Dagger+1","Infinite Blades","Cloak And Dagger+1","Accuracy","Storm of Steel","Caltrops","Cloak And Dagger","Deflect","Blade Dance","Burst","Dodge and Roll+1","Accuracy+1","Footwork+1","Deflect+1","Footwork+1"],"special_seed":0,"relics":["Ring of the Snake","NeowsBlessing","Golden Idol","Mango","Mercury Hourglass","Odd Mushroom","Black Star","Anchor","Shuriken","Ice Cream","Tough Bandages","Dodecahedron","Centennial Puzzle","Lantern","Orrery","Happy Flower","Turnip","Torii","Red Mask"],"potions_floor_usage":[23,25,31,37,47,50],"damage_taken":[{"damage":0.0,"enemies":"2 Louse","floor":1.0,"turns":1.0},{"damage":0.0,"enemies":"Gremlin Nob","floor":7.0,"turns":1.0},{"damage":0.0,"enemies":"Jaw Worm","floor":8.0,"turns":1.0},{"damage":0.0,"enemies":"Cultist","floor":10.0,"turns":3.0},{"damage":5.0,"enemies":"2 Fungi Beasts","floor":11.0,"turns":3.0},{"damage":49.0,"enemies":"Lagavulin","floor":12.0,"turns":9.0},{"damage":3.0,"enemies":"Looter","floor":13.0,"turns":2.0},{"damage":9.0,"enemies":"The Mushroom Lair","floor":14.0,"turns":3.0},{"damage":7.0,"enemies":"Hexaghost","floor":16.0,"turns":9.0},{"damage":15.0,"enemies":"3 Byrds","floor":18.0,"turns":4.0},{"damage":7.0,"enemies":"Shell Parasite","floor":20.0,"turns":4.0},{"damage":11.0,"enemies":"Shelled Parasite and Fungi","floor":21.0,"turns":6.0},{"damage":24,"enemies":"Snake Plant","floor":22,"turns":4},{"damage":7,"enemies":"Slavers","floor":23,"turns":2},{"damage":0,"enemies":"Centurion and Healer","floor":24,"turns":5},{"damage":14,"enemies":"Book of Stabbing","floor":25,"turns":5},{"damage":0,"enemies":"3 Cultists","floor":31,"turns":2},{"damage":40,"enemies":"Collector","floor":33,"turns":10},{"damage":0,"enemies":"Orb Walker","floor":35,"turns":3},{"damage":0,"enemies":"3 Shapes","floor":36,"turns":4},{"damage":0,"enemies":"Transient","floor":37,"turns":5},{"damage":55,"enemies":"2 Orb Walkers","floor":41,"turns":6},{"damage":16,"enemies":"Maw","floor":45,"turns":7},{"damage":9,"enemies":"4 Shapes","floor":47,"turns":5},{"damage":45,"enemies":"Time Eater","floor":50,"turns":5}],"seed_played":"4533887821967741325","potions_obtained":[{"floor":8.0,"key":"Energy Potion"},{"floor":12.0,"key":"AttackPotion"},{"floor":13.0,"key":"GamblersBrew"},{"floor":14.0,"key":"PowerPotion"},{"floor":16.0,"key":"SkillPotion"},{"floor":18.0,"key":"SmokeBomb"},{"floor":33,"key":"SkillPotion"},{"floor":35,"key":"Ancient Potion"},{"floor":36,"key":"SpeedPotion"},{"floor":47,"key":"Swift Potion"}],"is_trial":false,"path_per_floor":["M","$","?","?","$","R","E","M","T","M","M","E","M","?","R","B",null,"M","$","M","M","M","E","M","E","T","?","?","$","R","M","R","B",null,"M","M","M","?","$","R","?","R","T","R","M","?","M","?","R","B"],"character_chosen":"THE_SILENT","items_purchased":["Caltrops","Anchor","Shuriken","Accuracy","Happy Flower","Accuracy"],"campfire_rested":5,"item_purchase_floors":[2,19,19,29,39,39],"current_hp_per_floor":[70,70,63,63,63,63,77,77,77,77,72,23,20,11,34,27,79,64,64,57,46,22,15,15,1,1,1,1,1,24,24,47,7,79,79,79,79,79,79,79,24,47,47,47,31,31,22,22,45,0],"gold":18,"neow_bonus":"THREE_ENEMY_KILL","is_prod":false,"is_daily":false,"chose_seed":false,"campfire_upgraded":3,"win_rate":0,"timestamp":1570642335,"path_taken":["M","$","?","?","$","R","E","M","T","M","M","E","M","?","R","BOSS","M","$","M","M","M","E","M","E","T","?","?","?","R","M","R","BOSS","M","M","M","?","$","R","?","R","T","R","M","?","M","?","R","BOSS"],"build_version":"2019-07-17","purchased_purges":0,"victory":false,"max_hp_per_floor":[70,70,70,65,65,65,79,79,79,79,79,79,79,79,79,79,79,79,79,79,79,79,79,79,79,79,79,79,79,79,79,79,79,79,79,79,79,79,79,79,79,79,79,79,79,79,79,79,79,79],"card_choices":[{"not_picked":["Flying Knee","Prepared","Escape Plan"],"picked":"SKIP","floor":1.0},{"not_picked":["Predator","Underhanded Strike"],"picked":"Poisoned Stab","floor":7.0},{"not_picked":["Blade Dance","PiercingWail"],"picked":"Masterful Stab","floor":8.0},{"not_picked":["Quick Slash","Predator"],"picked":"Dash","floor":10.0},{"not_picked":["Heel Hook","Quick Slash","Tactician"],"picked":"SKIP","floor":11.0},{"not_picked":["Poisoned Stab","Reflex","Outmaneuver"],"picked":"SKIP","floor":12.0},{"not_picked":["Endless Agony","Crippling Poison"],"picked":"Well Laid Plans","floor":13.0},{"not_picked":["Wraith Form v2","Quick Slash"],"picked":"Endless Agony","floor":14.0},{"not_picked":["Doppelganger","Burst"],"picked":"Adrenaline","floor":16.0},{"not_picked":["Underhanded Strike+1","Blade Dance"],"picked":"Dagger Throw","floor":18.0},{"not_picked":["Dodge and Roll+1","All Out Attack+1"],"picked":"Footwork","floor":20.0},{"not_picked":["Deadly Poison","Terror+1"],"picked":"Blade Dance","floor":21},{"not_picked":["Riddle With Holes","Dagger Throw"],"picked":"Cloak And Dagger+1","floor":22},{"not_picked":["Acrobatics","Venomology"],"picked":"Infinite Blades","floor":23},{"not_picked":["Quick Slash","Eviscerate"],"picked":"Cloak And Dagger","floor":24},{"not_picked":["Crippling Poison+1","Underhanded Strike","Flying Knee"],"picked":"SKIP","floor":25},{"not_picked":["Grand Finale","Malaise"],"picked":"Storm of Steel","floor":33},{"not_picked":["Bane","Dagger Throw"],"picked":"Caltrops","floor":34},{"not_picked":["Storm of Steel","Slice"],"picked":"Cloak And Dagger","floor":34},{"not_picked":["Calculated Gamble","Heel Hook"],"picked":"Deflect","floor":34},{"not_picked":["Cloak And Dagger","Dagger Throw"],"picked":"Blade Dance","floor":35},{"not_picked":["Sucker Punch+1","Bane"],"picked":"Burst","floor":36},{"not_picked":["Cloak And Dagger","Backflip"],"picked":"Dodge and Roll+1","floor":37},{"not_picked":["Prepared+1","Underhanded Strike"],"picked":"Footwork+1","floor":41},{"not_picked":["Slice+1","Cloak And Dagger+1"],"picked":"Deflect+1","floor":45},{"not_picked":["Acrobatics+1","Quick Slash+1"],"picked":"Footwork+1","floor":47}],"player_experience":270015,"relics_obtained":[{"floor":7.0,"key":"Mango"},{"floor":12.0,"key":"Mercury Hourglass"},{"floor":14.0,"key":"Odd Mushroom"},{"floor":23,"key":"Ice Cream"},{"floor":23,"key":"Tough Bandages"},{"floor":25,"key":"Dodecahedron"},{"floor":25,"key":"Centennial Puzzle"},{"floor":26,"key":"Lantern"},{"floor":41,"key":"Turnip"},{"floor":43,"key":"Torii"}],"event_choices":[{"cards_removed":["Strike_G"],"damage_healed":0.0,"max_hp_gain":0.0,"max_hp_loss":0.0,"gold_gain":0.0,"event_name":"Golden Wing","player_choice":"Card Removal","floor":3.0,"gold_loss":0.0,"damage_taken":7.0},{"damage_healed":0.0,"max_hp_gain":0.0,"max_hp_loss":5.0,"gold_gain":0.0,"event_name":"Golden Idol","player_choice":"Lose Max HP","floor":4.0,"gold_loss":0.0,"damage_taken":0.0,"relics_obtained":["Golden Idol"]},{"damage_healed":0.0,"max_hp_gain":0.0,"max_hp_loss":0.0,"gold_gain":0.0,"event_name":"Mushrooms","player_choice":"Fought Mushrooms","floor":14.0,"gold_loss":0.0,"damage_taken":0.0},{"damage_healed":0,"gold_gain":0,"player_choice":"Ignored","damage_taken":0,"max_hp_gain":0,"max_hp_loss":0,"event_name":"Ghosts","floor":27,"gold_loss":0},{"cards_removed":["Strike_G"],"damage_healed":0,"gold_gain":0,"player_choice":"Gave Gold","damage_taken":0,"max_hp_gain":0,"max_hp_loss":0,"event_name":"Beggar","floor":28,"gold_loss":75},{"cards_removed":["Defend_G"],"damage_healed":0,"gold_gain":0,"player_choice":"Removed Skill","damage_taken":0,"max_hp_gain":0,"max_hp_loss":0,"event_name":"Falling","floor":38,"gold_loss":0},{"damage_healed":0,"gold_gain":0,"player_choice":"Fight","damage_taken":0,"max_hp_gain":0,"max_hp_loss":0,"event_name":"Mysterious Sphere","floor":41,"gold_loss":0},{"damage_healed":0,"gold_gain":0,"player_choice":"Paid","damage_taken":0,"relics_obtained":["Red Mask"],"max_hp_gain":0,"max_hp_loss":0,"event_name":"Tomb of Lord Red Mask","floor":46,"gold_loss":83},{"damage_healed":0,"gold_gain":0,"player_choice":"Leave","damage_taken":0,"max_hp_gain":0,"max_hp_loss":0,"event_name":"FaceTrader","floor":48,"gold_loss":0}],"is_beta":false,"boss_relics":[{"not_picked":["Philosopher\u0027s Stone","Lizard Tail"],"picked":"Black Star"},{"not_picked":["Sozu","Astrolabe"],"picked":"Orrery"}],"items_purged_floors":[],"is_endless":false,"potions_floor_spawned":[8,12,13,14,16,18,20,31,33,35,36,47],"killed_by":"Time Eater","ascension_level":2}