{"gold_per_floor":[211,46,46,46,66,100,149,149,172,172,205,63,138,148,148,219,219,235,110,110,128,147,147,176,188,215,225,244,244,294,6,6,80,80,92,111,124,134,234,251,284,296,296,126,143,170,170,183,183,183,183,183,183,3,29,29],"floor_reached":57,"playtime":2143,"items_purged":["Strike_G","Strike_G","Flying Knee","Choke","Poisoned Stab+1","Finisher+1"],"score":3313,"play_id":"00ea8791-d6a9-4224-80ec-cfacd50d87a9","local_time":"20190927163404","is_ascension_mode":true,"campfire_choices":[{"data":"Noxious Fumes","floor":8.0,"key":"SMITH"},{"data":"Neutralize","floor":10.0,"key":"SMITH"},{"data":"Finisher","floor":15.0,"key":"SMITH"},{"data":"Acrobatics","floor":23.0,"key":"SMITH"},{"data":"Tactician","floor":32.0,"key":"SMITH"},{"floor":49,"key":"RECALL"},{"data":"Grand Finale","floor":53,"key":"SMITH"}],"neow_cost":"NONE","seed_source_timestamp":431782567737081,"circlet_count":0,"master_deck":["AscendersBane","Survivor","Neutralize+1","Predator+1","Noxious Fumes+1","Acrobatics+1","Escape Plan","Grand Finale+1","Adrenaline","Infinite Blades","Tools of the Trade","Tactician+1","Calculated Gamble","Ghostly","Ghostly","Ghostly","Purity","After Image","Backflip+1","Finesse"],"special_seed":0,"relics":["Ring of the Snake","Dream Catcher","Ancient Tea Set","War Paint","Lantern","Pandora\u0027s Box","InkBottle","Whetstone","Membership Card","Coffee Dripper","Shovel","Orichalcum","TheAbacus","Strawberry","Oddly Smooth Stone","Snake Skull"],"potions_floor_usage":[56],"damage_taken":[{"damage":0.0,"enemies":"Cultist","floor":1.0,"turns":4.0},{"damage":0.0,"enemies":"2 Louse","floor":5.0,"turns":2.0},{"damage":27.0,"enemies":"3 Sentries","floor":6.0,"turns":8.0},{"damage":13.0,"enemies":"Lagavulin","floor":11.0,"turns":7.0},{"damage":0.0,"enemies":"Jaw Worm","floor":14.0,"turns":4.0},{"damage":6.0,"enemies":"Hexaghost","floor":16.0,"turns":8.0},{"damage":0.0,"enemies":"Spheric Guardian","floor":18.0,"turns":3.0},{"damage":13.0,"enemies":"Shell Parasite","floor":21.0,"turns":2.0},{"damage":0.0,"enemies":"Snake Plant","floor":22.0,"turns":2.0},{"damage":0.0,"enemies":"Book of Stabbing","floor":24.0,"turns":2.0},{"damage":17.0,"enemies":"Centurion and Healer","floor":25.0,"turns":3.0},{"damage":0.0,"enemies":"Chosen and Byrds","floor":27.0,"turns":3.0},{"damage":7.0,"enemies":"Shelled Parasite and Fungi","floor":28.0,"turns":2.0},{"damage":0.0,"enemies":"Collector","floor":33.0,"turns":4.0},{"damage":3.0,"enemies":"3 Darklings","floor":35.0,"turns":3.0},{"damage":0.0,"enemies":"3 Shapes","floor":36.0,"turns":2.0},{"damage":0.0,"enemies":"Spire Growth","floor":37.0,"turns":4.0},{"damage":0.0,"enemies":"Sphere and 2 Shapes","floor":38.0,"turns":2.0},{"damage":0.0,"enemies":"Mind Bloom Boss Battle","floor":39.0,"turns":4.0},{"damage":2.0,"enemies":"Jaw Worm Horde","floor":40.0,"turns":3.0},{"damage":0.0,"enemies":"Nemesis","floor":41.0,"turns":3.0},{"damage":0.0,"enemies":"4 Shapes","floor":42.0,"turns":2.0},{"damage":0.0,"enemies":"Sphere and 2 Shapes","floor":45.0,"turns":3.0},{"damage":0.0,"enemies":"Reptomancer","floor":46.0,"turns":3.0},{"damage":0,"enemies":"3 Darklings","floor":48,"turns":2},{"damage":0,"enemies":"Time Eater","floor":50,"turns":5},{"damage":0,"enemies":"Donu and Deca","floor":51,"turns":3},{"damage":0,"enemies":"Shield and Spear","floor":55,"turns":2},{"damage":15,"enemies":"The Heart","floor":56,"turns":7}],"seed_played":"-279375778863916882","potions_obtained":[{"floor":1.0,"key":"LiquidBronze"},{"floor":5.0,"key":"Explosive Potion"},{"floor":14.0,"key":"LiquidBronze"},{"floor":18.0,"key":"Energy Potion"},{"floor":21.0,"key":"LiquidBronze"},{"floor":38.0,"key":"Fire Potion"},{"floor":40.0,"key":"Energy Potion"},{"floor":45.0,"key":"Swift Potion"}],"is_trial":false,"path_per_floor":["M","$","$","?","M","E","T","R","T","R","E","$","?","M","R","B",null,"M","$","?","M","M","R","E","M","T","M","M","?","?","$","R","B",null,"M","M","M","M","?","M","E","M","T","$","M","E","?","M","R","B","B",null,"R","$","E","B",null],"character_chosen":"THE_SILENT","items_purchased":["Noxious Fumes","Escape Plan","Membership Card","Purity","TheAbacus","Oddly Smooth Stone"],"campfire_rested":0,"item_purchase_floors":[2,12,31,31,44,54],"current_hp_per_floor":[59,59,59,59,59,32,32,32,32,32,19,19,8,8,8,2,50,50,50,50,37,37,37,37,20,20,20,13,13,10,10,10,10,27,24,24,24,24,24,22,22,22,22,22,22,29,29,29,29,29,29,37,37,37,37,22],"gold":29,"neow_bonus":"HUNDRED_GOLD","is_prod":false,"is_daily":false,"chose_seed":false,"campfire_upgraded":6,"win_rate":0,"timestamp":1569573244,"path_taken":["M","?","$","?","?","E","?","R","T","R","E","$","?","M","R","BOSS","M","$","?","M","M","R","E","M","T","M","M","?","?","$","R","BOSS","M","M","?","?","?","M","E","M","T","$","M","E","?","M","R","BOSS","BOSS","R","$","E","BOSS"],"build_version":"2019-09-26","purchased_purges":6,"victory":true,"max_hp_per_floor":[66,66,66,66,66,66,66,66,66,66,66,66,66,66,66,66,66,66,66,66,66,66,66,66,66,66,66,66,33,33,33,33,33,33,33,33,33,33,33,33,33,33,33,33,33,40,40,40,40,40,40,40,40,40,40,40],"card_choices":[{"not_picked":["Slice","Endless Agony"],"picked":"Predator","floor":1.0},{"not_picked":["Deflect","Quick Slash"],"picked":"Finisher","floor":5.0},{"not_picked":["Deadly Poison","Quick Slash","Predator"],"picked":"SKIP","floor":6.0},{"not_picked":["Outmaneuver","Deflect"],"picked":"Acrobatics","floor":11.0},{"not_picked":["Acrobatics","Blade Dance","Bouncing Flask"],"picked":"SKIP","floor":14.0},{"not_picked":["Unload","Envenom"],"picked":"Grand Finale","floor":16.0},{"not_picked":["Flechettes+1","Prepared","PiercingWail"],"picked":"SKIP","floor":18.0},{"not_picked":["Eviscerate","Endless Agony","Bouncing Flask"],"picked":"SKIP","floor":21.0},{"not_picked":["Eviscerate","Dagger Spray"],"picked":"Calculated Gamble","floor":22.0},{"not_picked":["Expertise","Dash","Deflect"],"picked":"SKIP","floor":24.0},{"not_picked":["Predator","Slice","PiercingWail"],"picked":"SKIP","floor":25.0},{"not_picked":["Grand Finale","Endless Agony","Expertise"],"picked":"SKIP","floor":27.0},{"not_picked":["Concentrate","All Out Attack","Crippling Poison+1"],"picked":"SKIP","floor":28.0},{"not_picked":["Glass Knife","A Thousand Cuts"],"picked":"After Image","floor":33.0},{"not_picked":["Underhanded Strike","Dagger Spray+1","Cloak And Dagger"],"picked":"SKIP","floor":35.0},{"not_picked":["Underhanded Strike+1","All Out Attack","Finisher+1"],"picked":"SKIP","floor":36.0},{"not_picked":["Infinite Blades","Quick Slash"],"picked":"Backflip+1","floor":37.0},{"not_picked":["Escape Plan+1","Flying Knee+1","Terror+1"],"picked":"SKIP","floor":38.0},{"not_picked":["Poisoned Stab+1","Dagger Spray+1","Bullet Time"],"picked":"SKIP","floor":40.0},{"not_picked":["Dodge and Roll","Deadly Poison+1","Backflip"],"picked":"SKIP","floor":41.0},{"not_picked":["Slice+1","Cloak And Dagger+1","Dagger Throw"],"picked":"SKIP","floor":42.0},{"not_picked":["Dodge and Roll","Underhanded Strike","Sucker Punch"],"picked":"SKIP","floor":45.0},{"not_picked":["Dash","Expertise+1","Grand Finale"],"picked":"SKIP","floor":46.0},{"not_picked":["Impatience","Dark Shackles"],"picked":"Finesse","floor":47},{"not_picked":["Blade Dance","Choke+1","Deadly Poison"],"picked":"SKIP","floor":48},{"not_picked":["Terror","Deflect+1","Envenom"],"picked":"SKIP","floor":55}],"player_experience":1029977,"relics_obtained":[{"floor":6.0,"key":"Dream Catcher"},{"floor":7.0,"key":"Ancient Tea Set"},{"floor":9.0,"key":"War Paint"},{"floor":11.0,"key":"Lantern"},{"floor":24.0,"key":"InkBottle"},{"floor":26.0,"key":"Whetstone"},{"floor":39.0,"key":"Shovel"},{"floor":41.0,"key":"Orichalcum"},{"floor":46.0,"key":"Strawberry"},{"floor":55,"key":"Snake Skull"}],"event_choices":[{"cards_removed":["Strike_G"],"damage_healed":0.0,"max_hp_gain":0.0,"max_hp_loss":0.0,"gold_gain":0.0,"event_name":"Bonfire Elementals","player_choice":"Offered Basic","floor":4.0,"gold_loss":0.0,"damage_taken":0.0},{"damage_healed":0.0,"max_hp_gain":0.0,"max_hp_loss":0.0,"gold_gain":75.0,"event_name":"World of Goop","player_choice":"Gather Gold","floor":13.0,"gold_loss":0.0,"damage_taken":11.0},{"damage_healed":0.0,"max_hp_gain":0.0,"max_hp_loss":0.0,"gold_gain":0.0,"event_name":"The Mausoleum","player_choice":"Ignored","floor":20.0,"gold_loss":0.0,"damage_taken":0.0},{"damage_healed":0.0,"max_hp_gain":0.0,"max_hp_loss":33.0,"gold_gain":0.0,"event_name":"Ghosts","player_choice":"Became a Ghost","floor":29.0,"gold_loss":0.0,"damage_taken":0.0,"cards_obtained":["Ghostly","Ghostly","Ghostly"]},{"damage_healed":0.0,"max_hp_gain":0.0,"max_hp_loss":0.0,"gold_gain":50.0,"event_name":"FaceTrader","player_choice":"Touch","floor":30.0,"gold_loss":0.0,"damage_taken":3.0},{"damage_healed":0.0,"max_hp_gain":0.0,"max_hp_loss":0.0,"gold_gain":0.0,"event_name":"MindBloom","player_choice":"Fight","floor":39.0,"gold_loss":0.0,"damage_taken":0.0},{"damage_healed":0,"gold_gain":0,"player_choice":"Memory 1","damage_taken":0,"max_hp_gain":0,"max_hp_loss":0,"event_name":"SensoryStone","floor":47,"gold_loss":0}],"is_beta":true,"boss_relics":[{"not_picked":["Busted Crown","Calling Bell"],"picked":"Pandora\u0027s Box"},{"not_picked":["Empty Cage","Velvet Choker"],"picked":"Coffee Dripper"}],"items_purged_floors":[2,12,19,31,44,54],"is_endless":false,"potions_floor_spawned":[1,5,14,18,21,22,38,40,45],"ascension_level":20}