{"gold_per_floor":[116,126,51,65,15,45,45,76,76,76,88,100,100,113,113,244,244,263,282,197,217,241,241],"floor_reached":23,"playtime":1258,"items_purged":["Strike_B"],"score":236,"play_id":"16610bcb-133b-4f06-8bde-d9f8c307d0ef","local_time":"20190913220428","is_ascension_mode":true,"campfire_choices":[{"data":"Coolheaded","floor":7,"key":"SMITH"},{"data":"Defragment","floor":10,"key":"SMITH"},{"floor":15,"key":"REST"}],"neow_cost":"NONE","seed_source_timestamp":169657837858400,"circlet_count":0,"master_deck":["Strike_B","Strike_B","Strike_B","Defend_B","Defend_B","Defend_B","Zap","Dualcast","Genetic Algorithm","Melter","Coolheaded+1","Redo","Defragment+1","Cold Snap","Buffer","Sweeping Beam+1","White Noise","Coolheaded+1","Loop+1"],"relics":["Cracked Core","Centennial Puzzle","Dead Branch","Gremlin Horn","Golden Idol","Inserter","Du-Vu Doll"],"potions_floor_usage":[6],"damage_taken":[{"damage":1,"enemies":"2 Louse","floor":1,"turns":2},{"damage":0,"enemies":"Small Slimes","floor":2,"turns":2},{"damage":7,"enemies":"Jaw Worm","floor":4,"turns":4},{"damage":17,"enemies":"3 Sentries","floor":6,"turns":7},{"damage":32,"enemies":"Lagavulin","floor":8,"turns":7},{"damage":0,"enemies":"Large Slime","floor":11,"turns":5},{"damage":0,"enemies":"Exordium Wildlife","floor":12,"turns":2},{"damage":16,"enemies":"Gremlin Gang","floor":14,"turns":4},{"damage":18,"enemies":"Hexaghost","floor":16,"turns":13},{"damage":0,"enemies":"Spheric Guardian","floor":18,"turns":3},{"damage":6,"enemies":"Shell Parasite","floor":19,"turns":7},{"damage":20,"enemies":"Centurion and Healer","floor":21,"turns":5},{"damage":20,"enemies":"Shelled Parasite and Fungi","floor":22,"turns":6},{"damage":38,"enemies":"Slavers","floor":23,"turns":3}],"seed_played":"1104194952313188480","potions_obtained":[{"floor":2,"key":"AttackPotion"},{"floor":6,"key":"LiquidBronze"},{"floor":8,"key":"Weak Potion"},{"floor":12,"key":"Dexterity Potion"}],"is_trial":false,"path_per_floor":["M","M","$","M","?","E","R","E","T","R","M","M","?","M","R","B",null,"M","M","?","M","M","E"],"character_chosen":"DEFECT","items_purchased":[],"campfire_rested":1,"item_purchase_floors":[],"current_hp_per_floor":[81,81,81,74,74,57,57,25,25,25,25,25,25,9,31,13,76,76,70,70,50,30,0],"gold":241,"neow_bonus":"TEN_PERCENT_HP_BONUS","is_prod":false,"is_daily":false,"chose_seed":false,"campfire_upgraded":2,"win_rate":0,"timestamp":1568405068,"path_taken":["M","M","$","M","?","E","R","E","T","R","M","M","?","M","R","BOSS","M","M","?","M","M","E"],"build_version":"2019-07-17","purchased_purges":1,"victory":false,"max_hp_per_floor":[82,82,82,82,82,82,82,82,82,82,82,82,76,76,76,76,76,76,76,76,76,76,76],"card_choices":[{"not_picked":["Leap","Sunder"],"picked":"Genetic Algorithm","floor":1},{"not_picked":["Reinforced Body","Scrape"],"picked":"Melter","floor":2},{"not_picked":["Cold Snap","Barrage"],"picked":"Coolheaded","floor":4},{"not_picked":["Thunder Strike","Leap"],"picked":"Redo","floor":6},{"not_picked":["Beam Cell","Static Discharge"],"picked":"Defragment","floor":8},{"not_picked":["Leap","Lockon","Storm"],"picked":"SKIP","floor":11},{"not_picked":["Beam Cell","Streamline","Barrage"],"picked":"SKIP","floor":12},{"not_picked":["FTL","Coolheaded"],"picked":"Cold Snap","floor":14},{"not_picked":["Biased Cognition","Core Surge"],"picked":"Buffer","floor":16},{"not_picked":["Turbo","Gash"],"picked":"Sweeping Beam+1","floor":18},{"not_picked":["Heatsinks","Go for the Eyes"],"picked":"White Noise","floor":19},{"not_picked":["Sunder","FTL"],"picked":"Coolheaded+1","floor":21},{"not_picked":["Force Field","Conserve Battery+1"],"picked":"Loop+1","floor":22}],"player_experience":294294,"relics_obtained":[{"floor":6,"key":"Centennial Puzzle"},{"floor":8,"key":"Dead Branch"},{"floor":9,"key":"Gremlin Horn"}],"event_choices":[{"cards_removed":["Defend_B"],"damage_healed":0,"gold_gain":0,"player_choice":"Card Removal","damage_taken":0,"max_hp_gain":0,"max_hp_loss":0,"event_name":"The Cleric","floor":5,"gold_loss":50},{"damage_healed":0,"gold_gain":0,"player_choice":"Lose Max HP","damage_taken":0,"relics_obtained":["Golden Idol"],"max_hp_gain":0,"max_hp_loss":6,"event_name":"Golden Idol","floor":13,"gold_loss":0},{"damage_healed":0,"gold_gain":0,"player_choice":"Obtained Relic","damage_taken":0,"relics_obtained":["Du-Vu Doll"],"max_hp_gain":0,"max_hp_loss":0,"event_name":"Addict","floor":20,"gold_loss":85}],"is_beta":false,"boss_relics":[{"not_picked":["Calling Bell","Astrolabe"],"picked":"Inserter"}],"items_purged_floors":[3],"is_endless":false,"potions_floor_spawned":[2,6,8,12,19,21,22],"killed_by":"Slavers","ascension_level":3}