{"gold_per_floor":[117,42,42,42,60,100,100,16,61,111,111,147,170,186,186,280,280,305,326,326],"floor_reached":20,"playtime":421,"items_purged":[],"score":414,"play_id":"87fe4865-3bc6-491c-a6ec-77576227bf0f","local_time":"20190923213412","is_ascension_mode":true,"campfire_choices":[{"data":"Noxious Fumes","floor":7.0,"key":"SMITH"},{"data":"Bouncing Flask","floor":11.0,"key":"SMITH"},{"data":"Acrobatics","floor":15.0,"key":"SMITH"}],"neow_cost":"NONE","seed_source_timestamp":105679380350456,"circlet_count":0,"master_deck":["AscendersBane","Strike_G","Strike_G","Strike_G","Defend_G","Defend_G","Defend_G","Defend_G","Defend_G","Survivor","Neutralize","Tactician","Bouncing Flask+1","Noxious Fumes+1","Grand Finale","Acrobatics+1"],"special_seed":0,"relics":["Ring of the Snake","NeowsBlessing","Golden Idol","Omamori","Toy Ornithopter","Bag of Preparation","SlaversCollar"],"potions_floor_usage":[19],"damage_taken":[{"damage":0.0,"enemies":"2 Louse","floor":1.0,"turns":1.0},{"damage":0.0,"enemies":"Small Slimes","floor":5.0,"turns":1.0},{"damage":0.0,"enemies":"Lagavulin","floor":6.0,"turns":1.0},{"damage":44.0,"enemies":"Gremlin Nob","floor":12.0,"turns":4.0},{"damage":0.0,"enemies":"Jaw Worm","floor":13.0,"turns":6.0},{"damage":0.0,"enemies":"Blue Slaver","floor":14.0,"turns":4.0},{"damage":4.0,"enemies":"Hexaghost","floor":16.0,"turns":7.0},{"damage":20.0,"enemies":"3 Byrds","floor":18.0,"turns":4.0},{"damage":0,"enemies":"Spheric Guardian","floor":19,"turns":3},{"damage":33,"enemies":"Shelled Parasite and Fungi","floor":20,"turns":3}],"seed_played":"811628084413752267","potions_obtained":[{"floor":6.0,"key":"FearPotion"},{"floor":12.0,"key":"SteroidPotion"},{"floor":18.0,"key":"SkillPotion"}],"is_trial":false,"path_per_floor":["M","?","?","?","M","E","R","$","T","?","R","E","M","M","R","B",null,"M","M","M"],"character_chosen":"THE_SILENT","items_purchased":["Grand Finale"],"campfire_rested":0,"item_purchase_floors":[8],"current_hp_per_floor":[59,59,59,59,59,59,59,59,59,53,53,14,14,14,14,10,48,28,33,0],"gold":326,"neow_bonus":"THREE_ENEMY_KILL","is_prod":false,"is_daily":false,"chose_seed":false,"campfire_upgraded":3,"win_rate":0,"timestamp":1569245652,"path_taken":["M","?","?","?","?","E","R","$","T","?","R","E","M","M","R","BOSS","M","?","M"],"build_version":"2019-09-20","purchased_purges":0,"victory":false,"max_hp_per_floor":[66,66,60,60,60,60,60,60,60,60,60,60,60,60,60,60,60,60,60,60],"card_choices":[{"not_picked":["Acrobatics","All Out Attack"],"picked":"Tactician","floor":1.0},{"not_picked":["Terror","Blade Dance"],"picked":"Noxious Fumes","floor":5.0},{"not_picked":["Endless Agony","Choke","Dagger Throw"],"picked":"SKIP","floor":6.0},{"not_picked":["Dagger Spray","Tactician","Bouncing Flask"],"picked":"SKIP","floor":12.0},{"not_picked":["Cloak And Dagger","Bane"],"picked":"Acrobatics","floor":13.0},{"not_picked":["Cloak And Dagger","Flying Knee","Sucker Punch"],"picked":"SKIP","floor":14.0},{"not_picked":["Dagger Throw","Endless Agony","Prepared"],"picked":"SKIP","floor":18.0},{"not_picked":["Dagger Spray","Prepared","Flying Knee"],"picked":"SKIP","floor":19}],"player_experience":955438,"relics_obtained":[{"floor":6.0,"key":"Omamori"},{"floor":9.0,"key":"Toy Ornithopter"},{"floor":12.0,"key":"Bag of Preparation"}],"event_choices":[{"cards_removed":["Strike_G"],"damage_healed":0.0,"max_hp_gain":0.0,"max_hp_loss":0.0,"gold_gain":0.0,"event_name":"The Cleric","player_choice":"Card Removal","floor":2.0,"gold_loss":75.0,"damage_taken":0.0},{"damage_healed":0.0,"max_hp_gain":0.0,"max_hp_loss":6.0,"gold_gain":0.0,"event_name":"Golden Idol","player_choice":"Lose Max HP","floor":3.0,"gold_loss":0.0,"damage_taken":0.0,"relics_obtained":["Golden Idol"]},{"damage_healed":0.0,"max_hp_gain":0.0,"max_hp_loss":0.0,"gold_gain":0.0,"cards_transformed":["Strike_G"],"event_name":"Living Wall","player_choice":"Change","floor":4.0,"gold_loss":0.0,"damage_taken":0.0,"cards_obtained":["Bouncing Flask"]},{"damage_healed":0.0,"max_hp_gain":0.0,"max_hp_loss":0.0,"gold_gain":50.0,"event_name":"FaceTrader","player_choice":"Touch","floor":10.0,"gold_loss":0.0,"damage_taken":6.0}],"is_beta":true,"boss_relics":[{"not_picked":["Ring of the Serpent","Black Star"],"picked":"SlaversCollar"}],"items_purged_floors":[],"is_endless":false,"potions_floor_spawned":[6,12,18],"killed_by":"Shelled Parasite and Fungi","ascension_level":20}