{"gold_per_floor":[118,137,137,137,149,161,204,29,53,64,94,94,94,129,129,229,229,248,248,265,265,17,43,43,43,43,118,130,130],"floor_reached":29,"playtime":1387,"items_purged":["Strike_G"],"score":335,"play_id":"40a9bb02-b543-4d72-8374-2a44f691e7bf","local_time":"20191015151648","is_ascension_mode":true,"campfire_choices":[{"data":"Footwork","floor":6,"key":"SMITH"},{"floor":15,"key":"REST"},{"data":"Bullet Time","floor":24,"key":"SMITH"}],"neow_cost":"NONE","seed_source_timestamp":371955071189200,"circlet_count":0,"master_deck":["Strike_G","Strike_G","Strike_G","Strike_G","Defend_G","Defend_G","Defend_G","Defend_G","Defend_G","Survivor","Neutralize","Footwork","Footwork+1","Deflect","Well Laid Plans","Footwork","Infinite Blades+1","Blade Dance","Corpse Explosion","Endless Agony","Finisher","Dash","Dash","Prepared+1","Bullet Time+1","Adrenaline","RitualDagger","Deflect+1"],"relics":["Ring of the Snake","NeowsBlessing","MawBank","Centennial Puzzle","Lantern","Vajra","Bottled Lightning","Mango","FossilizedHelix","Orrery","Membership Card","Ice Cream","Pantograph"],"potions_floor_usage":[14,23,23],"damage_taken":[{"damage":0,"enemies":"Jaw Worm","floor":1,"turns":1},{"damage":0,"enemies":"2 Louse","floor":2,"turns":1},{"damage":0,"enemies":"3 Sentries","floor":7,"turns":1},{"damage":0,"enemies":"Small Slimes","floor":10,"turns":4},{"damage":55,"enemies":"Gremlin Nob","floor":11,"turns":9},{"damage":9,"enemies":"3 Sentries","floor":14,"turns":9},{"damage":20,"enemies":"Slime Boss","floor":16,"turns":15},{"damage":0,"enemies":"Chosen","floor":18,"turns":4},{"damage":12,"enemies":"Spheric Guardian","floor":20,"turns":4},{"damage":25,"enemies":"Gremlin Leader","floor":23,"turns":10},{"damage":24,"enemies":"Snake Plant","floor":28,"turns":5},{"damage":14,"enemies":"Book of Stabbing","floor":29,"turns":5}],"seed_played":"8088161208638531495","potions_obtained":[{"floor":1,"key":"Dexterity Potion"},{"floor":2,"key":"Block Potion"},{"floor":11,"key":"Regen Potion"},{"floor":16,"key":"SpeedPotion"},{"floor":23,"key":"Explosive Potion"}],"is_trial":false,"path_per_floor":["M","M","?","?","?","R","E","$","T","M","E","?","T","E","R","B",null,"M","?","M","?","$","E","R","$","T","?","M","E"],"character_chosen":"THE_SILENT","items_purchased":["Well Laid Plans","Lantern","Membership Card"],"campfire_rested":1,"item_purchase_floors":[8,8,22],"current_hp_per_floor":[70,70,70,52,57,57,57,57,57,57,2,2,16,22,48,28,89,89,89,77,71,71,46,46,46,46,38,14,0],"gold":130,"neow_bonus":"THREE_ENEMY_KILL","is_prod":false,"is_daily":false,"chose_seed":false,"campfire_upgraded":2,"win_rate":0,"timestamp":1571145408,"path_taken":["M","M","?","?","?","R","E","$","T","M","E","?","?","E","R","BOSS","M","?","M","?","$","E","R","?","T","?","M","E"],"build_version":"2019-07-17","purchased_purges":1,"victory":false,"max_hp_per_floor":[70,70,70,70,75,75,75,75,75,75,75,75,89,89,89,89,89,89,89,89,89,89,89,89,89,89,89,89,89],"card_choices":[{"not_picked":["All Out Attack","Quick Slash"],"picked":"Footwork","floor":1},{"not_picked":["Slice","Deflect"],"picked":"Footwork","floor":2},{"not_picked":["Phantasmal Killer","Noxious Fumes"],"picked":"Deflect","floor":7},{"not_picked":["Reflex","Backflip"],"picked":"Footwork","floor":10},{"not_picked":["Glass Knife","Slice"],"picked":"Infinite Blades","floor":11},{"not_picked":["Acrobatics","Underhanded Strike"],"picked":"Blade Dance","floor":14},{"not_picked":["Night Terror","Storm of Steel"],"picked":"Corpse Explosion","floor":16},{"not_picked":["Leg Sweep","Riddle With Holes"],"picked":"Endless Agony","floor":17},{"not_picked":["Dodge and Roll","PiercingWail"],"picked":"Finisher","floor":17},{"not_picked":["Outmaneuver","Dagger Spray"],"picked":"Dash","floor":17},{"not_picked":["Predator","Poisoned Stab"],"picked":"Dash","floor":17},{"not_picked":["Backflip","Dodge and Roll"],"picked":"Prepared+1","floor":18},{"not_picked":["Dagger Spray","Catalyst"],"picked":"Adrenaline","floor":20},{"not_picked":["Sucker Punch","Malaise","Predator"],"picked":"SKIP","floor":23},{"not_picked":["Sucker Punch+1","Bane"],"picked":"Deflect+1","floor":28}],"player_experience":353533,"relics_obtained":[{"floor":7,"key":"Centennial Puzzle"},{"floor":9,"key":"Vajra"},{"floor":11,"key":"Bottled Lightning"},{"floor":13,"key":"Mango"},{"floor":14,"key":"FossilizedHelix"},{"floor":23,"key":"Ice Cream"},{"floor":26,"key":"Pantograph"}],"event_choices":[{"damage_healed":0,"gold_gain":0,"player_choice":"Ignored","damage_taken":0,"max_hp_gain":0,"max_hp_loss":0,"event_name":"Shining Light","floor":3,"gold_loss":0},{"damage_healed":0,"gold_gain":0,"player_choice":"Success","damage_taken":18,"relics_obtained":["MawBank"],"max_hp_gain":0,"max_hp_loss":0,"event_name":"Scrap Ooze","floor":4,"gold_loss":0},{"damage_healed":0,"gold_gain":0,"player_choice":"Donut","damage_taken":0,"max_hp_gain":5,"max_hp_loss":0,"event_name":"Big Fish","floor":5,"gold_loss":0},{"damage_healed":0,"gold_gain":0,"player_choice":"Grow","damage_taken":0,"max_hp_gain":0,"max_hp_loss":0,"event_name":"Living Wall","floor":12,"gold_loss":0,"cards_upgraded":["Infinite Blades"]},{"damage_healed":0,"gold_gain":0,"player_choice":"Read","damage_taken":0,"max_hp_gain":0,"max_hp_loss":0,"event_name":"The Library","floor":19,"gold_loss":0,"cards_obtained":["Bullet Time"]},{"damage_healed":0,"gold_gain":0,"player_choice":"Joined the Cult","damage_taken":6,"max_hp_gain":0,"max_hp_loss":0,"event_name":"Nest","floor":21,"gold_loss":0,"cards_obtained":["RitualDagger"]},{"damage_healed":0,"gold_gain":75,"player_choice":"Touch","damage_taken":8,"max_hp_gain":0,"max_hp_loss":0,"event_name":"FaceTrader","floor":27,"gold_loss":0}],"is_beta":false,"boss_relics":[{"not_picked":["Tiny House","White Beast Statue"],"picked":"Orrery"}],"items_purged_floors":[22],"is_endless":false,"potions_floor_spawned":[1,2,11,16,23],"killed_by":"Book of Stabbing","ascension_level":2}