{"gold_per_floor":[110,35,35,35,35,35,60,77,77,77,77,105,105,119,119,221,221,237,253,269,269,21,47,47,78,78,78,98,98,115,143,143,143],"floor_reached":33,"playtime":2844,"items_purged":["Strike_R","Strike_R"],"score":389,"play_id":"9cfe37e7-7a80-42b8-9e17-6d15293f1262","local_time":"20191019225943","is_ascension_mode":true,"campfire_choices":[{"data":"Bash","floor":6,"key":"SMITH"},{"data":"Immolate","floor":11,"key":"SMITH"},{"data":"Clothesline","floor":13,"key":"SMITH"},{"data":"Disarm","floor":15,"key":"SMITH"},{"floor":27,"key":"REST"},{"data":"Armaments","floor":29,"key":"SMITH"},{"data":"Metallicize","floor":32,"key":"SMITH"}],"neow_cost":"CURSE","seed_source_timestamp":773570982939500,"circlet_count":0,"master_deck":["Strike_R","Strike_R","Defend_R","Defend_R","Defend_R","Defend_R","Bash+1","Metallicize+1","Sever Soul","Immolate+1","Pommel Strike","Clothesline+1","Disarm+1","Double Tap","Armaments+1","Shrug It Off","Shockwave+1","Impervious"],"relics":["Burning Blood","Ice Cream","Happy Flower","Question Card","Red Skull","Runic Pyramid","Bronze Scales","Girya","Unceasing Top","Art of War","Anchor"],"potions_floor_usage":[7,14,25,30,33,33,33],"damage_taken":[{"damage":1,"enemies":"Cultist","floor":1,"turns":3},{"damage":22,"enemies":"3 Sentries","floor":7,"turns":9},{"damage":0,"enemies":"Jaw Worm","floor":8,"turns":3},{"damage":13,"enemies":"Gremlin Nob","floor":12,"turns":3},{"damage":0,"enemies":"Small Slimes","floor":14,"turns":3},{"damage":5,"enemies":"The Guardian","floor":16,"turns":13},{"damage":1,"enemies":"Chosen","floor":18,"turns":3},{"damage":26,"enemies":"Shell Parasite","floor":19,"turns":5},{"damage":7,"enemies":"Cultist and Chosen","floor":20,"turns":5},{"damage":19,"enemies":"Book of Stabbing","floor":23,"turns":9},{"damage":32,"enemies":"Slavers","floor":25,"turns":6},{"damage":0,"enemies":"Snake Plant","floor":28,"turns":4},{"damage":14,"enemies":"Shelled Parasite and Fungi","floor":30,"turns":4},{"damage":9,"enemies":"Book of Stabbing","floor":31,"turns":8},{"damage":61,"enemies":"Champ","floor":33,"turns":13}],"seed_played":"-5351121440305986990","potions_obtained":[{"floor":1,"key":"Strength Potion"},{"floor":7,"key":"SkillPotion"},{"floor":18,"key":"SneckoOil"},{"floor":19,"key":"Dexterity Potion"},{"floor":20,"key":"Regen Potion"},{"floor":28,"key":"Fruit Juice"},{"floor":31,"key":"Block Potion"}],"is_trial":false,"path_per_floor":["M","$","?","$","?","R","E","M","T","?","R","E","R","M","R","B",null,"M","M","M","?","$","E","?","E","T","R","M","R","M","E","R","B"],"character_chosen":"IRONCLAD","items_purchased":["Bronze Scales"],"campfire_rested":1,"item_purchase_floors":[22],"current_hp_per_floor":[80,80,80,80,85,85,69,75,75,75,75,68,68,74,74,75,80,82,62,61,61,61,48,48,37,37,61,67,67,64,61,61,0],"gold":143,"neow_bonus":"ONE_RARE_RELIC","is_prod":false,"is_daily":false,"chose_seed":false,"campfire_upgraded":6,"win_rate":0,"timestamp":1571547583,"path_taken":["M","?","?","$","?","R","E","M","T","?","R","E","R","M","R","BOSS","M","?","M","?","$","E","?","E","T","R","?","R","M","E","R","BOSS"],"build_version":"2019-07-17","purchased_purges":2,"victory":false,"max_hp_per_floor":[80,80,80,80,85,85,85,85,85,82,82,82,82,82,82,82,82,82,82,82,82,82,82,82,82,82,82,82,82,87,87,87,87],"card_choices":[{"not_picked":["Searing Blow","Whirlwind"],"picked":"Metallicize","floor":1},{"not_picked":["Cleave","Iron Wave"],"picked":"Immolate","floor":7},{"not_picked":["Clash","Havoc"],"picked":"Pommel Strike","floor":8},{"not_picked":["Barricade","Reckless Charge","Heavy Blade"],"picked":"Clothesline","floor":12},{"not_picked":["Rage","Carnage","Second Wind"],"picked":"Disarm","floor":14},{"not_picked":["Dark Embrace","Juggernaut","Demon Form"],"picked":"Double Tap","floor":16},{"not_picked":["Thunderclap","Shrug It Off+1","Combust"],"picked":"Armaments","floor":18},{"not_picked":["Wild Strike+1","Thunderclap","Body Slam+1","Pommel Strike+1"],"picked":"SKIP","floor":19},{"not_picked":["Heavy Blade","Intimidate+1","Fire Breathing+1"],"picked":"Shrug It Off","floor":20},{"not_picked":["Rage","Searing Blow+1","Wild Strike"],"picked":"Shockwave+1","floor":23},{"not_picked":["Power Through+1","Combust+1","Disarm","Perfected Strike"],"picked":"SKIP","floor":25},{"not_picked":["Sword Boomerang","Combust","Inflame+1","Pommel Strike"],"picked":"SKIP","floor":28},{"not_picked":["Dual Wield+1","Power Through","Headbutt","Uppercut"],"picked":"SKIP","floor":30},{"not_picked":["Uppercut","Dual Wield","Clash"],"picked":"Impervious","floor":31}],"player_experience":79918,"relics_obtained":[{"floor":7,"key":"Happy Flower"},{"floor":9,"key":"Question Card"},{"floor":12,"key":"Red Skull"},{"floor":23,"key":"Girya"},{"floor":25,"key":"Unceasing Top"},{"floor":26,"key":"Art of War"},{"floor":31,"key":"Anchor"}],"event_choices":[{"damage_healed":0,"gold_gain":0,"cards_transformed":["Strike_R"],"player_choice":"Change","damage_taken":0,"max_hp_gain":0,"max_hp_loss":0,"event_name":"Living Wall","floor":3,"gold_loss":0,"cards_obtained":["Sever Soul"]},{"damage_healed":0,"gold_gain":0,"player_choice":"Donut","damage_taken":0,"max_hp_gain":5,"max_hp_loss":0,"event_name":"Big Fish","floor":5,"gold_loss":0},{"cards_removed":["Parasite"],"damage_healed":0,"gold_gain":0,"player_choice":"Removed Curses","damage_taken":0,"max_hp_gain":0,"max_hp_loss":0,"event_name":"Fountain of Cleansing","floor":10,"gold_loss":0},{"damage_healed":0,"gold_gain":0,"player_choice":"Ignored","damage_taken":0,"max_hp_gain":0,"max_hp_loss":0,"event_name":"The Mausoleum","floor":21,"gold_loss":0},{"damage_healed":0,"gold_gain":0,"player_choice":"Ignored","damage_taken":0,"max_hp_gain":0,"max_hp_loss":0,"event_name":"N\u0027loth","floor":24,"gold_loss":0}],"is_beta":false,"boss_relics":[{"not_picked":["Runic Cube","Tiny House"],"picked":"Runic Pyramid"}],"items_purged_floors":[2,22],"is_endless":false,"potions_floor_spawned":[1,7,18,19,20,28,31],"killed_by":"Champ","ascension_level":5}