{"gold_per_floor":[112,112,38,38,52,52,78,94,142,159,5,28,55,8,8,8],"floor_reached":16,"playtime":467,"items_purged":["Pain"],"score":204,"play_id":"38faa36a-3220-43a6-be0f-b97b9624119d","local_time":"20190923165211","is_ascension_mode":true,"campfire_choices":[{"data":"Zap","floor":6.0,"key":"SMITH"},{"data":"Fission","floor":15,"key":"SMITH"}],"neow_cost":"PERCENT_DAMAGE","seed_source_timestamp":88984264479070,"circlet_count":0,"master_deck":["AscendersBane","Strike_B","Strike_B","Defend_B","Defend_B","Defend_B","Defend_B","Zap+1","Dualcast","Seek","Gash","Hologram","Recycle","Glacier","Blizzard","Ball Lightning","Fission+1","Coolheaded","Self Repair","Compile Driver","Cold Snap"],"special_seed":0,"relics":["Cracked Core","WarpedTongs","PreservedInsect","CeramicFish"],"potions_floor_usage":[],"damage_taken":[{"damage":7.0,"enemies":"Jaw Worm","floor":1.0,"turns":3.0},{"damage":5.0,"enemies":"Cultist","floor":5.0,"turns":4.0},{"damage":18.0,"enemies":"3 Sentries","floor":7.0,"turns":12.0},{"damage":1.0,"enemies":"Small Slimes","floor":8.0,"turns":3.0},{"damage":9.0,"enemies":"Red Slaver","floor":10.0,"turns":3.0},{"damage":2,"enemies":"Exordium Wildlife","floor":12,"turns":4},{"damage":9,"enemies":"2 Fungi Beasts","floor":13,"turns":4},{"damage":13,"enemies":"Hexaghost","floor":16,"turns":7}],"seed_played":"6747413049488379633","potions_obtained":[{"floor":1.0,"key":"Block Potion"},{"floor":7.0,"key":"Energy Potion"},{"floor":8.0,"key":"Energy Potion"}],"is_trial":false,"path_per_floor":["M","?","$","?","M","R","E","M","T","M","$","M","M","?","R","B"],"character_chosen":"DEFECT","items_purchased":["Recycle","Coolheaded","Self Repair"],"campfire_rested":0,"item_purchase_floors":[3,11,11],"current_hp_per_floor":[39,39,39,39,34,34,16,15,15,6,6,11,9,9,9,0],"gold":8,"neow_bonus":"TRANSFORM_TWO_CARDS","is_prod":false,"is_daily":false,"chose_seed":false,"campfire_upgraded":2,"win_rate":0,"timestamp":1569228731,"path_taken":["M","?","$","?","?","R","E","M","T","M","$","M","M","?","R","BOSS"],"build_version":"2019-09-20","purchased_purges":1,"victory":false,"max_hp_per_floor":[71,71,71,71,71,71,71,71,71,71,71,71,71,71,71,71],"card_choices":[{"not_picked":["Storm","Gash"],"picked":"Hologram","floor":1.0},{"not_picked":["Coolheaded","Sweeping Beam"],"picked":"Glacier","floor":5.0},{"not_picked":["Rebound","Ball Lightning"],"picked":"Blizzard","floor":7.0},{"not_picked":["Steam","Steam Power"],"picked":"Ball Lightning","floor":8.0},{"not_picked":["Go for the Eyes","Ball Lightning"],"picked":"Fission","floor":10.0},{"not_picked":["Beam Cell","Streamline"],"picked":"Compile Driver","floor":12},{"not_picked":["Sweeping Beam","Ball Lightning"],"picked":"Cold Snap","floor":13}],"player_experience":945151,"relics_obtained":[{"floor":7.0,"key":"PreservedInsect"},{"floor":9.0,"key":"CeramicFish"}],"event_choices":[{"damage_healed":0.0,"max_hp_gain":0.0,"max_hp_loss":0.0,"gold_gain":0.0,"event_name":"The Cleric","player_choice":"Leave","floor":2.0,"gold_loss":0.0,"damage_taken":0.0},{"damage_healed":0.0,"max_hp_gain":0.0,"max_hp_loss":0.0,"gold_gain":0.0,"event_name":"Accursed Blacksmith","player_choice":"Rummage","floor":4.0,"gold_loss":0.0,"damage_taken":0.0,"relics_obtained":["WarpedTongs"],"cards_obtained":["Pain"]},{"damage_healed":0,"gold_gain":0,"player_choice":"Left Gold","damage_taken":0,"max_hp_gain":0,"max_hp_loss":0,"event_name":"World of Goop","floor":14,"gold_loss":47}],"is_beta":true,"boss_relics":[],"items_purged_floors":[11],"is_endless":false,"potions_floor_spawned":[1,7,8],"killed_by":"Hexaghost","ascension_level":20}