{"gold_per_floor":[111,124,134,209,222,254,111,111,111,138,123],"floor_reached":11,"playtime":795,"items_purged":["Strike_G"],"score":91,"play_id":"122fc19e-372d-49c7-bd05-9032d5d3d0e0","local_time":"20191013071618","is_ascension_mode":true,"campfire_choices":[],"neow_cost":"NONE","seed_source_timestamp":170912894222500,"circlet_count":0,"master_deck":["Strike_G","Strike_G","Strike_G","Strike_G","Defend_G","Defend_G","Defend_G","Defend_G","Defend_G","Survivor","Neutralize","Backstab","Underhanded Strike","Backflip+1","Choke","Well Laid Plans"],"relics":["Ring of the Snake","Toxic Egg 2","Tough Bandages","Unceasing Top"],"potions_floor_usage":[6,6,10],"damage_taken":[{"damage":1,"enemies":"Cultist","floor":1,"turns":4},{"damage":0,"enemies":"2 Louse","floor":2,"turns":2},{"damage":1,"enemies":"Jaw Worm","floor":3,"turns":3},{"damage":0,"enemies":"Gremlin Gang","floor":5,"turns":9},{"damage":8,"enemies":"3 Sentries","floor":6,"turns":7},{"damage":44,"enemies":"Lagavulin","floor":10,"turns":12},{"damage":6,"enemies":"Exordium Thugs","floor":11,"turns":1}],"seed_played":"-6046594324346255487","potions_obtained":[{"floor":0,"key":"PowerPotion"},{"floor":0,"key":"AttackPotion"},{"floor":0,"key":"SpeedPotion"},{"floor":5,"key":"SteroidPotion"}],"is_trial":false,"path_per_floor":["M","M","M","?","M","E","$","?","T","E","M"],"character_chosen":"THE_SILENT","items_purchased":["Choke"],"campfire_rested":0,"item_purchase_floors":[7],"current_hp_per_floor":[69,69,68,57,57,49,49,49,49,5,0],"gold":123,"neow_bonus":"THREE_SMALL_POTIONS","is_prod":false,"is_daily":false,"chose_seed":false,"campfire_upgraded":0,"win_rate":0,"timestamp":1570943778,"path_taken":["M","?","M","?","M","E","$","?","T","E","M"],"build_version":"2019-07-17","purchased_purges":1,"victory":false,"max_hp_per_floor":[70,70,70,70,70,70,70,70,70,70,70],"card_choices":[{"not_picked":["Well Laid Plans","Bouncing Flask"],"picked":"Backstab","floor":1},{"not_picked":["Flying Knee","Dagger Spray","Riddle With Holes"],"picked":"SKIP","floor":2},{"not_picked":["PiercingWail","Cloak And Dagger"],"picked":"Underhanded Strike","floor":3},{"not_picked":["Bane","Distraction","Dagger Spray"],"picked":"SKIP","floor":5},{"not_picked":["Masterful Stab","Accuracy"],"picked":"Backflip","floor":6},{"not_picked":["Dagger Spray","Backflip+1"],"picked":"Well Laid Plans","floor":10}],"player_experience":322539,"relics_obtained":[{"floor":6,"key":"Toxic Egg 2"},{"floor":9,"key":"Tough Bandages"},{"floor":10,"key":"Unceasing Top"}],"event_choices":[{"damage_healed":0,"gold_gain":75,"player_choice":"Gather Gold","damage_taken":11,"max_hp_gain":0,"max_hp_loss":0,"event_name":"World of Goop","floor":4,"gold_loss":0},{"damage_healed":0,"gold_gain":0,"player_choice":"Bought 0 Potions","damage_taken":0,"max_hp_gain":0,"max_hp_loss":0,"event_name":"The Woman in Blue","floor":8,"gold_loss":0}],"is_beta":false,"boss_relics":[],"items_purged_floors":[7],"is_endless":false,"potions_floor_spawned":[2,5],"killed_by":"Exordium Thugs","ascension_level":2}