{"gold_per_floor":[109,120,132,149,149,149,167,178,204,235,235,245,235,246,246,246],"floor_reached":16,"playtime":612,"items_purged":[],"score":108,"play_id":"008826cd-84b4-46af-8285-d97a49609481","local_time":"20190301050641","is_ascension_mode":false,"campfire_choices":[{"data":"Static Discharge","floor":6,"key":"SMITH"},{"floor":15,"key":"REST"}],"neow_cost":"NONE","seed_source_timestamp":553295984522999,"circlet_count":0,"master_deck":["Strike_B","Strike_B","Strike_B","Strike_B","Defend_B","Defend_B","Defend_B","Defend_B","Zap","Dualcast","Leap","Redo","Storm","Static Discharge+1","Thunder Strike","Redo","White Noise","Leap"],"relics":["Cracked Core","NeowsBlessing","Boot","Anchor","Smiling Mask"],"potions_floor_usage":[10,10,12,16],"damage_taken":[{"damage":0,"enemies":"Cultist","floor":1,"turns":1},{"damage":0,"enemies":"Jaw Worm","floor":2,"turns":1},{"damage":0,"enemies":"Small Slimes","floor":3,"turns":1},{"damage":7,"enemies":"3 Louse","floor":4,"turns":4},{"damage":24,"enemies":"Lots of Slimes","floor":7,"turns":4},{"damage":10,"enemies":"Blue Slaver","floor":8,"turns":2},{"damage":19,"enemies":"3 Sentries","floor":10,"turns":6},{"damage":7,"enemies":"Large Slime","floor":12,"turns":3},{"damage":1,"enemies":"Exordium Thugs","floor":13,"turns":4},{"damage":0,"enemies":"Exordium Wildlife","floor":14,"turns":3},{"damage":38,"enemies":"Slime Boss","floor":16,"turns":7}],"seed_played":"8018053542484632672","potions_obtained":[{"floor":2,"key":"SkillPotion"},{"floor":4,"key":"PowerPotion"},{"floor":8,"key":"Weak Potion"},{"floor":13,"key":"GamblersBrew"},{"floor":14,"key":"SteroidPotion"}],"is_trial":false,"path_per_floor":["M","M","M","M","?","R","M","M","T","E","?","M","M","M","R","B"],"character_chosen":"DEFECT","items_purchased":[],"campfire_rested":1,"item_purchase_floors":[],"current_hp_per_floor":[75,75,75,68,68,68,44,34,34,15,15,8,7,7,29,0],"gold":246,"neow_bonus":"THREE_ENEMY_KILL","is_prod":false,"is_daily":false,"chose_seed":false,"campfire_upgraded":1,"win_rate":0.0,"timestamp":1551434801,"path_taken":["M","M","?","M","?","R","M","M","T","E","?","M","M","M","R","BOSS"],"build_version":"2019-01-23","purchased_purges":0,"victory":false,"max_hp_per_floor":[75,75,75,75,75,75,75,75,75,75,75,75,75,75,75,75],"card_choices":[{"not_picked":["Stack","Coolheaded"],"picked":"Leap","floor":1},{"not_picked":["Cold Snap","Turbo"],"picked":"Redo","floor":2},{"not_picked":["Steam","Hologram"],"picked":"Storm","floor":3},{"not_picked":["Hologram","Streamline"],"picked":"Static Discharge","floor":4},{"not_picked":["Go for the Eyes","Stack"],"picked":"Thunder Strike","floor":7},{"not_picked":["Consume","Rebound"],"picked":"Redo","floor":8},{"not_picked":["Beam Cell","Coolheaded"],"picked":"White Noise","floor":10},{"not_picked":["Ball Lightning","Creative AI"],"picked":"Leap","floor":12},{"not_picked":["Beam Cell","Compile Driver","Rip and Tear"],"picked":"SKIP","floor":13},{"not_picked":["BootSequence","Sweeping Beam","Stack"],"picked":"SKIP","floor":14}],"player_experience":204570,"relics_obtained":[{"floor":9,"key":"Anchor"},{"floor":10,"key":"Smiling Mask"}],"event_choices":[{"damage_healed":0,"gold_gain":0,"player_choice":"Box","damage_taken":0,"relics_obtained":["Boot"],"max_hp_gain":0,"max_hp_loss":0,"event_name":"Big Fish","floor":5,"gold_loss":0,"cards_obtained":["Regret"]},{"cards_removed":["Regret"],"damage_healed":0,"gold_gain":0,"player_choice":"Purged","damage_taken":0,"max_hp_gain":0,"max_hp_loss":0,"event_name":"Purifier","floor":11,"gold_loss":0}],"is_beta":false,"boss_relics":[],"items_purged_floors":[],"is_endless":false,"potions_floor_spawned":[2,4,8,13,14],"killed_by":"Slime Boss","ascension_level":0}