{"gold_per_floor":[113,125,125,141,65,130,130,161,188,188,200,220,234,261,261,363,363,377,377,377,389,402,418,429,454,504,604,629,280,280,299,299,404,404,416,463,84,84,96,96,127,138,163,20,39,39,69,69,69,69,69,69,19,47,47],"floor_reached":55,"playtime":4109,"items_purged":["Strike_G+1"],"score":826,"play_id":"407f16ca-a148-4988-a704-9a36f2fe1624","local_time":"20191005163243","is_ascension_mode":true,"campfire_choices":[{"data":"Footwork","floor":7.0,"key":"SMITH"},{"data":"Noxious Fumes","floor":15.0,"key":"SMITH"},{"data":"Accuracy","floor":30.0,"key":"SMITH"},{"floor":32.0,"key":"REST"},{"floor":40.0,"key":"RECALL"},{"data":"Corpse Explosion","floor":49.0,"key":"SMITH"},{"floor":52,"key":"REST"}],"neow_cost":"NONE","seed_source_timestamp":0,"circlet_count":0,"master_deck":["Strike_G+1","Strike_G+1","Defend_G+1","Defend_G+1","Defend_G+1","Defend_G+1","Defend_G+1","Survivor","Neutralize+1","Escape Plan","Footwork+1","Choke","Leg Sweep","Dash+1","Noxious Fumes+1","Endless Agony","Bullet Time","Corpse Explosion+1","Blur+1","Accuracy+1","Noxious Fumes","Dash+1","Blade Dance","Burst","Bullet Time","Bane","Blade Dance","Envenom","Prepared+1","Cloak And Dagger","Panache","Dodge and Roll+1","Blade Dance","Burst"],"special_seed":0,"relics":["Ring of the Snake","Tiny Chest","Lantern","Vajra","Centennial Puzzle","Sozu","Whetstone","Peace Pipe","Ninja Scroll","Dream Catcher","Oddly Smooth Stone","TwistedFunnel","Pocketwatch","OrangePellets","Smiling Mask","Art of War","Anchor","Gambling Chip","Potion Belt","Shuriken"],"potions_floor_usage":[],"damage_taken":[{"damage":0.0,"enemies":"2 Louse","floor":1.0,"turns":3.0},{"damage":2.0,"enemies":"Cultist","floor":2.0,"turns":4.0},{"damage":1.0,"enemies":"Small Slimes","floor":4.0,"turns":5.0},{"damage":45.0,"enemies":"Lagavulin","floor":6.0,"turns":9.0},{"damage":4.0,"enemies":"3 Sentries","floor":8.0,"turns":16.0},{"damage":0.0,"enemies":"Exordium Wildlife","floor":11.0,"turns":3.0},{"damage":0.0,"enemies":"2 Fungi Beasts","floor":12.0,"turns":4.0},{"damage":0.0,"enemies":"Large Slime","floor":13.0,"turns":6.0},{"damage":0.0,"enemies":"Gremlin Nob","floor":14.0,"turns":4.0},{"damage":17.0,"enemies":"Slime Boss","floor":16.0,"turns":11.0},{"damage":0.0,"enemies":"Shell Parasite","floor":18.0,"turns":6.0},{"damage":0.0,"enemies":"3 Byrds","floor":21.0,"turns":3.0},{"damage":0.0,"enemies":"Snake Plant","floor":22.0,"turns":3.0},{"damage":0.0,"enemies":"Snecko","floor":23.0,"turns":5.0},{"damage":2.0,"enemies":"3 Cultists","floor":24.0,"turns":3.0},{"damage":10.0,"enemies":"Gremlin Leader","floor":25.0,"turns":8.0},{"damage":1.0,"enemies":"Colosseum Slavers","floor":27.0,"turns":3.0},{"damage":8.0,"enemies":"Colosseum Nobs","floor":27.0,"turns":3.0},{"damage":1.0,"enemies":"Book of Stabbing","floor":28.0,"turns":5.0},{"damage":11.0,"enemies":"Sentry and Sphere","floor":31.0,"turns":4.0},{"damage":13.0,"enemies":"Collector","floor":33.0,"turns":6.0},{"damage":0.0,"enemies":"Orb Walker","floor":35.0,"turns":2.0},{"damage":21.0,"enemies":"2 Orb Walkers","floor":36.0,"turns":6.0},{"damage":3.0,"enemies":"3 Shapes","floor":39.0,"turns":3.0},{"damage":2.0,"enemies":"Nemesis","floor":41.0,"turns":5.0},{"damage":10.0,"enemies":"Spire Growth","floor":42.0,"turns":4.0},{"damage":0.0,"enemies":"4 Shapes","floor":45.0,"turns":4.0},{"damage":14.0,"enemies":"Reptomancer","floor":47.0,"turns":5.0},{"damage":37.0,"enemies":"Time Eater","floor":50.0,"turns":11.0},{"damage":31,"enemies":"Shield and Spear","floor":54,"turns":4},{"damage":47,"enemies":"The Heart","floor":55,"turns":2}],"seed_played":"-6775990453219332943","potions_obtained":[{"floor":2.0,"key":"SkillPotion"},{"floor":6.0,"key":"Block Potion"},{"floor":8.0,"key":"Strength Potion"},{"floor":14.0,"key":"Strength Potion"}],"is_trial":false,"path_per_floor":["M","M","?","M","$","E","R","E","T","?","M","M","M","E","R","B",null,"M","?","?","M","M","M","M","E","T","?","E","$","R","M","R","B",null,"M","?","$","?","M","R","E","M","T","$","M","T","E","?","R","B",null,"R","$","E","B"],"character_chosen":"THE_SILENT","items_purchased":["Choke","Oddly Smooth Stone","TwistedFunnel","Panache","OrangePellets","Anchor"],"campfire_rested":2,"item_purchase_floors":[5,29,29,37,37,44],"current_hp_per_floor":[70,68,68,67,67,22,22,18,18,70,70,70,70,70,70,53,70,70,70,70,70,70,70,68,58,58,49,48,48,48,37,58,45,70,70,49,49,49,46,46,44,34,34,34,34,34,20,58,58,21,58,58,58,27,0],"gold":47,"neow_bonus":"TRANSFORM_CARD","is_prod":false,"is_daily":false,"chose_seed":false,"campfire_upgraded":4,"win_rate":0,"timestamp":1570285963,"path_taken":["M","M","?","?","$","E","R","E","T","?","M","?","M","E","R","BOSS","M","?","?","M","M","M","M","E","T","?","E","$","R","M","R","BOSS","M","?","$","?","M","R","E","M","T","?","?","?","E","?","R","BOSS","R","$","E","BOSS"],"build_version":"2019-07-17","purchased_purges":1,"victory":false,"max_hp_per_floor":[70,70,70,70,70,70,70,70,70,70,70,70,70,70,70,70,70,70,70,70,70,70,70,70,70,70,70,70,70,70,70,70,70,70,70,70,70,66,66,66,66,66,66,66,66,66,66,58,58,58,58,58,58,58,58],"card_choices":[{"not_picked":["Quick Slash","Eviscerate","Outmaneuver"],"picked":"SKIP","floor":1.0},{"not_picked":["Flechettes","Well Laid Plans","PiercingWail"],"picked":"SKIP","floor":2.0},{"not_picked":["Acrobatics","Dagger Throw"],"picked":"Escape Plan","floor":4.0},{"not_picked":["Dagger Throw","All Out Attack"],"picked":"Leg Sweep","floor":6.0},{"not_picked":["Sucker Punch","Backflip"],"picked":"Dash","floor":8.0},{"not_picked":["Poisoned Stab","Outmaneuver"],"picked":"Noxious Fumes","floor":11.0},{"not_picked":["Deadly Poison","Dodge and Roll"],"picked":"Endless Agony","floor":12.0},{"not_picked":["Flechettes","Dagger Throw","Deflect"],"picked":"SKIP","floor":13.0},{"not_picked":["Flechettes","Cloak And Dagger"],"picked":"Bullet Time","floor":14.0},{"not_picked":["A Thousand Cuts","Glass Knife"],"picked":"Corpse Explosion","floor":16.0},{"not_picked":["Acrobatics","Slice"],"picked":"Blur+1","floor":18.0},{"not_picked":["Quick Slash","Sucker Punch+1"],"picked":"Noxious Fumes","floor":21.0},{"not_picked":["Backflip","Reflex+1","Tactician"],"picked":"SKIP","floor":22.0},{"not_picked":["Prepared","Setup"],"picked":"Dash+1","floor":23.0},{"not_picked":["Prepared","Underhanded Strike"],"picked":"Blade Dance","floor":24.0},{"not_picked":["Dagger Throw","PiercingWail","Deadly Poison"],"picked":"SKIP","floor":25.0},{"not_picked":["Outmaneuver","Prepared"],"picked":"Burst","floor":27.0},{"not_picked":["Sucker Punch","Dodge and Roll"],"picked":"Bullet Time","floor":28.0},{"not_picked":["Sucker Punch","Acrobatics"],"picked":"Bane","floor":31.0},{"not_picked":["Bullet Time","Calculated Gamble"],"picked":"Blade Dance","floor":32.0},{"not_picked":["Storm of Steel","Corpse Explosion"],"picked":"Envenom","floor":33.0},{"not_picked":["Skewer","PiercingWail"],"picked":"Prepared+1","floor":35.0},{"not_picked":["Reflex","All Out Attack"],"picked":"Cloak And Dagger","floor":36.0},{"not_picked":["Prepared","Bane","Flying Knee+1"],"picked":"SKIP","floor":39.0},{"not_picked":["Underhanded Strike+1","Slice","Prepared"],"picked":"SKIP","floor":41.0},{"not_picked":["Quick Slash","Dagger Spray+1","Skewer+1"],"picked":"SKIP","floor":42.0},{"not_picked":["Deflect","Caltrops+1","Masterful Stab+1"],"picked":"SKIP","floor":45.0},{"not_picked":["Deadly Poison+1","Blade Dance+1"],"picked":"Dodge and Roll+1","floor":47.0},{"not_picked":["Quick Slash","PiercingWail"],"picked":"Blade Dance","floor":52},{"not_picked":["Infinite Blades+1","All Out Attack+1"],"picked":"Burst","floor":54}],"player_experience":195039,"relics_obtained":[{"floor":6.0,"key":"Tiny Chest"},{"floor":8.0,"key":"Lantern"},{"floor":9.0,"key":"Vajra"},{"floor":14.0,"key":"Centennial Puzzle"},{"floor":25.0,"key":"Whetstone"},{"floor":27.0,"key":"Peace Pipe"},{"floor":27.0,"key":"Ninja Scroll"},{"floor":28.0,"key":"Dream Catcher"},{"floor":36.0,"key":"Pocketwatch"},{"floor":41.0,"key":"Smiling Mask"},{"floor":43.0,"key":"Art of War"},{"floor":46.0,"key":"Gambling Chip"},{"floor":47.0,"key":"Potion Belt"},{"floor":54,"key":"Shuriken"}],"event_choices":[{"damage_healed":0.0,"max_hp_gain":0.0,"max_hp_loss":0.0,"gold_gain":0.0,"cards_transformed":["Strike_G"],"event_name":"Transmorgrifier","player_choice":"Transformed","floor":3.0,"gold_loss":0.0,"damage_taken":0.0,"cards_obtained":["Footwork"]},{"cards_removed":["Escape Plan"],"damage_healed":52.0,"max_hp_gain":0.0,"max_hp_loss":0.0,"gold_gain":0.0,"event_name":"Bonfire Elementals","player_choice":"Offered Uncommon","floor":10.0,"gold_loss":0.0,"damage_taken":0.0},{"damage_healed":0.0,"max_hp_gain":0.0,"max_hp_loss":0.0,"gold_gain":0.0,"event_name":"Back to Basics","player_choice":"Simplicity","floor":19.0,"gold_loss":0.0,"damage_taken":0.0,"cards_upgraded":["Strike_G","Strike_G","Strike_G","Defend_G","Defend_G","Defend_G","Defend_G","Defend_G"]},{"damage_healed":0.0,"max_hp_gain":0.0,"max_hp_loss":0.0,"gold_gain":0.0,"event_name":"The Library","player_choice":"Read","floor":20.0,"gold_loss":0.0,"damage_taken":0.0,"cards_obtained":["Accuracy"]},{"damage_healed":0.0,"max_hp_gain":0.0,"max_hp_loss":0.0,"gold_gain":0.0,"event_name":"Colosseum","player_choice":"Fight","floor":27.0,"gold_loss":0.0,"damage_taken":0.0},{"damage_healed":0.0,"max_hp_gain":0.0,"max_hp_loss":0.0,"gold_gain":0.0,"event_name":"Colosseum","player_choice":"Fought Nobs","floor":27.0,"gold_loss":0.0,"damage_taken":0.0},{"damage_healed":0.0,"max_hp_gain":0.0,"max_hp_loss":0.0,"gold_gain":0.0,"event_name":"Mysterious Sphere","player_choice":"Fight","floor":36.0,"gold_loss":0.0,"damage_taken":0.0},{"damage_healed":0.0,"max_hp_gain":0.0,"max_hp_loss":4.0,"gold_gain":0.0,"event_name":"Winding Halls","player_choice":"Max HP","floor":38.0,"gold_loss":0.0,"damage_taken":0.0},{"damage_healed":58.0,"max_hp_gain":0.0,"max_hp_loss":8.0,"gold_gain":0.0,"event_name":"The Moai Head","player_choice":"Heal","floor":48.0,"gold_loss":0.0,"damage_taken":0.0}],"is_beta":false,"boss_relics":[{"not_picked":["Ectoplasm","Runic Pyramid"],"picked":"Sozu"},{"not_picked":["Astrolabe","Ring of the Serpent","Cursed Key"]}],"items_purged_floors":[53],"is_endless":false,"potions_floor_spawned":[2,6,8,13,14,21,22,23,24,31,33,35,39,45,47,54],"killed_by":"The Heart","ascension_level":1}