{"gold_per_floor":[109,109,124,39,55,55,88,38,38,38,87,87,101,128,128,210,210,222,238,288,116,130,130,158,158,158,258,258,328,328,343,343,343],"floor_reached":33,"playtime":1015,"items_purged":["Strike_R"],"score":566,"play_id":"698e5d37-fe52-441b-9088-c71ecec4c723","local_time":"20190927170637","is_ascension_mode":true,"campfire_choices":[{"data":"Fire Breathing","floor":6.0,"key":"SMITH"},{"data":"Body Slam","floor":10.0,"key":"SMITH"},{"data":"Power Through","floor":12.0,"key":"SMITH"},{"data":"True Grit","floor":15.0,"key":"SMITH"},{"floor":23.0,"key":"REST"},{"data":"Armaments","floor":25.0,"key":"SMITH"},{"floor":28.0,"key":"REST"},{"data":"Feel No Pain","floor":30.0,"key":"SMITH"},{"floor":32.0,"key":"REST"}],"neow_cost":"PERCENT_DAMAGE","seed_source_timestamp":434009797193725,"circlet_count":0,"master_deck":["AscendersBane","Strike_R","Strike_R","Strike_R","Defend_R","Defend_R","Defend_R","Defend_R","Bash","Secret Technique","Fire Breathing+1","Power Through+1","Second Wind","Body Slam+1","True Grit+1","Impervious","Finesse","Armaments+1","Feel No Pain+1"],"special_seed":0,"relics":["Burning Blood","Mercury Hourglass","The Courier","CeramicFish","Busted Crown","White Beast Statue","Bird Faced Urn","Dodecahedron","Tiny Chest"],"potions_floor_usage":[33],"damage_taken":[{"damage":8.0,"enemies":"Small Slimes","floor":1.0,"turns":5.0},{"damage":14.0,"enemies":"Jaw Worm","floor":3.0,"turns":5.0},{"damage":12.0,"enemies":"Cultist","floor":5.0,"turns":5.0},{"damage":15.0,"enemies":"3 Sentries","floor":7.0,"turns":5.0},{"damage":0.0,"enemies":"3 Louse","floor":13.0,"turns":2.0},{"damage":5.0,"enemies":"Large Slime","floor":14.0,"turns":5.0},{"damage":28.0,"enemies":"The Guardian","floor":16.0,"turns":11.0},{"damage":32.0,"enemies":"Chosen","floor":18.0,"turns":6.0},{"damage":8.0,"enemies":"Spheric Guardian","floor":19.0,"turns":6.0},{"damage":27.0,"enemies":"Snake Plant","floor":22.0,"turns":4.0},{"damage":17.0,"enemies":"Gremlin Leader","floor":24.0,"turns":9.0},{"damage":0.0,"enemies":"Colosseum Slavers","floor":27.0,"turns":6.0},{"damage":34.0,"enemies":"Colosseum Nobs","floor":27.0,"turns":5.0},{"damage":42.0,"enemies":"Slavers","floor":29.0,"turns":5.0},{"damage":13.0,"enemies":"Centurion and Healer","floor":31.0,"turns":10.0},{"damage":29,"enemies":"Collector","floor":33,"turns":5}],"seed_played":"630264933013039459","potions_obtained":[{"floor":1.0,"key":"FearPotion"},{"floor":13.0,"key":"Ancient Potion"},{"floor":14.0,"key":"SteroidPotion"},{"floor":19.0,"key":"AttackPotion"},{"floor":22.0,"key":"Regen Potion"},{"floor":27.0,"key":"BloodPotion"},{"floor":29.0,"key":"Weak Potion"},{"floor":31.0,"key":"Dexterity Potion"}],"is_trial":false,"path_per_floor":["M","?","M","$","M","R","E","$","T","R","T","R","M","M","R","B",null,"M","M","?","$","M","R","E","R","T","?","R","E","R","M","R","B"],"character_chosen":"IRONCLAD","items_purchased":["Fire Breathing","Body Slam","Finesse","Armaments"],"campfire_rested":3,"item_purchase_floors":[4,8,21,21],"current_hp_per_floor":[48,48,40,40,34,34,25,25,25,25,25,25,31,32,32,10,59,33,31,31,31,10,32,36,36,36,14,36,17,17,14,36,11],"gold":343,"neow_bonus":"RANDOM_COLORLESS_2","is_prod":false,"is_daily":false,"chose_seed":false,"campfire_upgraded":6,"win_rate":0,"timestamp":1569575197,"path_taken":["M","?","M","$","M","R","E","$","T","R","?","R","M","M","R","BOSS","M","?","?","$","M","R","E","R","T","?","R","E","R","M","R","BOSS"],"build_version":"2019-09-26","purchased_purges":1,"victory":false,"max_hp_per_floor":[75,75,75,75,75,75,75,75,75,75,75,75,75,75,75,75,75,75,75,75,75,75,75,75,75,75,75,75,75,75,75,75,75],"card_choices":[{"not_picked":["Thinking Ahead","Magnetism"],"picked":"Secret Technique","floor":0.0},{"not_picked":["Heavy Blade","Sword Boomerang","Hemokinesis"],"picked":"SKIP","floor":1.0},{"not_picked":["Clothesline","Entrench","Cleave"],"picked":"SKIP","floor":3.0},{"not_picked":["Inflame","Ghostly Armor"],"picked":"Power Through","floor":5.0},{"not_picked":["Clothesline","Wild Strike"],"picked":"Second Wind","floor":7.0},{"not_picked":["Iron Wave","Rupture","Thunderclap"],"picked":"SKIP","floor":13.0},{"not_picked":["Headbutt","Thunderclap"],"picked":"True Grit","floor":14.0},{"not_picked":["Immolate","Exhume"],"picked":"Impervious","floor":16.0},{"not_picked":["Entrench"],"picked":"SKIP","floor":18.0},{"not_picked":["Rage"],"picked":"SKIP","floor":19.0},{"not_picked":["Anger"],"picked":"SKIP","floor":22.0},{"not_picked":["Anger"],"picked":"SKIP","floor":24.0},{"not_picked":[],"picked":"Feel No Pain","floor":29.0},{"not_picked":["Perfected Strike+1"],"picked":"SKIP","floor":31.0}],"player_experience":1032120,"relics_obtained":[{"floor":7.0,"key":"Mercury Hourglass"},{"floor":9.0,"key":"The Courier"},{"floor":11.0,"key":"CeramicFish"},{"floor":24.0,"key":"White Beast Statue"},{"floor":27.0,"key":"Bird Faced Urn"},{"floor":27.0,"key":"Dodecahedron"},{"floor":29.0,"key":"Tiny Chest"}],"event_choices":[{"cards_removed":["Strike_R"],"damage_healed":0.0,"max_hp_gain":0.0,"max_hp_loss":0.0,"gold_gain":0.0,"event_name":"Living Wall","player_choice":"Forget","floor":2.0,"gold_loss":0.0,"damage_taken":0.0},{"damage_healed":0.0,"max_hp_gain":0.0,"max_hp_loss":0.0,"gold_gain":50.0,"event_name":"Nest","player_choice":"Stole From Cult","floor":20.0,"gold_loss":0.0,"damage_taken":0.0},{"damage_healed":0.0,"max_hp_gain":0.0,"max_hp_loss":0.0,"gold_gain":0.0,"event_name":"Colosseum","player_choice":"Fight","floor":27.0,"gold_loss":0.0,"damage_taken":0.0},{"damage_healed":0.0,"max_hp_gain":0.0,"max_hp_loss":0.0,"gold_gain":0.0,"event_name":"Colosseum","player_choice":"Fought Nobs","floor":27.0,"gold_loss":0.0,"damage_taken":0.0}],"is_beta":true,"boss_relics":[{"not_picked":["Ectoplasm","SlaversCollar"],"picked":"Busted Crown"}],"items_purged_floors":[21],"is_endless":false,"potions_floor_spawned":[1,13,14,19,22,27,27,29,31],"killed_by":"Collector","ascension_level":20}