{"gold_per_floor":[212,20,20,20,34,34,46,71,71,19,30,30,30,44,44,148,148,166,199,0,0,14,14,29,29,29,47,74,5,5,23,23,125,125,143,158,14,33,33,33,48,48,72,99,112,42,55,55,55,55],"floor_reached":50,"playtime":5767,"items_purged":[],"score":592,"play_id":"552f3f14-852d-4907-9f06-08da38d15b90","local_time":"20181123215955","is_ascension_mode":true,"campfire_choices":[{"data":"Poisoned Stab","floor":6,"key":"SMITH"},{"data":"Neutralize","floor":12,"key":"SMITH"},{"floor":15,"key":"REST"},{"floor":23,"key":"REST"},{"floor":25,"key":"REST"},{"floor":30,"key":"REST"},{"floor":32,"key":"REST"},{"floor":40,"key":"REST"},{"floor":42,"key":"REST"},{"floor":49,"key":"REST"}],"neow_cost":"NONE","seed_source_timestamp":203293266357327,"circlet_count":0,"master_deck":["Defend_G","Defend_G","Defend_G+1","Defend_G","Defend_G","Strike_G","Strike_G","Strike_G","Strike_G","Survivor","Neutralize+1","Poisoned Stab+1","Malaise","Dagger Throw","Quick Slash","Wraith Form v2","PiercingWail","Deadly Poison+1","Poisoned Stab","Doppelganger","Sucker Punch","Masterful Stab+1","Necronomicurse","Deflect+1","Deadly Poison+1","Slice+1","Backstab","Riddle With Holes","Phantasmal Killer","Corpse Explosion","Deadly Poison+1","Skewer+1","Catalyst","Madness","Madness","Bouncing Flask+1","PiercingWail+1","Bane","Deadly Poison","Dash","Bandage Up"],"relics":["Ring of the Snake","MealTicket","Nunchaku","Mango","Runic Pyramid","Red Mask","TwistedFunnel","Necronomicon","PreservedInsect","FossilizedHelix","White Beast Statue","Strawberry","Oddly Smooth Stone","Unceasing Top"],"potions_floor_usage":[16,19,24,24,33,44,44,44,44,45,47,50,50,50],"damage_taken":[{"damage":0,"enemies":"Small Slimes","floor":1,"turns":5},{"damage":0,"enemies":"Cultist","floor":5,"turns":3},{"damage":0,"enemies":"Jaw Worm","floor":7,"turns":4},{"damage":18,"enemies":"Gremlin Nob","floor":8,"turns":4},{"damage":0,"enemies":"2 Fungi Beasts","floor":11,"turns":4},{"damage":2,"enemies":"Exordium Thugs","floor":14,"turns":4},{"damage":54,"enemies":"The Guardian","floor":16,"turns":8},{"damage":17,"enemies":"Spheric Guardian","floor":18,"turns":7},{"damage":31,"enemies":"Masked Bandits","floor":19,"turns":7},{"damage":0,"enemies":"Chosen","floor":22,"turns":4},{"damage":17,"enemies":"Sentry and Sphere","floor":24,"turns":7},{"damage":3,"enemies":"Snake Plant","floor":27,"turns":4},{"damage":9,"enemies":"Slavers","floor":28,"turns":5},{"damage":22,"enemies":"3 Cultists","floor":31,"turns":6},{"damage":75,"enemies":"Collector","floor":33,"turns":7},{"damage":19,"enemies":"3 Darklings","floor":35,"turns":6},{"damage":0,"enemies":"3 Shapes","floor":36,"turns":3},{"damage":10,"enemies":"3 Darklings","floor":38,"turns":3},{"damage":14,"enemies":"4 Shapes","floor":41,"turns":3},{"damage":58,"enemies":"Giant Head","floor":44,"turns":9},{"damage":9,"enemies":"Writhing Mass","floor":45,"turns":6},{"damage":24,"enemies":"Spire Growth","floor":47,"turns":5},{"damage":72,"enemies":"Awakened One","floor":50,"turns":14}],"seed_played":"-6269183246627066791","potions_obtained":[{"floor":1,"key":"Poison Potion"},{"floor":7,"key":"EssenceOfSteel"},{"floor":11,"key":"LiquidBronze"},{"floor":18,"key":"Strength Potion"},{"floor":19,"key":"LiquidBronze"},{"floor":24,"key":"GhostInAJar"},{"floor":31,"key":"Explosive Potion"},{"floor":35,"key":"EssenceOfSteel"},{"floor":38,"key":"Block Potion"},{"floor":41,"key":"EntropicBrew"},{"floor":44,"key":"Block Potion"},{"floor":45,"key":"Dexterity Potion"},{"floor":47,"key":"AttackPotion"}],"is_trial":false,"path_per_floor":["M","$","?","$","M","R","M","E","T","$","M","R","?","M","R","B",null,"M","?","$","?","M","R","M","R","T","M","E","$","R","M","R","B",null,"M","M","$","M","?","R","M","R","T","E","M","$","M","?","R","B"],"character_chosen":"THE_SILENT","items_purchased":["MealTicket","PiercingWail","TwistedFunnel","Riddle With Holes","Strawberry","Deadly Poison","Energy Potion"],"campfire_rested":8,"item_purchase_floors":[2,10,20,29,37,46,46],"current_hp_per_floor":[70,70,70,70,70,70,70,52,66,76,76,76,59,57,82,28,84,67,36,46,30,30,55,38,63,63,60,51,61,84,62,84,9,84,65,65,82,72,61,88,74,91,91,33,24,34,10,10,37,0],"gold":55,"neow_bonus":"HUNDRED_GOLD","is_prod":false,"is_daily":false,"chose_seed":false,"campfire_upgraded":2,"win_rate":0,"timestamp":1543003195,"path_taken":["M","$","?","?","M","R","M","E","T","$","M","R","?","M","R","BOSS","M","?","$","?","M","R","M","R","T","M","E","$","R","M","R","BOSS","M","M","$","M","?","R","M","R","T","E","M","$","M","?","R","BOSS"],"build_version":"2018-11-15","purchased_purges":0,"victory":false,"max_hp_per_floor":[70,70,70,70,70,70,70,70,84,84,84,84,84,84,84,84,84,84,84,84,84,84,84,84,84,84,84,84,84,84,84,84,84,84,84,84,91,91,91,91,91,91,91,91,91,91,91,91,91,91],"card_choices":[{"not_picked":["Accuracy","Escape Plan"],"picked":"Poisoned Stab","floor":1},{"not_picked":["Acrobatics","Expertise"],"picked":"Dagger Throw","floor":5},{"not_picked":["Underhanded Strike","Bane"],"picked":"Quick Slash","floor":7},{"not_picked":["Blur","Accuracy"],"picked":"Wraith Form v2","floor":8},{"not_picked":["Backflip","Backstab"],"picked":"Deadly Poison","floor":11},{"not_picked":["Leg Sweep","Slice"],"picked":"Poisoned Stab","floor":14},{"not_picked":["After Image","Glass Knife"],"picked":"Doppelganger","floor":16},{"not_picked":["Quick Slash","Slice"],"picked":"Sucker Punch","floor":18},{"not_picked":["PiercingWail+1","Underhanded Strike"],"picked":"Masterful Stab+1","floor":19},{"not_picked":["Bane+1","Poisoned Stab"],"picked":"Deflect+1","floor":22},{"not_picked":["Accuracy+1","Well Laid Plans+1"],"picked":"Deadly Poison+1","floor":24},{"not_picked":["Skewer","Backstab"],"picked":"Slice+1","floor":27},{"not_picked":["Riddle With Holes","Footwork"],"picked":"Backstab","floor":28},{"not_picked":["Caltrops","Expertise"],"picked":"Phantasmal Killer","floor":31},{"not_picked":["Unload","Venomology"],"picked":"Corpse Explosion","floor":33},{"not_picked":["Dash","Quick Slash"],"picked":"Deadly Poison+1","floor":35},{"not_picked":["All Out Attack","Riddle With Holes"],"picked":"Skewer+1","floor":36},{"not_picked":["Underhanded Strike","Footwork"],"picked":"Catalyst","floor":38},{"not_picked":["Outmaneuver","Accuracy"],"picked":"Bouncing Flask+1","floor":41},{"not_picked":["Blade Dance","Acrobatics+1"],"picked":"PiercingWail+1","floor":44},{"not_picked":["Infinite Blades","Outmaneuver+1"],"picked":"Bane","floor":45},{"not_picked":["Expertise+1","Tools of the Trade"],"picked":"Dash","floor":47},{"not_picked":["Mayhem","Blind"],"picked":"Bandage Up","floor":48}],"player_experience":66252,"relics_obtained":[{"floor":8,"key":"Nunchaku"},{"floor":9,"key":"Mango"},{"floor":19,"key":"Red Mask"},{"floor":21,"key":"Necronomicon"},{"floor":26,"key":"PreservedInsect"},{"floor":28,"key":"FossilizedHelix"},{"floor":43,"key":"Oddly Smooth Stone"},{"floor":44,"key":"Unceasing Top"}],"event_choices":[{"damage_healed":0,"gold_gain":0,"cards_transformed":["Strike_G"],"player_choice":"Transformed","damage_taken":0,"max_hp_gain":0,"max_hp_loss":0,"event_name":"Transmorgrifier","floor":3,"gold_loss":0,"cards_obtained":["Malaise"]},{"damage_healed":0,"gold_gain":0,"player_choice":"Entered Light","damage_taken":17,"max_hp_gain":0,"max_hp_loss":0,"event_name":"Shining Light","floor":13,"gold_loss":0,"cards_upgraded":["Deadly Poison","Defend_G"]},{"damage_healed":0,"gold_gain":0,"player_choice":"Fought Bandits","damage_taken":0,"max_hp_gain":0,"max_hp_loss":0,"event_name":"Masked Bandits","floor":19,"gold_loss":0},{"damage_healed":0,"gold_gain":0,"player_choice":"Obtained Book","damage_taken":16,"max_hp_gain":0,"max_hp_loss":0,"event_name":"Cursed Tome","floor":21,"gold_loss":0},{"damage_healed":0,"gold_gain":0,"player_choice":"Embrace Madness","damage_taken":11,"max_hp_gain":0,"max_hp_loss":0,"event_name":"Winding Halls","floor":39,"gold_loss":0,"cards_obtained":["Madness","Madness"]},{"damage_healed":0,"gold_gain":0,"player_choice":"Memory 1","damage_taken":0,"max_hp_gain":0,"max_hp_loss":0,"event_name":"SensoryStone","floor":48,"gold_loss":0}],"is_beta":false,"boss_relics":[{"not_picked":["Empty Cage","Fusion Hammer"],"picked":"Runic Pyramid"},{"not_picked":["Astrolabe","Busted Crown"],"picked":"White Beast Statue"}],"items_purged_floors":[],"is_endless":false,"potions_floor_spawned":[1,7,11,18,19,24,31,35,36,38,41,44,45,47],"killed_by":"Awakened One","ascension_level":1}