{"gold_per_floor":[366,384,16,34,34,59,73,73,103,116,130,130],"floor_reached":12,"playtime":601,"items_purged":[],"score":90,"play_id":"093a20aa-ba8b-42a8-b9ae-febe2c301e66","local_time":"20191009203216","is_ascension_mode":true,"campfire_choices":[{"data":"Searing Blow","floor":8,"key":"SMITH"}],"neow_cost":"PERCENT_DAMAGE","seed_source_timestamp":384614130827100,"circlet_count":0,"master_deck":["Strike_R","Strike_R","Strike_R","Strike_R","Strike_R","Defend_R","Defend_R","Defend_R","Defend_R","Bash","Searing Blow+1","True Grit","Apotheosis","Battle Trance","Whirlwind","Headbutt"],"relics":["Burning Blood","Sling","Art of War","Tiny Chest"],"potions_floor_usage":[12,12],"damage_taken":[{"damage":0,"enemies":"2 Louse","floor":1,"turns":3},{"damage":12,"enemies":"Small Slimes","floor":2,"turns":4},{"damage":4,"enemies":"Cultist","floor":4,"turns":6},{"damage":13,"enemies":"3 Sentries","floor":6,"turns":9},{"damage":5,"enemies":"Blue Slaver","floor":7,"turns":5},{"damage":23,"enemies":"Large Slime","floor":10,"turns":7},{"damage":7,"enemies":"Looter","floor":11,"turns":3},{"damage":35,"enemies":"Gremlin Nob","floor":12,"turns":3}],"seed_played":"-5743477463776065566","potions_obtained":[{"floor":1,"key":"GamblersBrew"},{"floor":2,"key":"FearPotion"},{"floor":4,"key":"GamblersBrew"}],"is_trial":false,"path_per_floor":["M","M","$","M","$","E","M","R","T","M","M","E"],"character_chosen":"IRONCLAD","items_purchased":["Apotheosis","Sling"],"campfire_rested":0,"item_purchase_floors":[3,3],"current_hp_per_floor":[62,56,56,58,58,51,52,52,52,35,34,0],"gold":130,"neow_bonus":"TWO_FIFTY_GOLD","is_prod":false,"is_daily":false,"chose_seed":false,"campfire_upgraded":1,"win_rate":0,"timestamp":1570645936,"path_taken":["M","M","$","M","$","E","M","R","T","M","M","E"],"build_version":"2019-07-17","purchased_purges":0,"victory":false,"max_hp_per_floor":[80,80,80,80,80,80,80,80,80,80,80,80],"card_choices":[{"not_picked":["Clash","Armaments"],"picked":"Searing Blow","floor":1},{"not_picked":["Perfected Strike","Hemokinesis"],"picked":"True Grit","floor":2},{"not_picked":["Anger","Havoc"],"picked":"Battle Trance","floor":4},{"not_picked":["Warcry","Flex"],"picked":"Whirlwind","floor":6},{"not_picked":["Bloodletting","Rage"],"picked":"Headbutt","floor":7},{"not_picked":["Twin Strike","Body Slam","Wild Strike"],"picked":"SKIP","floor":10},{"not_picked":["Carnage","Inflame","Perfected Strike"],"picked":"SKIP","floor":11}],"player_experience":275254,"relics_obtained":[{"floor":6,"key":"Art of War"},{"floor":9,"key":"Tiny Chest"}],"event_choices":[],"is_beta":false,"boss_relics":[],"items_purged_floors":[],"is_endless":false,"potions_floor_spawned":[1,2,4],"killed_by":"Gremlin Nob","ascension_level":2}