{"gold_per_floor":[111,111,111,36,36,36,71,86,116,146,146,69,69,85,85,163,163,173,192,192,207,39,39,54,54,132,132,160,160,160,85,85,160,160,171,171,71,88,108,139,139,171,171,181,181,9,9,9,9,9,9,9,9,9,43,43],"floor_reached":57,"playtime":2699,"items_purged":["Defend_B","Defend_B"],"score":2764,"play_id":"85a9f634-a15e-4a21-9694-a736efbb1e33","local_time":"20190926165226","is_ascension_mode":true,"campfire_choices":[{"data":"Zap","floor":6.0,"key":"SMITH"},{"data":"Chaos","floor":11.0,"key":"SMITH"},{"data":"Coolheaded","floor":13.0,"key":"SMITH"},{"data":"Dualcast","floor":15.0,"key":"SMITH"},{"data":"Heatsinks","floor":23.0,"key":"SMITH"},{"data":"Ghostly","floor":25.0,"key":"SMITH"},{"floor":29.0,"key":"REST"},{"data":"Coolheaded","floor":32.0,"key":"SMITH"},{"data":"Fusion","floor":41.0,"key":"SMITH"},{"data":"Recycle","floor":47,"key":"SMITH"},{"floor":49,"key":"RECALL"},{"data":"Biased Cognition","floor":53,"key":"SMITH"}],"neow_cost":"NONE","seed_source_timestamp":345713825987423,"circlet_count":0,"master_deck":["AscendersBane","Defend_B","Defend_B","Zap+1","Dualcast+1","Ball Lightning","Chaos+1","Coolheaded+1","Core Surge","Compile Driver","Echo Form","Glacier+1","Chill","Ghostly+1","Ghostly","Ghostly","Lockon","Coolheaded+1","Biased Cognition+1","Redo+1","Fusion+1","Recycle+1","Amplify"],"special_seed":0,"relics":["Cracked Core","NeowsBlessing","Letter Opener","Tiny Chest","Pen Nib","Empty Cage","Bag of Preparation","Pantograph","Juzu Bracelet","Pear","Inserter","Darkstone Periapt","Strawberry","OrangePellets","Symbiotic Virus"],"potions_floor_usage":[56,56],"damage_taken":[{"damage":0.0,"enemies":"Small Slimes","floor":1.0,"turns":1.0},{"damage":0.0,"enemies":"Gremlin Nob","floor":7.0,"turns":1.0},{"damage":0.0,"enemies":"2 Louse","floor":8.0,"turns":1.0},{"damage":21.0,"enemies":"Lagavulin","floor":10.0,"turns":6.0},{"damage":1.0,"enemies":"Cultist","floor":14.0,"turns":3.0},{"damage":11.0,"enemies":"The Guardian","floor":16.0,"turns":9.0},{"damage":11.0,"enemies":"3 Byrds","floor":18.0,"turns":3.0},{"damage":12.0,"enemies":"Chosen","floor":19.0,"turns":5.0},{"damage":9.0,"enemies":"Centurion and Healer","floor":21.0,"turns":7.0},{"damage":12.0,"enemies":"Cultist and Chosen","floor":24.0,"turns":6.0},{"damage":4.0,"enemies":"Book of Stabbing","floor":28.0,"turns":7.0},{"damage":47.0,"enemies":"Collector","floor":33.0,"turns":11.0},{"damage":0.0,"enemies":"3 Darklings","floor":35.0,"turns":7.0},{"damage":0.0,"enemies":"3 Shapes","floor":38.0,"turns":4.0},{"damage":0.0,"enemies":"3 Darklings","floor":39.0,"turns":7.0},{"damage":13.0,"enemies":"Nemesis","floor":40.0,"turns":15.0},{"damage":18,"enemies":"Reptomancer","floor":42,"turns":10},{"damage":0,"enemies":"4 Shapes","floor":44,"turns":5},{"damage":24,"enemies":"Donu and Deca","floor":50,"turns":10},{"damage":18,"enemies":"Time Eater","floor":51,"turns":12},{"damage":3,"enemies":"Shield and Spear","floor":55,"turns":8},{"damage":41,"enemies":"The Heart","floor":56,"turns":13}],"seed_played":"7267785215256741644","potions_obtained":[{"floor":7.0,"key":"Ancient Potion"},{"floor":8.0,"key":"FearPotion"},{"floor":16.0,"key":"SpeedPotion"},{"floor":28.0,"key":"SneckoOil"},{"floor":33.0,"key":"Dexterity Potion"},{"floor":38.0,"key":"FocusPotion"},{"floor":55,"key":"Block Potion"}],"is_trial":false,"path_per_floor":["M","?","?","?","?","R","E","M","T","E","R","$","R","M","R","B",null,"M","M","?","M","$","R","M","R","T","?","E","R","T","$","R","B",null,"M","?","$","M","M","E","R","E","T","M","?","$","R","?","R","B","B",null,"R","$","E","B",null],"character_chosen":"DEFECT","items_purchased":["Heatsinks","Bag of Preparation","OrangePellets"],"campfire_rested":1,"item_purchase_floors":[12,22,46],"current_hp_per_floor":[64,69,62,62,51,51,51,51,51,30,30,30,30,29,29,18,62,51,39,38,29,29,29,17,17,17,9,5,17,27,27,27,5,41,41,41,41,41,41,28,28,17,17,17,17,17,17,17,17,18,25,51,51,51,48,19],"gold":43,"neow_bonus":"THREE_ENEMY_KILL","is_prod":false,"is_daily":false,"chose_seed":false,"campfire_upgraded":10,"win_rate":0,"timestamp":1569487946,"path_taken":["M","?","?","?","?","R","E","?","T","E","R","$","R","M","R","BOSS","M","M","?","M","$","R","M","R","T","?","E","R","?","$","R","BOSS","M","?","$","M","M","E","R","E","T","M","?","$","R","?","R","BOSS","BOSS","R","$","E","BOSS"],"build_version":"2019-09-25","purchased_purges":2,"victory":true,"max_hp_per_floor":[71,76,76,76,76,76,76,76,76,76,76,76,76,76,76,76,76,76,76,38,38,38,38,38,38,38,43,43,43,53,53,53,53,53,53,53,53,53,53,53,53,60,60,60,60,60,60,60,60,60,60,60,60,60,60,60],"card_choices":[{"not_picked":["Conserve Battery","Stack"],"picked":"Ball Lightning","floor":1.0},{"not_picked":["Stack","Multi-Cast"],"picked":"Chaos","floor":7.0},{"not_picked":["Leap","Chill"],"picked":"Coolheaded","floor":8.0},{"not_picked":["Storm","Rebound"],"picked":"Core Surge","floor":10.0},{"not_picked":["Leap","Genetic Algorithm"],"picked":"Compile Driver","floor":14.0},{"not_picked":["Thunder Strike","Buffer"],"picked":"Echo Form","floor":16.0},{"not_picked":["Stack","Steam"],"picked":"Glacier+1","floor":18.0},{"not_picked":["Steam","Barrage"],"picked":"Chill","floor":19.0},{"not_picked":["Rebound","Barrage"],"picked":"Lockon","floor":21.0},{"not_picked":["Hello World","Cold Snap","FTL"],"picked":"SKIP","floor":24.0},{"not_picked":["Ball Lightning+1","Auto Shields"],"picked":"Coolheaded","floor":28.0},{"not_picked":["Echo Form","Seek"],"picked":"Biased Cognition","floor":33.0},{"not_picked":["Steam+1","Conserve Battery"],"picked":"Redo+1","floor":35.0},{"not_picked":["Coolheaded","Steam+1"],"picked":"Fusion","floor":38.0},{"not_picked":["Glacier","Streamline","Ball Lightning"],"picked":"SKIP","floor":39.0},{"not_picked":["Hologram","Chaos","Conserve Battery+1"],"picked":"SKIP","floor":40.0},{"not_picked":["Tempest","Reinforced Body"],"picked":"Recycle","floor":42},{"not_picked":["Genetic Algorithm+1","Doom and Gloom+1","Streamline"],"picked":"SKIP","floor":44},{"not_picked":["Steam+1","Static Discharge"],"picked":"Amplify","floor":55}],"player_experience":1009266,"relics_obtained":[{"floor":7.0,"key":"Letter Opener"},{"floor":9.0,"key":"Tiny Chest"},{"floor":10.0,"key":"Pen Nib"},{"floor":26.0,"key":"Pantograph"},{"floor":28.0,"key":"Juzu Bracelet"},{"floor":30.0,"key":"Pear"},{"floor":40.0,"key":"Darkstone Periapt"},{"floor":42,"key":"Strawberry"},{"floor":55,"key":"Symbiotic Virus"}],"event_choices":[{"damage_healed":0.0,"max_hp_gain":5.0,"max_hp_loss":0.0,"gold_gain":0.0,"event_name":"Big Fish","player_choice":"Donut","floor":2.0,"gold_loss":0.0,"damage_taken":0.0},{"cards_removed":["Strike_B"],"damage_healed":0.0,"max_hp_gain":0.0,"max_hp_loss":0.0,"gold_gain":0.0,"event_name":"Golden Wing","player_choice":"Card Removal","floor":3.0,"gold_loss":0.0,"damage_taken":7.0},{"cards_removed":["Strike_B"],"damage_healed":0.0,"max_hp_gain":0.0,"max_hp_loss":0.0,"gold_gain":0.0,"event_name":"The Cleric","player_choice":"Card Removal","floor":4.0,"gold_loss":75.0,"damage_taken":0.0},{"damage_healed":0.0,"max_hp_gain":0.0,"max_hp_loss":0.0,"gold_gain":0.0,"event_name":"Wheel of Change","player_choice":"Damaged","floor":5.0,"gold_loss":0.0,"damage_taken":11.0},{"damage_healed":0.0,"max_hp_gain":0.0,"max_hp_loss":38.0,"gold_gain":0.0,"event_name":"Ghosts","player_choice":"Became a Ghost","floor":20.0,"gold_loss":0.0,"damage_taken":0.0,"cards_obtained":["Ghostly","Ghostly","Ghostly"]},{"damage_healed":0.0,"max_hp_gain":5.0,"max_hp_loss":0.0,"gold_gain":0.0,"event_name":"Forgotten Altar","player_choice":"Shed Blood","floor":27.0,"gold_loss":0.0,"damage_taken":13.0},{"damage_healed":0.0,"max_hp_gain":0.0,"max_hp_loss":0.0,"gold_gain":0.0,"event_name":"Tomb of Lord Red Mask","player_choice":"Ignored","floor":36.0,"gold_loss":0.0,"damage_taken":0.0},{"damage_healed":0,"gold_gain":0,"player_choice":"Ignored","damage_taken":0,"max_hp_gain":0,"max_hp_loss":0,"event_name":"Mysterious Sphere","floor":45,"gold_loss":0},{"cards_removed":["Heatsinks"],"damage_healed":0,"gold_gain":0,"player_choice":"Removed Power","damage_taken":0,"max_hp_gain":0,"max_hp_loss":0,"event_name":"Falling","floor":48,"gold_loss":0}],"is_beta":true,"boss_relics":[{"not_picked":["SlaversCollar","SacredBark"],"picked":"Empty Cage"},{"not_picked":["Tiny House","Busted Crown"],"picked":"Inserter"}],"items_purged_floors":[31,37],"is_endless":false,"potions_floor_spawned":[7,8,10,16,21,24,28,33,38,39,55],"ascension_level":20}