{"gold_per_floor":[110,126,92,111,8,8,0,15,15,30,30,46,46,81,81,177,227,238,251,267,267,267,296,296,311,311,311],"floor_reached":27,"playtime":1529,"items_purged":[],"score":282,"play_id":"b2417ad9-40a5-46db-bbb4-fe55e9757d12","local_time":"20191018151626","is_ascension_mode":true,"campfire_choices":[{"data":"Hologram","floor":6,"key":"SMITH"},{"data":"Gash","floor":13,"key":"SMITH"},{"floor":15,"key":"REST"},{"floor":24,"key":"REST"}],"neow_cost":"NONE","seed_source_timestamp":630993855448000,"circlet_count":0,"master_deck":["Strike_B+1","Strike_B+1","Strike_B+1","Strike_B+1","Defend_B+1","Defend_B+1","Defend_B+1","Defend_B+1","Zap+1","Dualcast","Conserve Battery","Hologram+1","Sunder+1","Beam Cell","Gash+1","Leap","Go for the Eyes","Rebound","BootSequence","Hologram","Seek","Self Repair+1","Conserve Battery+1","FTL","Auto Shields"],"relics":["Cracked Core","Darkstone Periapt","Frozen Egg 2","Boot","Tiny House","Smiling Mask","Prayer Wheel"],"potions_floor_usage":[16,19],"damage_taken":[{"damage":1,"enemies":"Cultist","floor":1,"turns":3},{"damage":2,"enemies":"Jaw Worm","floor":2,"turns":3},{"damage":6,"enemies":"2 Louse","floor":4,"turns":2},{"damage":0,"enemies":"Red Slaver","floor":8,"turns":3},{"damage":7,"enemies":"Exordium Wildlife","floor":10,"turns":3},{"damage":0,"enemies":"3 Louse","floor":12,"turns":3},{"damage":18,"enemies":"Lagavulin","floor":14,"turns":6},{"damage":54,"enemies":"Hexaghost","floor":16,"turns":10},{"damage":14,"enemies":"2 Thieves","floor":18,"turns":5},{"damage":11,"enemies":"3 Byrds","floor":19,"turns":6},{"damage":29,"enemies":"Shelled Parasite and Fungi","floor":20,"turns":5},{"damage":32,"enemies":"Slavers","floor":23,"turns":6},{"damage":0,"enemies":"Snake Plant","floor":25,"turns":4},{"damage":66,"enemies":"Gremlin Leader","floor":27,"turns":12}],"seed_played":"1422440074305996882","potions_obtained":[{"floor":4,"key":"SteroidPotion"},{"floor":10,"key":"Ancient Potion"},{"floor":12,"key":"SkillPotion"},{"floor":17,"key":"Weak Potion"},{"floor":18,"key":"Weak Potion"},{"floor":23,"key":"SkillPotion"},{"floor":25,"key":"Strength Potion"}],"is_trial":false,"path_per_floor":["M","M","$","M","$","R","?","M","T","M","?","M","R","E","R","B",null,"M","M","M","?","?","E","R","M","T","E"],"character_chosen":"DEFECT","items_purchased":["Sunder","Gash","Leap"],"campfire_rested":2,"item_purchase_floors":[3,5,5],"current_hp_per_floor":[74,72,72,66,66,66,66,66,66,59,59,59,59,41,63,9,80,76,75,56,56,56,34,58,58,58,0],"gold":311,"neow_bonus":"UPGRADE_CARD","is_prod":false,"is_daily":false,"chose_seed":false,"campfire_upgraded":2,"win_rate":0,"timestamp":1571404586,"path_taken":["M","M","?","?","$","R","?","M","T","M","?","?","R","E","R","BOSS","M","M","M","?","?","E","R","M","T","E"],"build_version":"2019-07-17","purchased_purges":0,"victory":false,"max_hp_per_floor":[75,75,75,75,75,75,75,75,75,75,75,75,75,75,75,75,80,80,80,80,80,80,80,80,80,80,80],"card_choices":[{"not_picked":["Barrage","Compile Driver"],"picked":"Conserve Battery","floor":1},{"not_picked":["Stack","Streamline"],"picked":"Hologram","floor":2},{"not_picked":["Sweeping Beam","Capacitor"],"picked":"Beam Cell","floor":4},{"not_picked":["Hyperbeam","Steam"],"picked":"Go for the Eyes","floor":8},{"not_picked":["Self Repair","Loop"],"picked":"Rebound","floor":10},{"not_picked":["Barrage","Capacitor+1"],"picked":"BootSequence","floor":12},{"not_picked":["Hyperbeam","Storm+1"],"picked":"Hologram","floor":14},{"not_picked":["Core Surge","Hyperbeam"],"picked":"Seek","floor":16},{"not_picked":["Streamline","Redo"],"picked":"Self Repair+1","floor":17},{"not_picked":["Undo","Sweeping Beam"],"picked":"Conserve Battery+1","floor":18},{"not_picked":["Chaos","Tempest","Coolheaded"],"picked":"SKIP","floor":19},{"not_picked":["Storm+1","Barrage","Cold Snap+1"],"picked":"SKIP","floor":20},{"not_picked":["Gash","Beam Cell"],"picked":"FTL","floor":23},{"not_picked":["Cold Snap","Conserve Battery"],"picked":"Auto Shields","floor":25}],"player_experience":380600,"relics_obtained":[{"floor":9,"key":"Darkstone Periapt"},{"floor":14,"key":"Boot"},{"floor":23,"key":"Smiling Mask"},{"floor":26,"key":"Prayer Wheel"}],"event_choices":[{"damage_healed":0,"gold_gain":0,"player_choice":"Left Gold","damage_taken":0,"max_hp_gain":0,"max_hp_loss":0,"event_name":"World of Goop","floor":7,"gold_loss":8},{"damage_healed":0,"gold_gain":0,"player_choice":"Gave Potion","damage_taken":0,"relics_obtained":["Frozen Egg 2"],"max_hp_gain":0,"max_hp_loss":0,"event_name":"WeMeetAgain","floor":11,"gold_loss":0},{"damage_healed":0,"gold_gain":0,"player_choice":"Simplicity","damage_taken":0,"max_hp_gain":0,"max_hp_loss":0,"event_name":"Back to Basics","floor":21,"gold_loss":0,"cards_upgraded":["Strike_B","Strike_B","Strike_B","Strike_B","Defend_B","Defend_B","Defend_B","Defend_B"]},{"damage_healed":0,"gold_gain":0,"player_choice":"Ignored","damage_taken":0,"max_hp_gain":0,"max_hp_loss":0,"event_name":"Vampires","floor":22,"gold_loss":0}],"is_beta":false,"boss_relics":[{"not_picked":["Astrolabe","Snecko Eye"],"picked":"Tiny House"}],"items_purged_floors":[],"is_endless":false,"potions_floor_spawned":[4,10,12,18,23,25],"killed_by":"Gremlin Leader","ascension_level":4}