{"gold_per_floor":[111,111,111,122,122,152,152,100,100,112,112,147,72,90,90,192,192,179,278,291,291,135,169,169,189,189,200,200],"floor_reached":28,"playtime":1214,"items_purged":["Strike_R"],"score":310,"play_id":"03ec7344-12a6-4305-99d6-b54fa53ff621","local_time":"20191004180055","is_ascension_mode":true,"campfire_choices":[{"data":"Double Tap","floor":7,"key":"SMITH"},{"data":"Armaments","floor":11,"key":"SMITH"},{"data":"Iron Wave","floor":15,"key":"SMITH"},{"data":"Body Slam","floor":24,"key":"SMITH"}],"neow_cost":"NONE","seed_source_timestamp":675792013434800,"circlet_count":0,"master_deck":["Strike_R","Strike_R","Strike_R","Strike_R","Defend_R","Defend_R","Defend_R","Defend_R","Bash","Iron Wave+1","Double Tap+1","Armaments+1","Iron Wave","Juggernaut","Evolve","Body Slam+1","Dual Wield"],"relics":["Burning Blood","NeowsBlessing","Bronze Scales","Ancient Tea Set","Juzu Bracelet","Singing Bowl","Orrery","PreservedInsect","Paper Frog","Peace Pipe"],"potions_floor_usage":[16,18,27],"damage_taken":[{"damage":0,"enemies":"2 Louse","floor":1,"turns":1},{"damage":0,"enemies":"Small Slimes","floor":4,"turns":1},{"damage":0,"enemies":"3 Sentries","floor":6,"turns":1},{"damage":1,"enemies":"Jaw Worm","floor":10,"turns":2},{"damage":25,"enemies":"Gremlin Nob","floor":12,"turns":4},{"damage":7,"enemies":"Large Slime","floor":14,"turns":7},{"damage":20,"enemies":"The Guardian","floor":16,"turns":10},{"damage":28,"enemies":"2 Thieves","floor":18,"turns":4},{"damage":5,"enemies":"Shell Parasite","floor":20,"turns":5},{"damage":51,"enemies":"Slavers","floor":23,"turns":6},{"damage":23,"enemies":"Snake Plant","floor":25,"turns":4},{"damage":14,"enemies":"Centurion and Healer","floor":27,"turns":6},{"damage":13,"enemies":"Snecko","floor":28,"turns":4}],"seed_played":"-3139129469919800916","potions_obtained":[{"floor":10,"key":"Ancient Potion"},{"floor":12,"key":"Swift Potion"},{"floor":14,"key":"Fire Potion"},{"floor":25,"key":"Block Potion"},{"floor":27,"key":"Weak Potion"}],"is_trial":false,"path_per_floor":["M","?","?","M","?","E","R","$","T","M","R","E","$","M","R","B",null,"M","?","M","?","$","E","R","M","T","M","M"],"character_chosen":"IRONCLAD","items_purchased":["Armaments","PreservedInsect"],"campfire_rested":0,"item_purchase_floors":[8,22],"current_hp_per_floor":[80,80,73,79,84,85,85,85,85,85,85,68,68,69,69,55,95,75,75,76,76,76,33,33,18,18,12,0],"gold":200,"neow_bonus":"THREE_ENEMY_KILL","is_prod":false,"is_daily":false,"chose_seed":false,"campfire_upgraded":4,"win_rate":0,"timestamp":1570204855,"path_taken":["M","?","?","M","?","E","R","$","T","M","R","E","$","M","R","BOSS","M","?","M","?","$","E","R","M","T","M","M"],"build_version":"2019-07-17","purchased_purges":1,"victory":false,"max_hp_per_floor":[80,80,80,80,85,85,85,85,85,85,85,87,87,89,89,89,95,97,97,97,97,97,99,99,101,101,103,103],"card_choices":[{"not_picked":["Heavy Blade","Twin Strike","Wild Strike"],"picked":"SKIP","floor":1},{"not_picked":["Pommel Strike","Cleave"],"picked":"Iron Wave","floor":4},{"not_picked":["Pommel Strike","Cleave"],"picked":"Double Tap","floor":6},{"not_picked":["Spot Weakness","Headbutt"],"picked":"Iron Wave","floor":10},{"not_picked":["Intimidate","Rampage","Infernal Blade"],"picked":"Singing Bowl","floor":12},{"not_picked":["Iron Wave","Thunderclap","Warcry"],"picked":"Singing Bowl","floor":14},{"not_picked":["Immolate","Reaper"],"picked":"Juggernaut","floor":16},{"not_picked":["Headbutt","Infernal Blade","Thunderclap"],"picked":"Singing Bowl","floor":17},{"not_picked":["Wild Strike","Flex","Iron Wave"],"picked":"Singing Bowl","floor":17},{"not_picked":["Headbutt","Sword Boomerang"],"picked":"Evolve","floor":17},{"not_picked":["Sentinel","Dropkick"],"picked":"Body Slam","floor":17},{"not_picked":["Shrug It Off","Havoc","Blood for Blood"],"picked":"Singing Bowl","floor":17},{"not_picked":["Body Slam","Corruption","Cleave"],"picked":"Singing Bowl","floor":18},{"not_picked":["Corruption+1","Power Through"],"picked":"Dual Wield","floor":20},{"not_picked":["Heavy Blade+1","Carnage","Power Through"],"picked":"Singing Bowl","floor":23},{"not_picked":["Clash","Fiend Fire","Shrug It Off"],"picked":"Singing Bowl","floor":25},{"not_picked":["Havoc","Perfected Strike","Flex"],"picked":"Singing Bowl","floor":27}],"player_experience":172841,"relics_obtained":[{"floor":6,"key":"Ancient Tea Set"},{"floor":9,"key":"Juzu Bracelet"},{"floor":12,"key":"Singing Bowl"},{"floor":23,"key":"Paper Frog"},{"floor":26,"key":"Peace Pipe"}],"event_choices":[{"damage_healed":0,"gold_gain":0,"player_choice":"Ignored","damage_taken":0,"max_hp_gain":0,"max_hp_loss":0,"event_name":"Shining Light","floor":2,"gold_loss":0},{"damage_healed":0,"gold_gain":0,"player_choice":"Success","damage_taken":7,"relics_obtained":["Bronze Scales"],"max_hp_gain":0,"max_hp_loss":0,"event_name":"Scrap Ooze","floor":3,"gold_loss":0},{"damage_healed":0,"gold_gain":0,"player_choice":"Donut","damage_taken":0,"max_hp_gain":5,"max_hp_loss":0,"event_name":"Big Fish","floor":5,"gold_loss":0},{"damage_healed":0,"gold_gain":99,"player_choice":"Stole From Cult","damage_taken":0,"max_hp_gain":0,"max_hp_loss":0,"event_name":"Nest","floor":19,"gold_loss":0},{"damage_healed":0,"gold_gain":0,"player_choice":"Ignored","damage_taken":0,"max_hp_gain":0,"max_hp_loss":0,"event_name":"Vampires","floor":21,"gold_loss":0}],"is_beta":false,"boss_relics":[{"not_picked":["Lizard Tail","Runic Cube"],"picked":"Orrery"}],"items_purged_floors":[13],"is_endless":false,"potions_floor_spawned":[10,12,14,25,27],"killed_by":"Snecko","ascension_level":1}