{"gold_per_floor":[113,129,148,160,175,175,185,205,205,238,250,250,279,294,294,393,393,411,411,411,429,446,446,481,481,529,541,541,551,551,551,551,648,648,663,663,663,60,75,75],"floor_reached":40,"playtime":3559,"items_purged":["Pain"],"score":510,"play_id":"f4f4a0df-c02e-42b9-8629-7a6d014847e3","local_time":"20190108231504","is_ascension_mode":true,"campfire_choices":[{"floor":6,"key":"REST"},{"floor":12,"key":"REST"},{"floor":15,"key":"REST"},{"floor":23,"key":"REST"},{"floor":25,"key":"REST"},{"floor":30,"key":"REST"},{"floor":32,"key":"REST"}],"neow_cost":"NONE","seed_source_timestamp":1572037696031710,"circlet_count":0,"master_deck":["Survivor","Neutralize","Bouncing Flask","Poisoned Stab","Endless Agony","Quick Slash","Poisoned Stab","Well Laid Plans","Quick Slash","Bane+1","Quick Slash+1","Crippling Poison","Bouncing Flask","Corpse Explosion","Writhe","Parasite","Blur","PiercingWail","Slice+1","Heel Hook+1","Wraith Form v2","PiercingWail","Burst","Flying Knee+1","After Image","Leg Sweep","All Out Attack+1","Bouncing Flask","Catalyst","Backstab+1","Eviscerate+1","PiercingWail","Expertise","Caltrops+1","Madness","Madness","Bandage Up","Panache","Footwork","Deflect","Backstab+1"],"relics":["Ring of the Snake","Molten Egg 2","Kunai","Vajra","Calling Bell","Bronze Scales","Mercury Hourglass","Tingsha","Boot","Smiling Mask","Gambling Chip","Pandora\u0027s Box","Snake Skull"],"potions_floor_usage":[2,7,8,10,21,22,24,24,27,35,39],"damage_taken":[{"damage":3,"enemies":"Cultist","floor":1,"turns":6},{"damage":6,"enemies":"Jaw Worm","floor":2,"turns":4},{"damage":0,"enemies":"2 Louse","floor":3,"turns":2},{"damage":1,"enemies":"Blue Slaver","floor":4,"turns":4},{"damage":4,"enemies":"3 Louse","floor":5,"turns":4},{"damage":0,"enemies":"Large Slime","floor":7,"turns":6},{"damage":11,"enemies":"Exordium Thugs","floor":8,"turns":6},{"damage":12,"enemies":"3 Sentries","floor":10,"turns":7},{"damage":6,"enemies":"Blue Slaver","floor":11,"turns":3},{"damage":21,"enemies":"Gremlin Nob","floor":13,"turns":4},{"damage":5,"enemies":"3 Louse","floor":14,"turns":2},{"damage":39,"enemies":"Slime Boss","floor":16,"turns":11},{"damage":18,"enemies":"2 Thieves","floor":18,"turns":4},{"damage":4,"enemies":"Shell Parasite","floor":21,"turns":2},{"damage":24,"enemies":"Snake Plant","floor":22,"turns":3},{"damage":38,"enemies":"Gremlin Leader","floor":24,"turns":6},{"damage":9,"enemies":"3 Cultists","floor":27,"turns":5},{"damage":23,"enemies":"Sentry and Sphere","floor":29,"turns":5},{"damage":35,"enemies":"Automaton","floor":33,"turns":9},{"damage":2,"enemies":"Orb Walker","floor":35,"turns":3},{"damage":24,"enemies":"3 Darklings","floor":39,"turns":4},{"damage":63,"enemies":"Giant Head","floor":40,"turns":6}],"seed_played":"8122599969661646427","potions_obtained":[{"floor":1,"key":"EntropicBrew"},{"floor":2,"key":"GhostInAJar"},{"floor":7,"key":"GamblersBrew"},{"floor":14,"key":"SpeedPotion"},{"floor":16,"key":"SpeedPotion"},{"floor":18,"key":"Fire Potion"},{"floor":21,"key":"AttackPotion"},{"floor":22,"key":"Regen Potion"},{"floor":29,"key":"Swift Potion"},{"floor":33,"key":"Poison Potion"}],"is_trial":false,"path_per_floor":["M","M","M","M","M","R","M","M","T","E","M","R","E","M","R","B",null,"M","?","?","M","M","R","E","R","T","M","T","M","R","?","R","B",null,"M","?","?","$","M","E"],"character_chosen":"THE_SILENT","items_purchased":["Bandage Up","Snake Skull","Panache","Footwork","Deflect"],"campfire_rested":7,"item_purchase_floors":[38,38,38,38,38],"current_hp_per_floor":[74,68,68,67,63,77,77,66,66,54,48,71,50,45,68,29,77,59,59,77,73,49,72,49,72,72,63,63,40,63,63,77,42,77,75,65,65,65,45,0],"gold":75,"neow_bonus":"TEN_PERCENT_HP_BONUS","is_prod":false,"is_daily":false,"chose_seed":false,"campfire_upgraded":0,"win_rate":0,"timestamp":1546982104,"path_taken":["M","M","M","M","?","R","M","M","T","E","M","R","E","M","R","BOSS","M","?","?","M","M","R","E","R","T","M","?","M","R","?","R","BOSS","M","?","?","$","M","E"],"build_version":"2019-01-03v4","purchased_purges":1,"victory":false,"max_hp_per_floor":[77,77,77,77,77,77,77,77,77,77,77,77,77,77,77,77,77,77,77,77,77,77,77,77,77,77,77,77,77,77,77,77,77,77,77,77,77,77,77,77],"card_choices":[{"not_picked":["Caltrops","Dash"],"picked":"Bouncing Flask","floor":1},{"not_picked":["Deflect","Quick Slash"],"picked":"Poisoned Stab","floor":2},{"not_picked":["Masterful Stab","Cloak And Dagger"],"picked":"Endless Agony","floor":3},{"not_picked":["Reflex","All Out Attack"],"picked":"Quick Slash","floor":4},{"not_picked":["Dodge and Roll","Prepared"],"picked":"Poisoned Stab","floor":5},{"not_picked":["Masterful Stab","Reflex"],"picked":"Well Laid Plans","floor":7},{"not_picked":["Flying Knee","Night Terror"],"picked":"Quick Slash","floor":8},{"not_picked":["Masterful Stab+1","Calculated Gamble"],"picked":"Bane+1","floor":10},{"not_picked":["Caltrops","Reflex"],"picked":"Quick Slash+1","floor":11},{"not_picked":["Blade Dance","Deadly Poison"],"picked":"Crippling Poison","floor":13},{"not_picked":["Crippling Poison","Tactician"],"picked":"Bouncing Flask","floor":14},{"not_picked":["Venomology","Unload+1"],"picked":"Corpse Explosion","floor":16},{"not_picked":["Deadly Poison","Calculated Gamble"],"picked":"Blur","floor":18},{"not_picked":["Terror","Sucker Punch+1"],"picked":"PiercingWail","floor":21},{"not_picked":["PiercingWail","Acrobatics+1"],"picked":"Slice+1","floor":22},{"not_picked":["Blade Dance","Eviscerate+1"],"picked":"Heel Hook+1","floor":24},{"not_picked":["Flying Knee+1","Well Laid Plans"],"picked":"Wraith Form v2","floor":27},{"not_picked":["Deadly Poison","Bane+1"],"picked":"PiercingWail","floor":29},{"not_picked":["Unload+1","Adrenaline"],"picked":"Burst","floor":33},{"not_picked":["Dagger Spray+1","Underhanded Strike+1"],"picked":"Caltrops+1","floor":35},{"not_picked":["Blade Dance+1","Backflip+1"],"picked":"Backstab+1","floor":39}],"player_experience":130712,"relics_obtained":[{"floor":9,"key":"Molten Egg 2"},{"floor":10,"key":"Kunai"},{"floor":13,"key":"Vajra"},{"floor":17,"key":"Bronze Scales"},{"floor":17,"key":"Mercury Hourglass"},{"floor":17,"key":"Tingsha"},{"floor":24,"key":"Boot"},{"floor":26,"key":"Smiling Mask"},{"floor":28,"key":"Gambling Chip"}],"event_choices":[{"damage_healed":0,"gold_gain":0,"player_choice":"Simplicity","damage_taken":0,"max_hp_gain":0,"max_hp_loss":0,"event_name":"Back to Basics","floor":19,"gold_loss":0,"cards_upgraded":["Defend_G","Defend_G","Defend_G","Defend_G","Defend_G","Strike_G","Strike_G","Strike_G","Strike_G","Strike_G"]},{"damage_healed":25,"gold_gain":0,"player_choice":"Heal","damage_taken":0,"max_hp_gain":0,"max_hp_loss":0,"event_name":"The Library","floor":20,"gold_loss":0},{"damage_healed":0,"gold_gain":0,"player_choice":"Ignored","damage_taken":0,"max_hp_gain":0,"max_hp_loss":0,"event_name":"Vampires","floor":31,"gold_loss":0},{"damage_healed":0,"gold_gain":0,"player_choice":"Embrace Madness","damage_taken":10,"max_hp_gain":0,"max_hp_loss":0,"event_name":"Winding Halls","floor":36,"gold_loss":0,"cards_obtained":["Madness","Madness"]},{"damage_healed":0,"gold_gain":0,"player_choice":"Ignored","damage_taken":0,"max_hp_gain":0,"max_hp_loss":0,"event_name":"Tomb of Lord Red Mask","floor":37,"gold_loss":0}],"is_beta":false,"boss_relics":[{"not_picked":["Ectoplasm","WristBlade"],"picked":"Calling Bell"},{"not_picked":["Black Star","Philosopher\u0027s Stone"],"picked":"Pandora\u0027s Box"}],"items_purged_floors":[38],"is_endless":false,"potions_floor_spawned":[1,2,7,14,16,18,21,22,29,33],"killed_by":"Giant Head","ascension_level":3}