{"gold_per_floor":[112,112,112,127,127,127,52,52,52,52,52,69,89,107,107,107],"floor_reached":16,"playtime":404,"items_purged":[],"score":108,"play_id":"89e542e7-8b84-40d6-a3f8-0f98ffab8bb0","local_time":"20191018145045","is_ascension_mode":true,"campfire_choices":[{"data":"Zap","floor":6,"key":"SMITH"},{"data":"Dualcast","floor":8,"key":"SMITH"},{"data":"Self Repair","floor":11,"key":"SMITH"},{"data":"Rainbow","floor":15,"key":"SMITH"}],"neow_cost":"NONE","seed_source_timestamp":630578195209600,"circlet_count":0,"master_deck":["Strike_B","Strike_B","Strike_B","Defend_B","Defend_B","Defend_B","Defend_B","Zap+1","Dualcast+1","Turbo","Reprogram","Self Repair+1","Rainbow+1","Sunder","Rebound"],"relics":["Cracked Core","NeowsBlessing","Dodecahedron","The Courier"],"potions_floor_usage":[16],"damage_taken":[{"damage":0,"enemies":"Jaw Worm","floor":1,"turns":1},{"damage":0,"enemies":"2 Louse","floor":4,"turns":1},{"damage":0,"enemies":"Cultist","floor":12,"turns":1},{"damage":37,"enemies":"Exordium Thugs","floor":13,"turns":6},{"damage":4,"enemies":"Looter","floor":14,"turns":2},{"damage":42,"enemies":"The Guardian","floor":16,"turns":9}],"seed_played":"-9008842038006357579","potions_obtained":[{"floor":12,"key":"Weak Potion"},{"floor":13,"key":"FairyPotion"}],"is_trial":false,"path_per_floor":["M","?","?","M","T","R","$","R","T","?","R","M","M","M","R","B"],"character_chosen":"DEFECT","items_purchased":["Self Repair"],"campfire_rested":0,"item_purchase_floors":[7],"current_hp_per_floor":[75,63,63,63,63,63,63,63,63,63,63,63,36,32,32,0],"gold":107,"neow_bonus":"THREE_ENEMY_KILL","is_prod":false,"is_daily":false,"chose_seed":false,"campfire_upgraded":4,"win_rate":0,"timestamp":1571403045,"path_taken":["M","?","?","?","?","R","$","R","T","?","R","M","M","?","R","BOSS"],"build_version":"2019-07-17","purchased_purges":0,"victory":false,"max_hp_per_floor":[75,75,75,75,75,75,75,75,75,75,75,75,75,75,75,75],"card_choices":[{"not_picked":["Cold Snap","Redo"],"picked":"Turbo","floor":1},{"not_picked":["Stack","Leap"],"picked":"Reprogram","floor":4},{"not_picked":["Compile Driver","Sweeping Beam"],"picked":"Rainbow","floor":12},{"not_picked":["Leap","Beam Cell"],"picked":"Sunder","floor":13},{"not_picked":["BootSequence","Scrape"],"picked":"Rebound","floor":14}],"player_experience":380196,"relics_obtained":[{"floor":9,"key":"The Courier"}],"event_choices":[{"damage_healed":0,"gold_gain":0,"player_choice":"Success","damage_taken":12,"relics_obtained":["Dodecahedron"],"max_hp_gain":0,"max_hp_loss":0,"event_name":"Scrap Ooze","floor":2,"gold_loss":0},{"cards_removed":["Strike_B"],"damage_healed":0,"gold_gain":0,"player_choice":"Purged","damage_taken":0,"max_hp_gain":0,"max_hp_loss":0,"event_name":"Purifier","floor":3,"gold_loss":0},{"damage_healed":0,"gold_gain":0,"player_choice":"Leave","damage_taken":0,"max_hp_gain":0,"max_hp_loss":0,"event_name":"FaceTrader","floor":10,"gold_loss":0}],"is_beta":false,"boss_relics":[],"items_purged_floors":[],"is_endless":false,"potions_floor_spawned":[12,13],"killed_by":"The Guardian","ascension_level":4}