{"gold_per_floor":[212,232,243,213,230,230,244,254,279,279,244,244,244,35,35,35],"floor_reached":16,"playtime":735,"items_purged":[],"score":106,"play_id":"09c61191-efbb-4719-88cb-528e1856b2ea","local_time":"20191019101347","is_ascension_mode":true,"campfire_choices":[{"data":"Endless Agony","floor":6,"key":"SMITH"},{"data":"Infinite Blades","floor":10,"key":"SMITH"},{"data":"Blur","floor":12,"key":"SMITH"},{"floor":15,"key":"RECALL"}],"neow_cost":"NONE","seed_source_timestamp":700030435117000,"circlet_count":0,"master_deck":["Strike_G","Strike_G","Strike_G","Strike_G+1","Strike_G","Defend_G","Defend_G","Defend_G","Defend_G","Defend_G","Survivor","Neutralize+1","Blur+1","Endless Agony+1","Infinite Blades+1"],"relics":["Ring of the Snake","Whetstone","Membership Card"],"potions_floor_usage":[8],"damage_taken":[{"damage":7,"enemies":"2 Louse","floor":1,"turns":3},{"damage":0,"enemies":"Jaw Worm","floor":2,"turns":7},{"damage":3,"enemies":"Cultist","floor":3,"turns":5},{"damage":1,"enemies":"Looter","floor":4,"turns":4},{"damage":0,"enemies":"3 Louse","floor":5,"turns":4},{"damage":27,"enemies":"Gremlin Gang","floor":7,"turns":7},{"damage":5,"enemies":"Large Slime","floor":8,"turns":9},{"damage":69,"enemies":"Hexaghost","floor":16,"turns":16}],"seed_played":"-280662240868628115","potions_obtained":[{"floor":5,"key":"SpeedPotion"},{"floor":7,"key":"Fire Potion"}],"is_trial":false,"path_per_floor":["M","M","M","M","M","R","M","M","T","R","?","R","?","$","R","B"],"character_chosen":"THE_SILENT","items_purchased":["Membership Card"],"campfire_rested":0,"item_purchase_floors":[14],"current_hp_per_floor":[63,63,60,59,59,59,32,27,27,27,44,44,67,67,67,0],"gold":35,"neow_bonus":"HUNDRED_GOLD","is_prod":false,"is_daily":false,"chose_seed":false,"campfire_upgraded":3,"win_rate":0,"timestamp":1571472827,"path_taken":["M","M","M","M","M","R","M","M","T","R","?","R","?","$","R","BOSS"],"build_version":"2019-07-17","purchased_purges":0,"victory":false,"max_hp_per_floor":[70,70,70,70,70,70,70,70,70,70,70,70,70,70,70,70],"card_choices":[{"not_picked":["Outmaneuver","Quick Slash","Catalyst"],"picked":"SKIP","floor":1},{"not_picked":["PiercingWail","Predator","Outmaneuver"],"picked":"SKIP","floor":2},{"not_picked":["Dodge and Roll","Terror"],"picked":"Blur","floor":3},{"not_picked":["Reflex","Tactician"],"picked":"Endless Agony","floor":4},{"not_picked":["Dagger Spray","Poisoned Stab","Malaise"],"picked":"SKIP","floor":5},{"not_picked":["Dagger Throw","Catalyst","Bane"],"picked":"SKIP","floor":7},{"not_picked":["Footwork","Dagger Spray"],"picked":"Infinite Blades","floor":8}],"player_experience":384849,"relics_obtained":[{"floor":9,"key":"Whetstone"}],"event_choices":[{"damage_healed":17,"gold_gain":0,"player_choice":"Healed","damage_taken":0,"max_hp_gain":0,"max_hp_loss":0,"event_name":"The Cleric","floor":11,"gold_loss":35},{"damage_healed":23,"gold_gain":0,"player_choice":"Banana","damage_taken":0,"max_hp_gain":0,"max_hp_loss":0,"event_name":"Big Fish","floor":13,"gold_loss":0}],"is_beta":false,"boss_relics":[],"items_purged_floors":[],"is_endless":false,"potions_floor_spawned":[5,7],"killed_by":"Hexaghost","ascension_level":3}