{"gold_per_floor":[116,126,201,215,215,215,227,227,250,275,290,305,322,322],"floor_reached":14,"playtime":374,"items_purged":[],"score":188,"play_id":"d8334ce8-ed25-4524-bba4-ebb2552d06d2","local_time":"20190926231928","is_ascension_mode":true,"campfire_choices":[{"data":"Neutralize","floor":6,"key":"SMITH"},{"data":"Bouncing Flask","floor":8,"key":"SMITH"}],"neow_cost":"NONE","seed_source_timestamp":371538971605693,"circlet_count":0,"master_deck":["AscendersBane","Strike_G","Strike_G","Strike_G","Strike_G","Defend_G","Defend_G","Defend_G","Defend_G","Defend_G","Survivor","Neutralize+1","Catalyst","Well Laid Plans","Bouncing Flask+1","Backflip","Tactician","Footwork"],"relics":["Ring of the Snake","NeowsBlessing","Art of War","Snake Skull"],"potions_floor_usage":[11,11],"damage_taken":[{"damage":0,"enemies":"Jaw Worm","floor":1,"turns":1},{"damage":0,"enemies":"2 Louse","floor":2,"turns":1},{"damage":0,"enemies":"Cultist","floor":4,"turns":1},{"damage":20,"enemies":"Large Slime","floor":7,"turns":12},{"damage":8,"enemies":"Gremlin Nob","floor":10,"turns":3},{"damage":5,"enemies":"Gremlin Gang","floor":11,"turns":7},{"damage":3,"enemies":"Looter","floor":12,"turns":3},{"damage":1,"enemies":"Blue Slaver","floor":13,"turns":4},{"damage":0,"enemies":"Gremlin Gang","floor":14,"turns":1}],"seed_played":"-4072313009187115282","potions_obtained":[{"floor":1,"key":"CunningPotion"},{"floor":2,"key":"Strength Potion"}],"is_trial":false,"path_per_floor":["M","M","?","M","?","R","M","R","T","E","M","M","M","M"],"character_chosen":"THE_SILENT","items_purchased":[],"campfire_rested":0,"item_purchase_floors":[],"current_hp_per_floor":[59,59,48,48,48,48,28,28,28,20,15,12,11,11],"gold":322,"neow_bonus":"THREE_ENEMY_KILL","is_prod":false,"is_daily":false,"chose_seed":false,"campfire_upgraded":2,"win_rate":0,"timestamp":1569511168,"path_taken":["M","M","?","M","?","R","M","R","T","E","M","M","M","M"],"build_version":"2019-09-25","purchased_purges":0,"victory":false,"max_hp_per_floor":[66,66,66,66,66,66,66,66,66,66,66,66,66,66],"card_choices":[{"not_picked":["Crippling Poison","Endless Agony"],"picked":"Catalyst","floor":1},{"not_picked":["Blur","Acrobatics","Dodge and Roll"],"picked":"SKIP","floor":2},{"not_picked":["Dodge and Roll","Choke","Masterful Stab"],"picked":"SKIP","floor":4},{"not_picked":["PiercingWail","Heel Hook"],"picked":"Bouncing Flask","floor":7},{"not_picked":["Deflect","Dagger Throw","Deadly Poison"],"picked":"SKIP","floor":10},{"not_picked":["Expertise","Outmaneuver"],"picked":"Backflip","floor":11},{"not_picked":["Deflect","Terror"],"picked":"Tactician","floor":12},{"not_picked":["Outmaneuver","Deadly Poison"],"picked":"Footwork","floor":13}],"player_experience":1018291,"relics_obtained":[{"floor":9,"key":"Art of War"},{"floor":10,"key":"Snake Skull"}],"event_choices":[{"damage_healed":0,"gold_gain":75,"player_choice":"Gather Gold","damage_taken":11,"max_hp_gain":0,"max_hp_loss":0,"event_name":"World of Goop","floor":3,"gold_loss":0},{"damage_healed":0,"gold_gain":0,"cards_transformed":["Strike_G"],"player_choice":"Change","damage_taken":0,"max_hp_gain":0,"max_hp_loss":0,"event_name":"Living Wall","floor":5,"gold_loss":0,"cards_obtained":["Well Laid Plans"]}],"is_beta":true,"boss_relics":[],"items_purged_floors":[],"is_endless":false,"potions_floor_spawned":[1,2,7],"killed_by":"Gremlin Gang","ascension_level":20}