{"gold_per_floor":[110,129,129,79,89,89,89,89,89,106,121,41,59,75,75,178,178,190,204,223,223],"floor_reached":21,"playtime":1206,"items_purged":[],"score":175,"play_id":"4c7eb6ed-6c09-46f1-a740-0a86f373af28","local_time":"20191001111443","is_ascension_mode":false,"campfire_choices":[{"data":"Gash","floor":6,"key":"SMITH"},{"data":"Beam Cell","floor":8,"key":"SMITH"},{"data":"Go for the Eyes","floor":15,"key":"SMITH"}],"neow_cost":"NONE","seed_source_timestamp":392224040579500,"circlet_count":0,"master_deck":["Strike_B","Strike_B","Defend_B","Defend_B","Defend_B","Zap","Dualcast","Rebound","Gash+1","Beam Cell+1","Hologram","Gash","Beam Cell","Gash","Hologram","Go for the Eyes+1","Reprogram","Hologram"],"relics":["Cracked Core","Darkstone Periapt","Empty Cage"],"potions_floor_usage":[16,16],"damage_taken":[{"damage":1,"enemies":"Cultist","floor":1,"turns":3},{"damage":0,"enemies":"Small Slimes","floor":2,"turns":3},{"damage":0,"enemies":"2 Louse","floor":5,"turns":3},{"damage":14,"enemies":"Blue Slaver","floor":10,"turns":3},{"damage":0,"enemies":"Large Slime","floor":11,"turns":3},{"damage":10,"enemies":"Looter","floor":13,"turns":2},{"damage":10,"enemies":"Gremlin Gang","floor":14,"turns":5},{"damage":36,"enemies":"Slime Boss","floor":16,"turns":8},{"damage":14,"enemies":"3 Byrds","floor":18,"turns":4},{"damage":21,"enemies":"Spheric Guardian","floor":19,"turns":4},{"damage":37,"enemies":"Snake Plant","floor":20,"turns":5},{"damage":3,"enemies":"Centurion and Healer","floor":21,"turns":1}],"seed_played":"4910651676260692011","potions_obtained":[{"floor":2,"key":"FearPotion"},{"floor":5,"key":"SteroidPotion"},{"floor":11,"key":"Explosive Potion"},{"floor":13,"key":"EssenceOfSteel"},{"floor":18,"key":"Swift Potion"}],"is_trial":false,"path_per_floor":["M","M","$","?","M","R","?","R","T","M","M","$","M","M","R","B",null,"M","M","M","M"],"character_chosen":"DEFECT","items_purchased":["Beam Cell","Gash"],"campfire_rested":0,"item_purchase_floors":[12,12],"current_hp_per_floor":[74,74,74,74,74,74,74,74,74,60,60,60,50,40,40,4,75,61,40,3,0],"gold":223,"neow_bonus":"THREE_CARDS","is_prod":false,"is_daily":false,"chose_seed":false,"campfire_upgraded":3,"win_rate":0.0,"timestamp":1569921283,"path_taken":["M","?","?","?","M","R","?","R","T","M","M","$","M","?","R","BOSS","M","M","M","M"],"build_version":"2019-07-17","purchased_purges":0,"victory":false,"max_hp_per_floor":[75,75,75,75,75,75,75,75,75,75,75,75,75,75,75,75,75,75,75,75,75],"card_choices":[{"not_picked":["Storm","Ball Lightning"],"picked":"Rebound","floor":0},{"not_picked":["Beam Cell","Coolheaded"],"picked":"Gash","floor":1},{"not_picked":["Reinforced Body","Static Discharge"],"picked":"Beam Cell","floor":2},{"not_picked":["Skim","Leap","Barrage"],"picked":"SKIP","floor":5},{"not_picked":["Hello World","Leap"],"picked":"Hologram","floor":10},{"not_picked":["Ball Lightning","Echo Form"],"picked":"Gash","floor":11},{"not_picked":["Double Energy","Steam"],"picked":"Hologram","floor":13},{"not_picked":["Gash","Capacitor"],"picked":"Go for the Eyes","floor":14},{"not_picked":["Ball Lightning","Rebound+1"],"picked":"Reprogram","floor":18},{"not_picked":["Ball Lightning","Auto Shields","Storm"],"picked":"SKIP","floor":19},{"not_picked":["Leap","Static Discharge"],"picked":"Hologram","floor":20}],"player_experience":118088,"relics_obtained":[{"floor":9,"key":"Darkstone Periapt"}],"event_choices":[{"cards_removed":["Strike_B"],"damage_healed":0,"gold_gain":0,"player_choice":"Card Removal","damage_taken":0,"max_hp_gain":0,"max_hp_loss":0,"event_name":"The Cleric","floor":4,"gold_loss":50},{"damage_healed":0,"gold_gain":0,"player_choice":"0 cards matched","damage_taken":0,"max_hp_gain":0,"max_hp_loss":0,"event_name":"Match and Keep!","floor":7,"gold_loss":0,"cards_obtained":[]},{"damage_healed":0,"gold_gain":0,"player_choice":"0 cards matched","damage_taken":0,"max_hp_gain":0,"max_hp_loss":0,"event_name":"Match and Keep!","floor":7,"gold_loss":0,"cards_obtained":[]}],"is_beta":false,"boss_relics":[{"not_picked":["Fusion Hammer","Lizard Tail"],"picked":"Empty Cage"}],"items_purged_floors":[],"is_endless":false,"potions_floor_spawned":[2,5,11,13,18],"killed_by":"Centurion and Healer","ascension_level":0}