{"gold_per_floor":[144,144,189,114,159,204,204,294,319,319,364,364],"floor_reached":12,"playtime":546,"items_purged":["Expertise"],"score":105,"play_id":"6039231c-f8b9-4bb6-83a5-51fa60213d23","local_time":"20190124182200","daily_mods":["Specialized","Green Cards","Midas"],"is_ascension_mode":false,"campfire_choices":[{"floor":7,"key":"REST"},{"floor":10,"key":"REST"}],"neow_cost":"","seed_source_timestamp":3820491183500,"circlet_count":0,"master_deck":["Strike_B","Strike_B","Strike_B","Strike_B","Defend_B","Defend_B","Defend_B","Defend_B","Zap","Dualcast","Expertise","Expertise","Expertise","Expertise","Prepared","Static Discharge","Genetic Algorithm","Capacitor","Echo Form","Prepared"],"special_seed":17920,"relics":["Cracked Core","Du-Vu Doll","Shovel","Happy Flower"],"potions_floor_usage":[3,12],"damage_taken":[{"damage":10,"enemies":"Jaw Worm","floor":1,"turns":5},{"damage":2,"enemies":"Cultist","floor":3,"turns":5},{"damage":7,"enemies":"Small Slimes","floor":5,"turns":3},{"damage":18,"enemies":"3 Louse","floor":6,"turns":4},{"damage":31,"enemies":"3 Sentries","floor":8,"turns":6},{"damage":24,"enemies":"Lots of Slimes","floor":11,"turns":7},{"damage":39,"enemies":"Gremlin Nob","floor":12,"turns":3}],"seed_played":"5878124087660540128","potions_obtained":[{"floor":1,"key":"Energy Potion"},{"floor":3,"key":"SteroidPotion"},{"floor":5,"key":"EssenceOfSteel"},{"floor":11,"key":"SteroidPotion"}],"is_trial":false,"path_per_floor":["M","?","M","$","M","M","R","E","T","R","M","E"],"character_chosen":"DEFECT","items_purchased":[],"campfire_rested":2,"item_purchase_floors":[],"current_hp_per_floor":[65,62,60,60,53,35,57,26,26,48,24,0],"gold":364,"neow_bonus":"","is_prod":false,"is_daily":true,"chose_seed":false,"campfire_upgraded":0,"win_rate":0.0,"timestamp":1548372120,"path_taken":["M","?","M","$","M","M","R","E","T","R","M","E"],"build_version":"2019-01-23","purchased_purges":1,"victory":false,"max_hp_per_floor":[75,75,75,75,75,75,75,75,75,75,75,75],"card_choices":[{"not_picked":["Blizzard","Tactician"],"picked":"Prepared","floor":1},{"not_picked":["Flechettes","Beam Cell"],"picked":"Static Discharge","floor":3},{"not_picked":["Chaos","Underhanded Strike"],"picked":"Genetic Algorithm","floor":5},{"not_picked":["Go for the Eyes","Glacier"],"picked":"Capacitor","floor":6},{"not_picked":["Meteor Strike","Turbo"],"picked":"Echo Form","floor":8},{"not_picked":["Flying Knee","Sucker Punch"],"picked":"Prepared","floor":11}],"player_experience":196418,"relics_obtained":[{"floor":8,"key":"Shovel"},{"floor":9,"key":"Happy Flower"}],"event_choices":[{"damage_healed":0,"gold_gain":0,"player_choice":"Success","damage_taken":3,"relics_obtained":["Du-Vu Doll"],"max_hp_gain":0,"max_hp_loss":0,"event_name":"Scrap Ooze","floor":2,"gold_loss":0}],"is_beta":false,"boss_relics":[],"items_purged_floors":[4],"is_endless":false,"potions_floor_spawned":[1,3,5,11],"killed_by":"Gremlin Nob","ascension_level":0}