{"gold_per_floor":[11,29,45,45,45,45,45,45,45,45,45,79,90,117,117,195,195,208,123,142,157,82,82,95,95,175,188,215,215,23,33,33,107,107,122,139,139,149,149,149,165,165,192,192,220,231,231,243,243,243,243],"floor_reached":51,"playtime":1862,"items_purged":["Strike_B","Defend_B"],"score":1349,"play_id":"c00cc131-e9e4-4df1-8b32-416ede9bf8c0","local_time":"20191017141201","is_ascension_mode":true,"campfire_choices":[{"data":"Defragment","floor":6.0,"key":"SMITH"},{"data":"Zap","floor":8.0,"key":"SMITH"},{"data":"Dualcast","floor":11.0,"key":"SMITH"},{"data":"Static Discharge","floor":15.0,"key":"SMITH"},{"data":"Defragment","floor":23.0,"key":"SMITH"},{"data":"Turbo","floor":25.0,"key":"SMITH"},{"floor":32.0,"key":"REST"},{"data":"Apotheosis","floor":40.0,"key":"SMITH"},{"floor":44.0,"key":"REST"},{"floor":49.0,"key":"RECALL"}],"neow_cost":"NO_GOLD","seed_source_timestamp":520284247616812,"circlet_count":0,"master_deck":["AscendersBane","Defend_B","Defend_B","Defend_B","Zap+1","Dualcast+1","Hologram","Storm","Cold Snap","Defragment+1","All For One","Static Discharge+1","Go for the Eyes","Defragment+1","Electrodynamics","Compile Driver","Turbo+1","Capacitor+1","Loop","Hologram+1","BootSequence","Discovery","Hologram","Fission","Recycle","Coolheaded+1","Hologram","Apotheosis+1","Finesse","Flash of Steel","Scrape","Heatsinks","Storm","Conserve Battery"],"special_seed":0,"relics":["Cracked Core","HornCleat","StoneCalendar","Turnip","Black Star","Potion Belt","Sundial","Red Mask","Runic Pyramid","Regal Pillow","Mercury Hourglass"],"potions_floor_usage":[],"damage_taken":[{"damage":4.0,"enemies":"Jaw Worm","floor":1.0,"turns":5.0},{"damage":3.0,"enemies":"Small Slimes","floor":2.0,"turns":4.0},{"damage":6.0,"enemies":"2 Louse","floor":3.0,"turns":3.0},{"damage":11.0,"enemies":"3 Sentries","floor":12.0,"turns":7.0},{"damage":0.0,"enemies":"Exordium Wildlife","floor":13.0,"turns":3.0},{"damage":2.0,"enemies":"Lagavulin","floor":14.0,"turns":6.0},{"damage":5.0,"enemies":"Hexaghost","floor":16.0,"turns":7.0},{"damage":10.0,"enemies":"Chosen","floor":18.0,"turns":3.0},{"damage":0.0,"enemies":"3 Byrds","floor":20.0,"turns":3.0},{"damage":9.0,"enemies":"Centurion and Healer","floor":21.0,"turns":5.0},{"damage":17.0,"enemies":"Snecko","floor":24.0,"turns":5.0},{"damage":7.0,"enemies":"Cultist and Chosen","floor":27.0,"turns":3.0},{"damage":2.0,"enemies":"Masked Bandits","floor":28.0,"turns":3.0},{"damage":11.0,"enemies":"Colosseum Slavers","floor":29.0,"turns":4.0},{"damage":6.0,"enemies":"Shelled Parasite and Fungi","floor":31.0,"turns":4.0},{"damage":2.0,"enemies":"Automaton","floor":33.0,"turns":6.0},{"damage":0.0,"enemies":"3 Shapes","floor":35.0,"turns":4.0},{"damage":13.0,"enemies":"Orb Walker","floor":36.0,"turns":4.0},{"damage":1.0,"enemies":"4 Shapes","floor":38.0,"turns":4.0},{"damage":0.0,"enemies":"Spire Growth","floor":41.0,"turns":3.0},{"damage":41.0,"enemies":"Reptomancer","floor":45.0,"turns":4.0},{"damage":0.0,"enemies":"Maw","floor":46.0,"turns":5.0},{"damage":0.0,"enemies":"Sphere and 2 Shapes","floor":48.0,"turns":3.0},{"damage":8.0,"enemies":"Time Eater","floor":50.0,"turns":9.0},{"damage":15,"enemies":"Awakened One","floor":51,"turns":3}],"seed_played":"6016082030546074438","potions_obtained":[{"floor":12.0,"key":"AttackPotion"},{"floor":14.0,"key":"Block Potion"},{"floor":21.0,"key":"SkillPotion"},{"floor":24.0,"key":"Strength Potion"},{"floor":27.0,"key":"Block Potion"},{"floor":35.0,"key":"Weak Potion"},{"floor":38.0,"key":"Dexterity Potion"},{"floor":46.0,"key":"Swift Potion"}],"is_trial":false,"path_per_floor":["M","M","M","?","?","R","$","R","T","?","R","E","M","E","R","B",null,"M","?","M","M","$","R","M","R","T","M","?","?","$","M","R","B",null,"M","M","?","M","?","R","M","?","T","R","E","M","?","M","R","B","B"],"character_chosen":"DEFECT","items_purchased":["Discovery"],"campfire_rested":2,"item_purchase_floors":[30],"current_hp_per_floor":[60,57,51,56,56,56,56,56,56,56,56,45,45,43,43,38,67,57,57,57,48,48,48,31,31,31,24,22,11,11,5,27,25,63,63,50,50,49,39,39,39,39,39,60,19,19,19,19,19,11,0],"gold":243,"neow_bonus":"TRANSFORM_TWO_CARDS","is_prod":false,"is_daily":false,"chose_seed":false,"campfire_upgraded":7,"win_rate":0,"timestamp":1571292721,"path_taken":["M","M","M","?","?","R","$","R","T","?","R","E","M","E","R","BOSS","M","?","M","M","$","R","M","R","T","M","?","?","?","?","R","BOSS","M","M","?","M","?","R","?","?","T","R","E","M","?","M","R","BOSS","BOSS"],"build_version":"2019-10-16","purchased_purges":2,"victory":false,"max_hp_per_floor":[71,71,71,76,76,76,76,76,76,76,76,76,76,76,76,76,76,76,76,76,76,76,76,76,76,76,76,76,76,76,76,76,76,76,76,76,76,76,76,76,76,72,72,72,72,72,72,72,72,72,72],"card_choices":[{"not_picked":["Turbo","Conserve Battery"],"picked":"Cold Snap","floor":1.0},{"not_picked":["Stack","Auto Shields"],"picked":"Cold Snap","floor":2.0},{"not_picked":["Skim","Redo"],"picked":"Defragment","floor":3.0},{"not_picked":["Consume","Hyperbeam"],"picked":"Static Discharge","floor":12.0},{"not_picked":["Rip and Tear","Leap"],"picked":"Go for the Eyes","floor":13.0},{"not_picked":["Capacitor","Static Discharge"],"picked":"Defragment","floor":14.0},{"not_picked":["Echo Form","Buffer"],"picked":"Electrodynamics","floor":16.0},{"not_picked":["Blizzard","Leap"],"picked":"Compile Driver","floor":18.0},{"not_picked":["Chill","Redo"],"picked":"Turbo","floor":20.0},{"not_picked":["Stack","Melter+1"],"picked":"Capacitor+1","floor":21.0},{"not_picked":["Rebound","Ball Lightning"],"picked":"Loop","floor":24.0},{"not_picked":["Turbo","Redo"],"picked":"Hologram+1","floor":27.0},{"not_picked":["Rip and Tear","Ball Lightning"],"picked":"BootSequence","floor":28.0},{"not_picked":["Fusion","Tempest"],"picked":"Hologram","floor":31.0},{"not_picked":["Reboot","Seek"],"picked":"Fission","floor":33.0},{"not_picked":["Auto Shields","Gash"],"picked":"Recycle","floor":35.0},{"not_picked":["Barrage+1","Steam"],"picked":"Coolheaded+1","floor":36.0},{"not_picked":["Redo","Barrage+1"],"picked":"Hologram","floor":38.0},{"not_picked":["Bandage Up","Jack Of All Trades"],"picked":"Apotheosis","floor":39.0},{"not_picked":["Swift Strike","Apotheosis"],"picked":"Finesse","floor":39.0},{"not_picked":["Enlightenment","Trip"],"picked":"Flash of Steel","floor":39.0},{"not_picked":["Leap","Go for the Eyes","Scrape"],"picked":"SKIP","floor":41.0},{"not_picked":["Leap","Go for the Eyes","Scrape"],"picked":"SKIP","floor":41.0},{"not_picked":["Leap","Go for the Eyes"],"picked":"Scrape","floor":41.0},{"not_picked":["Blizzard","Leap+1"],"picked":"Heatsinks","floor":45.0},{"not_picked":["Hologram","Cold Snap"],"picked":"Storm","floor":46.0},{"not_picked":["Streamline","Capacitor+1"],"picked":"Conserve Battery","floor":48.0}],"player_experience":1097256,"relics_obtained":[{"floor":9.0,"key":"HornCleat"},{"floor":12.0,"key":"StoneCalendar"},{"floor":14.0,"key":"Turnip"},{"floor":26.0,"key":"Sundial"},{"floor":28.0,"key":"Red Mask"},{"floor":45.0,"key":"Regal Pillow"},{"floor":45.0,"key":"Mercury Hourglass"}],"event_choices":[{"damage_healed":0.0,"max_hp_gain":5.0,"max_hp_loss":0.0,"gold_gain":0.0,"event_name":"Big Fish","player_choice":"Donut","floor":4.0,"gold_loss":0.0,"damage_taken":0.0},{"damage_healed":0.0,"max_hp_gain":0.0,"max_hp_loss":0.0,"gold_gain":0.0,"event_name":"Liars Game","player_choice":"Ignored","floor":5.0,"gold_loss":0.0,"damage_taken":0.0},{"damage_healed":0.0,"max_hp_gain":0.0,"max_hp_loss":0.0,"gold_gain":0.0,"cards_transformed":["Strike_B"],"event_name":"Living Wall","player_choice":"Change","floor":10.0,"gold_loss":0.0,"damage_taken":0.0,"cards_obtained":["All For One"]},{"damage_healed":0.0,"max_hp_gain":0.0,"max_hp_loss":0.0,"gold_gain":0.0,"event_name":"Addict","player_choice":"Obtained Relic","floor":19.0,"gold_loss":85.0,"damage_taken":0.0,"relics_obtained":["Potion Belt"]},{"damage_healed":0.0,"max_hp_gain":0.0,"max_hp_loss":0.0,"gold_gain":0.0,"event_name":"Masked Bandits","player_choice":"Fought Bandits","floor":28.0,"gold_loss":0.0,"damage_taken":0.0},{"damage_healed":0.0,"max_hp_gain":0.0,"max_hp_loss":0.0,"gold_gain":0.0,"event_name":"Colosseum","player_choice":"Fight","floor":29.0,"gold_loss":0.0,"damage_taken":0.0},{"damage_healed":0.0,"max_hp_gain":0.0,"max_hp_loss":0.0,"gold_gain":0.0,"event_name":"Colosseum","player_choice":"Fled From Nobs","floor":29.0,"gold_loss":0.0,"damage_taken":0.0},{"cards_removed":["Cold Snap"],"damage_healed":0.0,"max_hp_gain":0.0,"max_hp_loss":0.0,"gold_gain":0.0,"event_name":"Falling","player_choice":"Removed Attack","floor":37.0,"gold_loss":0.0,"damage_taken":0.0},{"damage_healed":0.0,"max_hp_gain":0.0,"max_hp_loss":0.0,"gold_gain":0.0,"event_name":"SensoryStone","player_choice":"Memory 3","floor":39.0,"gold_loss":0.0,"damage_taken":10.0},{"damage_healed":0.0,"max_hp_gain":0.0,"max_hp_loss":4.0,"gold_gain":0.0,"event_name":"Winding Halls","player_choice":"Max HP","floor":42.0,"gold_loss":0.0,"damage_taken":0.0},{"damage_healed":0.0,"max_hp_gain":0.0,"max_hp_loss":0.0,"gold_gain":0.0,"event_name":"Mysterious Sphere","player_choice":"Ignored","floor":47.0,"gold_loss":0.0,"damage_taken":0.0}],"is_beta":true,"boss_relics":[{"not_picked":["Inserter","SlaversCollar"],"picked":"Black Star"},{"not_picked":["Coffee Dripper","Sozu"],"picked":"Runic Pyramid"}],"items_purged_floors":[22,30],"is_endless":false,"potions_floor_spawned":[12,14,18,21,24,27,35,38,46],"killed_by":"Awakened One","ascension_level":20}