{"path_per_floor":["M","?","?","M","?","?","M","M","T","R","M","R","M","M","R"],"character_chosen":"THE_SILENT","items_purchased":[],"gold_per_floor":[111,111,286,304,304,554,564,574,574,574,587,587,607,619,619],"floor_reached":16,"campfire_rested":2,"playtime":605,"current_hp_per_floor":[56,56,56,52,52,52,40,28,28,28,8,29,21,10,31],"items_purged":[],"gold":619,"score":127,"play_id":"1f12ffa0-10df-4d8a-a35c-69aa16e48294","is_prod":false,"is_daily":false,"is_ascension_mode":true,"campfire_upgraded":1,"path_taken":["M","?","?","M","?","?","M","?","T","R","M","R","M","M","R","BOSS"],"build_version":"2018-02-12-PROD1","purchased_purges":0,"victory":false,"master_deck":["Defend_G","Defend_G","Defend_G","Defend_G","Defend_G","Strike_G","Strike_G","Strike_G","Strike_G","Strike_G","Survivor","Neutralize","Dagger Throw","Doubt","Die Die Die","Regret","Cloak And Dagger","Footwork+1","Backstab","Bane","PiercingWail"],"max_hp_per_floor":[70,70,70,70,70,70,70,70,70,70,70,70,70,70,70],"relics":["The Specimen","Dodecahedron","Calipers"],"card_choices":[{"not_picked":["Deadly Poison","Quick Slash"],"picked":"Dagger Throw"},{"not_picked":["Acrobatics","Poisoned Stab"],"picked":"Die Die Die"},{"not_picked":["PiercingWail","Slice"],"picked":"Cloak And Dagger"},{"not_picked":["Sucker Punch","Flechettes"],"picked":"Footwork"},{"not_picked":["Slice","Riddle With Holes"],"picked":"Backstab"},{"not_picked":["Concentrate","Backstab"],"picked":"Bane"},{"not_picked":["Dagger Throw","Outmaneuver"],"picked":"PiercingWail"}],"player_experience":166596,"potions_floor_usage":[16],"damage_taken":[{"damage":7,"enemies":"2 Louse","floor":1,"turns":4},{"damage":4,"enemies":"Blue Slaver","floor":4,"turns":5},{"damage":12,"enemies":"Cultist","floor":7,"turns":6},{"damage":12,"enemies":"Exordium Thugs","floor":8,"turns":6},{"damage":20,"enemies":"Gremlin Gang","floor":11,"turns":7},{"damage":8,"enemies":"Looter","floor":13,"turns":4},{"damage":11,"enemies":"3 Louse","floor":14,"turns":3},{"damage":34,"enemies":"Hexaghost","floor":16,"turns":9}],"event_choices":[{"event_name":"Accursed Blacksmith","player_choice":"Rummage","floor":2,"damage_taken":0},{"event_name":"Liars Game","player_choice":"agreed","floor":3,"damage_taken":0},{"event_name":"Living Wall","player_choice":"Forget","floor":5,"damage_taken":0},{"event_name":"Golden Shrine","player_choice":"Desecrate","floor":6,"damage_taken":0}],"boss_relics":[],"potions_floor_spawned":[7],"seed_played":"5824628429398897556","killed_by":"Hexaghost","ascension_level":7,"is_trial":false}