{"gold_per_floor":[119,119,42,1,19,19,19,39,39,39,70,70,70,81,81,177,177,188,207,207,132,144,144,144,73,96,115,115,128,142,67,67,67],"floor_reached":33,"playtime":7699,"items_purged":["Strike_G"],"score":245,"play_id":"68914056-26ad-4c4d-ada3-2ec75daf5e6b","local_time":"20190929181652","is_ascension_mode":false,"campfire_choices":[{"data":"Noxious Fumes","floor":6,"key":"SMITH"},{"data":"Deflect","floor":10,"key":"SMITH"},{"floor":15,"key":"REST"},{"data":"Noxious Fumes","floor":23,"key":"SMITH"},{"floor":24,"key":"REST"},{"floor":32,"key":"REST"}],"neow_cost":"NONE","seed_source_timestamp":238274508621900,"circlet_count":0,"master_deck":["Strike_G","Strike_G","Strike_G","Defend_G+1","Defend_G","Defend_G","Survivor","Neutralize+1","Deadly Poison","Noxious Fumes+1","Deflect+1","Deflect","Noxious Fumes+1","Die Die Die","Sucker Punch+1","Bane","Deadly Poison","Bullet Time","Infinite Blades+1","Backflip"],"relics":["Ring of the Snake","Dodecahedron","WingedGreaves","Cursed Key","Potion Belt"],"potions_floor_usage":[33],"damage_taken":[{"damage":1,"enemies":"Cultist","floor":1,"turns":4},{"damage":0,"enemies":"Jaw Worm","floor":5,"turns":3},{"damage":1,"enemies":"Small Slimes","floor":8,"turns":4},{"damage":1,"enemies":"Lagavulin","floor":11,"turns":6},{"damage":1,"enemies":"Blue Slaver","floor":14,"turns":4},{"damage":26,"enemies":"Slime Boss","floor":16,"turns":10},{"damage":1,"enemies":"3 Byrds","floor":18,"turns":4},{"damage":11,"enemies":"Spheric Guardian","floor":19,"turns":5},{"damage":16,"enemies":"Snake Plant","floor":22,"turns":4},{"damage":22,"enemies":"Chosen and Byrds","floor":27,"turns":6},{"damage":15,"enemies":"Centurion and Healer","floor":29,"turns":7},{"damage":22,"enemies":"Snecko","floor":30,"turns":6},{"damage":48,"enemies":"Champ","floor":33,"turns":9}],"seed_played":"-3242347470841877528","potions_obtained":[{"floor":5,"key":"Explosive Potion"},{"floor":11,"key":"EssenceOfSteel"},{"floor":14,"key":"GamblersBrew"},{"floor":19,"key":"SpeedPotion"}],"is_trial":false,"path_per_floor":["M","?","$","?","M","R","?","M","T","R","E","$","?","M","R","B",null,"M","M","?","$","M","R","R","$","T","M","?","M","M","?","R","B"],"character_chosen":"THE_SILENT","items_purchased":["Noxious Fumes","Bullet Time"],"campfire_rested":3,"item_purchase_floors":[3,25],"current_hp_per_floor":[69,62,62,62,62,62,62,61,61,61,60,60,46,45,66,40,70,69,58,58,58,42,42,63,63,63,41,41,26,4,4,25,0],"gold":67,"neow_bonus":"UPGRADE_CARD","is_prod":false,"is_daily":false,"chose_seed":false,"campfire_upgraded":3,"win_rate":0.0,"timestamp":1569773812,"path_taken":["M","?","$","?","M","R","?","M","T","R","E","?","?","M","R","BOSS","M","M","?","$","M","R","R","$","T","M","?","M","?","?","R","BOSS"],"build_version":"2019-07-17","purchased_purges":1,"victory":false,"max_hp_per_floor":[70,70,70,70,70,70,70,70,70,70,70,70,70,70,70,70,70,70,70,70,70,70,70,70,70,70,70,70,70,70,70,70,70],"card_choices":[{"not_picked":["Deflect","Prepared"],"picked":"Deadly Poison","floor":1},{"not_picked":["Tools of the Trade","Well Laid Plans"],"picked":"Deflect","floor":5},{"not_picked":["Caltrops","PiercingWail","Acrobatics"],"picked":"SKIP","floor":8},{"not_picked":["Choke","Dodge and Roll"],"picked":"Deflect","floor":11},{"not_picked":["Calculated Gamble","Prepared"],"picked":"Noxious Fumes","floor":14},{"not_picked":["Wraith Form v2","Phantasmal Killer"],"picked":"Die Die Die","floor":16},{"not_picked":["Skewer","Dagger Throw"],"picked":"Sucker Punch+1","floor":18},{"not_picked":["Skewer+1","Deadly Poison"],"picked":"Bane","floor":19},{"not_picked":["Bane","Endless Agony+1","Venomology"],"picked":"SKIP","floor":22},{"not_picked":["Quick Slash","PiercingWail+1","Blade Dance"],"picked":"SKIP","floor":27},{"not_picked":["Dagger Throw","Bane"],"picked":"Infinite Blades+1","floor":29},{"not_picked":["Prepared+1","Calculated Gamble"],"picked":"Backflip","floor":30}],"player_experience":57508,"relics_obtained":[{"floor":9,"key":"Dodecahedron"},{"floor":11,"key":"WingedGreaves"},{"floor":26,"key":"Potion Belt"}],"event_choices":[{"cards_removed":["Strike_G"],"damage_healed":0,"gold_gain":0,"player_choice":"Card Removal","damage_taken":7,"max_hp_gain":0,"max_hp_loss":0,"event_name":"Golden Wing","floor":2,"gold_loss":0},{"damage_healed":0,"gold_gain":0,"player_choice":"Left Gold","damage_taken":0,"max_hp_gain":0,"max_hp_loss":0,"event_name":"World of Goop","floor":4,"gold_loss":41},{"cards_removed":["Defend_G"],"damage_healed":0,"gold_gain":0,"player_choice":"Forget","damage_taken":0,"max_hp_gain":0,"max_hp_loss":0,"event_name":"Living Wall","floor":7,"gold_loss":0},{"damage_healed":0,"gold_gain":0,"player_choice":"Entered Light","damage_taken":14,"max_hp_gain":0,"max_hp_loss":0,"event_name":"Shining Light","floor":13,"gold_loss":0,"cards_upgraded":["Defend_G","Defend_G"]},{"damage_healed":0,"gold_gain":0,"player_choice":"Read","damage_taken":0,"max_hp_gain":0,"max_hp_loss":0,"event_name":"The Library","floor":20,"gold_loss":0,"cards_obtained":["Deadly Poison"]},{"cards_removed":["Writhe"],"damage_healed":0,"gold_gain":0,"player_choice":"Removed Curses","damage_taken":0,"max_hp_gain":0,"max_hp_loss":0,"event_name":"Fountain of Cleansing","floor":28,"gold_loss":0},{"cards_removed":["Defend_G"],"damage_healed":0,"gold_gain":0,"player_choice":"Gave Gold","damage_taken":0,"max_hp_gain":0,"max_hp_loss":0,"event_name":"Beggar","floor":31,"gold_loss":75}],"is_beta":false,"boss_relics":[{"not_picked":["Calling Bell","Philosopher\u0027s Stone"],"picked":"Cursed Key"}],"items_purged_floors":[21],"is_endless":false,"potions_floor_spawned":[5,11,14,16,18,19],"killed_by":"Champ","ascension_level":0}