{"gold_per_floor":[359,2,77,87,105,105,131,131,131,131,131,146,180,180,180,252,252,271,271,285,285,305,305,30,30,57,57,72,72,72,72,72,149,149,167,66,166,186,186,212,212,247,320,349,108,108,108,135,135,135,135,135,135,10,38,38],"floor_reached":57,"playtime":2450,"items_purged":["Strike_B","Strike_B","Strike_B"],"score":3430,"play_id":"3e333e96-69b2-4553-86ce-492e875efdc4","local_time":"20190922183952","is_ascension_mode":true,"campfire_choices":[{"data":"Darkness","floor":6.0,"key":"SMITH"},{"data":"Zap","floor":8.0,"key":"SMITH"},{"data":"Dualcast","floor":11.0,"key":"SMITH"},{"floor":15.0,"key":"REST"},{"data":"Coolheaded","floor":23.0,"key":"SMITH"},{"data":"Turbo","floor":27.0,"key":"SMITH"},{"floor":30.0,"key":"RECALL"},{"data":"Lockon","floor":32.0,"key":"SMITH"},{"floor":41.0,"key":"REST"},{"floor":49.0,"key":"REST"},{"floor":53.0,"key":"REST"}],"neow_cost":"PERCENT_DAMAGE","seed_source_timestamp":0,"circlet_count":0,"master_deck":["AscendersBane","Defend_B","Defend_B","Defend_B","Defend_B","Zap+1","Dualcast+1","Darkness+1","Self Repair+1","Heatsinks+1","Lockon+1","Buffer+1","Biased Cognition+1","Cold Snap","Core Surge","Amplify+1","Turbo+1","Capacitor+1","Coolheaded+1","Hologram+1","Ghostly+1","Ghostly+1","Ghostly+1","Electrodynamics+1","Hologram+1","Redo+1","Leap+1","Fusion+1","Meteor Strike","Hologram+1","Skim+1","Compile Driver","Secret Technique+1","Impatience+1","Tempest+1"],"special_seed":0,"relics":["Cracked Core","Frozen Egg 2","Ginger","Juzu Bracelet","Nuclear Battery","Toxic Egg 2","Art of War","Fusion Hammer","Calipers","Ice Cream","Bottled Lightning","Eternal Feather","Symbiotic Virus","Regal Pillow","Bag of Marbles"],"potions_floor_usage":[56],"damage_taken":[{"damage":4.0,"enemies":"Jaw Worm","floor":1.0,"turns":4.0},{"damage":7.0,"enemies":"Small Slimes","floor":4.0,"turns":4.0},{"damage":2.0,"enemies":"Cultist","floor":5.0,"turns":4.0},{"damage":35.0,"enemies":"3 Sentries","floor":7.0,"turns":8.0},{"damage":13.0,"enemies":"Blue Slaver","floor":12.0,"turns":2.0},{"damage":6.0,"enemies":"Gremlin Nob","floor":13.0,"turns":5.0},{"damage":11.0,"enemies":"Hexaghost","floor":16.0,"turns":7.0},{"damage":23.0,"enemies":"2 Thieves","floor":18.0,"turns":3.0},{"damage":2.0,"enemies":"Chosen","floor":20.0,"turns":3.0},{"damage":0.0,"enemies":"Snecko","floor":22.0,"turns":7.0},{"damage":0.0,"enemies":"Gremlin Leader","floor":25.0,"turns":1.0},{"damage":37.0,"enemies":"3 Cultists","floor":28.0,"turns":6.0},{"damage":0.0,"enemies":"Collector","floor":33.0,"turns":11.0},{"damage":0.0,"enemies":"Orb Walker","floor":35.0,"turns":3.0},{"damage":8.0,"enemies":"Mind Bloom Boss Battle","floor":37.0,"turns":6.0},{"damage":2.0,"enemies":"3 Shapes","floor":38.0,"turns":4.0},{"damage":4.0,"enemies":"Reptomancer","floor":40.0,"turns":7.0},{"damage":0.0,"enemies":"Nemesis","floor":42.0,"turns":5.0},{"damage":18.0,"enemies":"Reptomancer","floor":44.0,"turns":6.0},{"damage":0.0,"enemies":"Giant Head","floor":48.0,"turns":4.0},{"damage":0.0,"enemies":"Donu and Deca","floor":50.0,"turns":8.0},{"damage":0.0,"enemies":"Time Eater","floor":51.0,"turns":6.0},{"damage":0.0,"enemies":"Shield and Spear","floor":55.0,"turns":6.0},{"damage":30,"enemies":"The Heart","floor":56,"turns":11}],"seed_played":"8787501348331515787","potions_obtained":[{"floor":1.0,"key":"Ancient Potion"},{"floor":4.0,"key":"SkillPotion"},{"floor":13.0,"key":"SteroidPotion"},{"floor":18.0,"key":"SmokeBomb"},{"floor":28.0,"key":"Regen Potion"},{"floor":44.0,"key":"SpeedPotion"}],"is_trial":false,"path_per_floor":["M","$","?","M","M","R","E","R","T","?","R","M","E","?","R","B",null,"M","?","M","?","M","R","$","E","T","R","M","?","R","?","R","B",null,"M","$","?","M","?","E","R","E","T","E","$","?","?","E","R","B","B",null,"R","$","E","B",null],"character_chosen":"DEFECT","items_purchased":["Frozen Egg 2","Self Repair+1","Toxic Egg 2","Redo+1","Skim+1","Compile Driver"],"campfire_rested":4,"item_purchase_floors":[2,2,24,36,45,45],"current_hp_per_floor":[42,42,31,34,42,42,17,17,17,17,17,14,8,3,24,23,59,46,46,54,34,44,44,44,44,44,44,27,27,27,27,27,37,38,38,38,38,38,38,38,38,38,38,20,20,10,10,20,36,36,36,36,36,36,36,16],"gold":38,"neow_bonus":"TWO_FIFTY_GOLD","is_prod":false,"is_daily":false,"chose_seed":false,"campfire_upgraded":6,"win_rate":0,"timestamp":1569148792,"path_taken":["M","$","?","M","M","R","E","R","T","?","R","M","E","?","R","BOSS","M","?","M","?","M","R","$","E","T","R","M","?","R","?","R","BOSS","M","$","?","M","?","E","R","E","T","E","$","?","?","E","R","BOSS","BOSS","R","$","E","BOSS"],"build_version":"2019-09-20","purchased_purges":3,"victory":true,"max_hp_per_floor":[71,71,71,71,71,71,71,71,71,71,71,71,71,71,71,71,71,71,71,71,76,76,76,76,76,76,76,76,76,76,38,38,38,38,38,38,38,38,38,38,38,38,38,38,38,38,36,36,36,36,36,36,36,36,36,36],"card_choices":[{"not_picked":["Rip and Tear","Gash"],"picked":"Darkness","floor":1.0},{"not_picked":["Beam Cell","Hello World+1"],"picked":"Heatsinks+1","floor":4.0},{"not_picked":["Go for the Eyes","Stack"],"picked":"Lockon","floor":5.0},{"not_picked":["Ball Lightning","Redo"],"picked":"Buffer+1","floor":7.0},{"not_picked":["Steam","Doom and Gloom"],"picked":"Cold Snap","floor":12.0},{"not_picked":["Streamline","Cold Snap"],"picked":"Core Surge","floor":13.0},{"not_picked":["All For One","Biased Cognition+1"],"picked":"Amplify","floor":16.0},{"not_picked":["Cold Snap","Stack"],"picked":"Turbo","floor":18.0},{"not_picked":["Sweeping Beam","Turbo"],"picked":"Capacitor+1","floor":20.0},{"not_picked":["Ball Lightning","Stack"],"picked":"Coolheaded","floor":22.0},{"not_picked":["Force Field+1","Conserve Battery+1"],"picked":"Hologram+1","floor":28.0},{"not_picked":["Seek+1","Creative AI+1"],"picked":"Electrodynamics+1","floor":33.0},{"not_picked":["Ball Lightning","Cold Snap"],"picked":"Hologram+1","floor":35.0},{"not_picked":["Gash","Sunder"],"picked":"Leap+1","floor":37.0},{"not_picked":["Ball Lightning+1","Barrage","Hologram+1"],"picked":"SKIP","floor":38.0},{"not_picked":["Blizzard+1","Cold Snap"],"picked":"Fusion+1","floor":40.0},{"not_picked":["Genetic Algorithm+1","Double Energy+1"],"picked":"Meteor Strike","floor":42.0},{"not_picked":["Gash","Rip and Tear"],"picked":"Hologram+1","floor":44.0},{"not_picked":["Finesse+1","Swift Strike"],"picked":"Secret Technique+1","floor":46.0},{"not_picked":["Mind Blast","HandOfGreed"],"picked":"Impatience+1","floor":46.0},{"not_picked":["Ball Lightning","Barrage","Storm+1"],"picked":"SKIP","floor":48.0},{"not_picked":["Hello World+1","Storm+1"],"picked":"Tempest+1","floor":55.0}],"player_experience":915202,"relics_obtained":[{"floor":7.0,"key":"Ginger"},{"floor":13.0,"key":"Juzu Bracelet"},{"floor":26.0,"key":"Art of War"},{"floor":37.0,"key":"Calipers"},{"floor":40.0,"key":"Ice Cream"},{"floor":42.0,"key":"Bottled Lightning"},{"floor":43.0,"key":"Eternal Feather"},{"floor":44.0,"key":"Symbiotic Virus"},{"floor":48.0,"key":"Regal Pillow"},{"floor":55.0,"key":"Bag of Marbles"}],"event_choices":[{"damage_healed":0.0,"max_hp_gain":0.0,"max_hp_loss":0.0,"gold_gain":75.0,"event_name":"World of Goop","player_choice":"Gather Gold","floor":3.0,"gold_loss":0.0,"damage_taken":11.0},{"damage_healed":0.0,"max_hp_gain":0.0,"max_hp_loss":0.0,"gold_gain":0.0,"cards_transformed":["Strike_B"],"event_name":"Transmorgrifier","player_choice":"Transformed","floor":10.0,"gold_loss":0.0,"damage_taken":0.0,"cards_obtained":["Biased Cognition"]},{"damage_healed":0.0,"max_hp_gain":0.0,"max_hp_loss":0.0,"gold_gain":0.0,"event_name":"Scrap Ooze","player_choice":"Fled","floor":14.0,"gold_loss":0.0,"damage_taken":5.0},{"damage_healed":0.0,"max_hp_gain":0.0,"max_hp_loss":0.0,"gold_gain":0.0,"event_name":"Vampires","player_choice":"Ignored","floor":19.0,"gold_loss":0.0,"damage_taken":0.0},{"damage_healed":0.0,"max_hp_gain":5.0,"max_hp_loss":0.0,"gold_gain":0.0,"event_name":"Forgotten Altar","player_choice":"Shed Blood","floor":21.0,"gold_loss":0.0,"damage_taken":25.0},{"damage_healed":0.0,"max_hp_gain":0.0,"max_hp_loss":0.0,"gold_gain":0.0,"event_name":"Upgrade Shrine","player_choice":"Upgraded","floor":29.0,"gold_loss":0.0,"damage_taken":0.0,"cards_upgraded":["Amplify"]},{"damage_healed":0.0,"max_hp_gain":0.0,"max_hp_loss":38.0,"gold_gain":0.0,"event_name":"Ghosts","player_choice":"Became a Ghost","floor":31.0,"gold_loss":0.0,"damage_taken":0.0,"cards_obtained":["Ghostly","Ghostly","Ghostly"]},{"damage_healed":0.0,"max_hp_gain":0.0,"max_hp_loss":0.0,"gold_gain":0.0,"event_name":"MindBloom","player_choice":"Fight","floor":37.0,"gold_loss":0.0,"damage_taken":0.0},{"damage_healed":0.0,"max_hp_gain":0.0,"max_hp_loss":0.0,"gold_gain":0.0,"event_name":"Tomb of Lord Red Mask","player_choice":"Ignored","floor":39.0,"gold_loss":0.0,"damage_taken":0.0},{"damage_healed":0.0,"max_hp_gain":0.0,"max_hp_loss":0.0,"gold_gain":0.0,"event_name":"SensoryStone","player_choice":"Memory 3","floor":46.0,"gold_loss":0.0,"damage_taken":10.0},{"damage_healed":0.0,"max_hp_gain":0.0,"max_hp_loss":2.0,"gold_gain":0.0,"event_name":"Winding Halls","player_choice":"Max HP","floor":47.0,"gold_loss":0.0,"damage_taken":0.0}],"is_beta":true,"boss_relics":[{"not_picked":["Sozu","Coffee Dripper"],"picked":"Nuclear Battery"},{"not_picked":["FrozenCore","Velvet Choker"],"picked":"Fusion Hammer"}],"items_purged_floors":[36,45,54],"is_endless":false,"potions_floor_spawned":[1,4,13,18,28,33,35,40,42,44],"ascension_level":20}