{"gold_per_floor":[113,128,148,168,184,184,195,195,195,40,73,73,73,36,36,36],"floor_reached":16,"playtime":245,"items_purged":["Strike_B"],"score":204,"play_id":"68c5c6e1-1425-4329-939d-39cb71ffc204","local_time":"20190925135122","is_ascension_mode":true,"campfire_choices":[{"data":"Zap","floor":6,"key":"SMITH"},{"data":"Fission","floor":13,"key":"SMITH"},{"data":"Darkness","floor":15,"key":"SMITH"}],"neow_cost":"NONE","seed_source_timestamp":251179695173427,"circlet_count":0,"master_deck":["AscendersBane","Strike_B","Strike_B","Strike_B","Defend_B","Defend_B","Defend_B","Defend_B","Zap+1","Dualcast+1","Lockon+1","Turbo","Turbo","Ball Lightning","Leap","Compile Driver","Defragment","Fission+1","Darkness+1"],"relics":["Cracked Core","NeowsBlessing","Mercury Hourglass","Golden Idol"],"potions_floor_usage":[11],"damage_taken":[{"damage":0,"enemies":"Cultist","floor":1,"turns":1},{"damage":0,"enemies":"Jaw Worm","floor":2,"turns":1},{"damage":0,"enemies":"Small Slimes","floor":3,"turns":1},{"damage":13,"enemies":"3 Louse","floor":4,"turns":5},{"damage":11,"enemies":"Blue Slaver","floor":5,"turns":3},{"damage":1,"enemies":"Looter","floor":7,"turns":3},{"damage":8,"enemies":"Gremlin Nob","floor":11,"turns":3},{"damage":13,"enemies":"Hexaghost","floor":16,"turns":4}],"seed_played":"-5664782717603189745","potions_obtained":[{"floor":2,"key":"Dexterity Potion"},{"floor":5,"key":"SpeedPotion"},{"floor":7,"key":"AttackPotion"}],"is_trial":false,"path_per_floor":["M","M","M","M","M","R","M","?","T","$","E","?","R","$","R","B"],"character_chosen":"DEFECT","items_purchased":["Defragment","Darkness"],"campfire_rested":0,"item_purchase_floors":[10,14],"current_hp_per_floor":[64,64,64,51,40,40,39,18,18,18,10,10,10,10,10,0],"gold":36,"neow_bonus":"THREE_ENEMY_KILL","is_prod":false,"is_daily":false,"chose_seed":false,"campfire_upgraded":3,"win_rate":0,"timestamp":1569390682,"path_taken":["M","M","M","?","M","R","M","?","T","$","E","?","R","$","R","BOSS"],"build_version":"2019-09-24","purchased_purges":1,"victory":false,"max_hp_per_floor":[71,71,71,71,71,71,71,71,71,71,71,64,64,64,64,64],"card_choices":[{"not_picked":["Sweeping Beam","Redo"],"picked":"Lockon","floor":1},{"not_picked":["Genetic Algorithm","Leap"],"picked":"Turbo","floor":2},{"not_picked":["Fusion","Sweeping Beam"],"picked":"Turbo","floor":3},{"not_picked":["Cold Snap","Scrape"],"picked":"Ball Lightning","floor":4},{"not_picked":["Lockon","Ball Lightning"],"picked":"Leap","floor":5},{"not_picked":["Chaos","Barrage"],"picked":"Compile Driver","floor":7},{"not_picked":["Barrage","Steam"],"picked":"Fission","floor":11}],"player_experience":992286,"relics_obtained":[{"floor":11,"key":"Mercury Hourglass"}],"event_choices":[{"damage_healed":0,"gold_gain":0,"player_choice":"Entered Light","damage_taken":21,"max_hp_gain":0,"max_hp_loss":0,"event_name":"Shining Light","floor":8,"gold_loss":0,"cards_upgraded":["Dualcast","Lockon"]},{"damage_healed":0,"gold_gain":0,"player_choice":"Lose Max HP","damage_taken":0,"relics_obtained":["Golden Idol"],"max_hp_gain":0,"max_hp_loss":7,"event_name":"Golden Idol","floor":12,"gold_loss":0}],"is_beta":true,"boss_relics":[],"items_purged_floors":[10],"is_endless":false,"potions_floor_spawned":[2,5,7],"killed_by":"Hexaghost","ascension_level":20}