{"gold_per_floor":[217,236,236,201,216,216,243,263,289,289,299,299,326,346,346,449,449,461,461,481,496,496,496,506,522,546,561,561,581,599,617,617,714,714,730,730,743,8,22,22,22,42,42,17,17,30,30,43,43,43],"floor_reached":50,"playtime":5256,"items_purged":[],"score":558,"play_id":"19d0f119-d0af-4129-b79c-748509785581","local_time":"20181231161838","is_ascension_mode":true,"campfire_choices":[{"data":"Deadly Poison","floor":6,"key":"SMITH"},{"floor":10,"key":"REST"},{"floor":12,"key":"REST"},{"floor":15,"key":"REST"},{"floor":23,"key":"REST"},{"floor":28,"key":"REST"},{"floor":32,"key":"REST"},{"floor":40,"key":"REST"},{"floor":45,"key":"REST"},{"floor":47,"key":"REST"},{"floor":49,"key":"REST"}],"neow_cost":"NONE","seed_source_timestamp":854110425516980,"circlet_count":0,"master_deck":["Defend_G","Defend_G","Defend_G","Defend_G","Defend_G","Strike_G","Strike_G","Strike_G","Strike_G","Survivor","Neutralize","Deadly Poison+1","Slice","Slice","Sucker Punch","Underhanded Strike","PiercingWail","Deadly Poison","Heel Hook","Wraith Form v2","Well Laid Plans","Deadly Poison+1","PiercingWail+1","Noxious Fumes","Dagger Throw","Dodge and Roll","Crippling Poison","Noxious Fumes+1","Catalyst","PiercingWail","Unload","Masterful Stab","Madness","Madness","Dagger Spray","Poisoned Stab","Acrobatics","Deadly Poison","Bane+1","Parasite","Masterful Stab"],"relics":["Ring of the Snake","Vajra","Bag of Preparation","Blood Vial","Kunai","Fusion Hammer","Bronze Scales","Busted Crown","Lee\u0027s Waffle","Sundial","Ginger","Pocketwatch","Snake Skull"],"potions_floor_usage":[13,16,18,27,27,31,33,46,50],"damage_taken":[{"damage":0,"enemies":"Cultist","floor":1,"turns":5},{"damage":6,"enemies":"Small Slimes","floor":2,"turns":5},{"damage":2,"enemies":"Jaw Worm","floor":5,"turns":3},{"damage":38,"enemies":"Gremlin Nob","floor":7,"turns":5},{"damage":7,"enemies":"Gremlin Gang","floor":8,"turns":4},{"damage":3,"enemies":"Exordium Wildlife","floor":11,"turns":3},{"damage":22,"enemies":"Lagavulin","floor":13,"turns":6},{"damage":2,"enemies":"Lots of Slimes","floor":14,"turns":3},{"damage":29,"enemies":"Slime Boss","floor":16,"turns":12},{"damage":17,"enemies":"Shell Parasite","floor":18,"turns":4},{"damage":13,"enemies":"3 Byrds","floor":20,"turns":6},{"damage":19,"enemies":"3 Cultists","floor":21,"turns":6},{"damage":0,"enemies":"Chosen and Byrds","floor":24,"turns":6},{"damage":3,"enemies":"Shelled Parasite and Fungi","floor":25,"turns":4},{"damage":2,"enemies":"Snecko","floor":27,"turns":4},{"damage":11,"enemies":"Sentry and Sphere","floor":29,"turns":3},{"damage":27,"enemies":"Shelled Parasite and Fungi","floor":30,"turns":4},{"damage":3,"enemies":"Cultist and Chosen","floor":31,"turns":4},{"damage":27,"enemies":"Collector","floor":33,"turns":7},{"damage":11,"enemies":"Orb Walker","floor":35,"turns":4},{"damage":10,"enemies":"3 Shapes","floor":37,"turns":4},{"damage":2,"enemies":"Writhing Mass","floor":39,"turns":5},{"damage":35,"enemies":"3 Darklings","floor":42,"turns":5},{"damage":38,"enemies":"Transient","floor":46,"turns":5},{"damage":36,"enemies":"Writhing Mass","floor":48,"turns":5},{"damage":43,"enemies":"Awakened One","floor":50,"turns":9}],"seed_played":"-9176325242210725715","potions_obtained":[{"floor":7,"key":"SpeedPotion"},{"floor":8,"key":"GamblersBrew"},{"floor":11,"key":"Strength Potion"},{"floor":16,"key":"AttackPotion"},{"floor":21,"key":"Poison Potion"},{"floor":24,"key":"Weak Potion"},{"floor":29,"key":"Fire Potion"},{"floor":30,"key":"Energy Potion"},{"floor":39,"key":"LiquidBronze"},{"floor":42,"key":"Fire Potion"}],"is_trial":false,"path_per_floor":["M","M","?","?","M","R","E","M","T","R","M","R","E","M","R","B",null,"M","?","M","M","?","R","M","M","T","M","R","M","M","M","R","B",null,"M","?","M","$","M","R","?","M","T","$","R","M","R","M","R","B"],"character_chosen":"THE_SILENT","items_purchased":["Lee\u0027s Waffle","Sundial","Ginger","Deadly Poison"],"campfire_rested":10,"item_purchase_floors":[38,38,38,44],"current_hp_per_floor":[70,64,46,63,61,61,23,16,16,37,36,57,37,37,58,31,70,53,53,42,25,25,46,48,47,47,47,68,59,34,33,54,29,70,59,50,42,77,75,77,77,42,42,42,65,29,52,18,41,0],"gold":43,"neow_bonus":"HUNDRED_GOLD","is_prod":false,"is_daily":false,"chose_seed":false,"campfire_upgraded":1,"win_rate":0,"timestamp":1546265918,"path_taken":["M","?","?","?","M","R","E","M","T","R","M","R","E","M","R","BOSS","M","?","M","?","?","R","M","M","T","M","R","M","M","?","R","BOSS","M","?","M","$","M","R","?","M","T","$","R","M","R","M","R","BOSS"],"build_version":"2018-12-20","purchased_purges":0,"victory":false,"max_hp_per_floor":[70,70,70,70,70,70,70,70,70,70,70,70,70,70,70,70,70,70,70,70,70,70,70,70,70,70,70,70,70,70,70,70,70,70,70,70,70,77,77,77,77,77,77,77,77,77,77,77,77,77],"card_choices":[{"not_picked":["Bane","Accuracy"],"picked":"Deadly Poison","floor":1},{"not_picked":["Sucker Punch","Predator"],"picked":"Slice","floor":2},{"not_picked":["Blade Dance","Caltrops"],"picked":"Slice","floor":5},{"not_picked":["Tools of the Trade","Dodge and Roll"],"picked":"Sucker Punch","floor":7},{"not_picked":["Sucker Punch","Dagger Throw"],"picked":"Underhanded Strike","floor":8},{"not_picked":["Backflip","Dash"],"picked":"PiercingWail","floor":11},{"not_picked":["Blade Dance","Concentrate"],"picked":"Deadly Poison","floor":13},{"not_picked":["Calculated Gamble","Quick Slash"],"picked":"Heel Hook","floor":14},{"not_picked":["Tools of the Trade","Malaise"],"picked":"Wraith Form v2","floor":16},{"not_picked":["Deflect","PiercingWail"],"picked":"Well Laid Plans","floor":18},{"not_picked":["Concentrate","Underhanded Strike+1"],"picked":"PiercingWail+1","floor":20},{"not_picked":["Distraction+1","Dagger Throw+1"],"picked":"Noxious Fumes","floor":21},{"not_picked":["Dodge and Roll","Setup"],"picked":"Dagger Throw","floor":24},{"not_picked":["Eviscerate","Calculated Gamble"],"picked":"Dodge and Roll","floor":25},{"not_picked":["Calculated Gamble+1","Dagger Throw"],"picked":"Crippling Poison","floor":27},{"not_picked":["Outmaneuver","Acrobatics"],"picked":"Noxious Fumes+1","floor":29},{"not_picked":["Distraction","Accuracy"],"picked":"Catalyst","floor":30},{"not_picked":["Dodge and Roll","Slice"],"picked":"PiercingWail","floor":31},{"not_picked":["Storm of Steel","Doppelganger"],"picked":"Unload","floor":33},{"not_picked":[],"picked":"Masterful Stab","floor":35},{"not_picked":[],"picked":"Dagger Spray","floor":37},{"not_picked":[],"picked":"Poisoned Stab","floor":39},{"not_picked":[],"picked":"Acrobatics","floor":42},{"not_picked":[],"picked":"Bane+1","floor":46},{"not_picked":[],"picked":"Masterful Stab","floor":48}],"player_experience":85238,"relics_obtained":[{"floor":7,"key":"Bag of Preparation"},{"floor":9,"key":"Blood Vial"},{"floor":13,"key":"Kunai"},{"floor":26,"key":"Bronze Scales"},{"floor":43,"key":"Snake Skull"}],"event_choices":[{"damage_healed":0,"gold_gain":0,"player_choice":"Success","damage_taken":18,"relics_obtained":["Vajra"],"max_hp_gain":0,"max_hp_loss":0,"event_name":"Scrap Ooze","floor":3,"gold_loss":0},{"damage_healed":17,"gold_gain":0,"player_choice":"Healed","damage_taken":0,"max_hp_gain":0,"max_hp_loss":0,"event_name":"The Cleric","floor":4,"gold_loss":35},{"damage_healed":0,"gold_gain":0,"player_choice":"Copied","damage_taken":0,"max_hp_gain":0,"max_hp_loss":0,"event_name":"Duplicator","floor":19,"gold_loss":0,"cards_obtained":["Deadly Poison"]},{"cards_removed":["Strike_G"],"damage_healed":0,"gold_gain":0,"player_choice":"Offered Basic","damage_taken":0,"max_hp_gain":0,"max_hp_loss":0,"event_name":"Bonfire Elementals","floor":22,"gold_loss":0},{"damage_healed":0,"gold_gain":0,"player_choice":"Embrace Madness","damage_taken":9,"max_hp_gain":0,"max_hp_loss":0,"event_name":"Winding Halls","floor":36,"gold_loss":0,"cards_obtained":["Madness","Madness"]},{"damage_healed":0,"gold_gain":0,"player_choice":"Gave Potion","damage_taken":0,"relics_obtained":["Pocketwatch"],"max_hp_gain":0,"max_hp_loss":0,"event_name":"WeMeetAgain","floor":41,"gold_loss":0}],"is_beta":false,"boss_relics":[{"not_picked":["Pandora\u0027s Box","Orrery"],"picked":"Fusion Hammer"},{"not_picked":["Snecko Eye","Calling Bell"],"picked":"Busted Crown"}],"items_purged_floors":[],"is_endless":false,"potions_floor_spawned":[7,8,11,16,21,24,29,30,39,42],"killed_by":"Awakened One","ascension_level":2}