{"gold_per_floor":[118,133,133,148,75,101,101,130,130,130,130,56,56,69,69,173,173,189,202,202,220,220,220,220,220,247,247,247,272,74,92,92,191,191,210,224,138,238,238,238,264,364,387,407,407,426,443,443,443,443],"floor_reached":50,"playtime":2533,"items_purged":[],"score":548,"play_id":"d3b32f1f-dd36-4f71-95fc-f108197342d2","local_time":"20191007131925","is_ascension_mode":true,"campfire_choices":[{"floor":7,"key":"REST"},{"floor":11,"key":"REST"},{"floor":13,"key":"REST"},{"floor":15,"key":"REST"},{"floor":23,"key":"REST"},{"data":"Accuracy","floor":25,"key":"SMITH"},{"data":"Footwork","floor":27,"key":"SMITH"},{"floor":32,"key":"REST"},{"floor":40,"key":"REST"},{"floor":49,"key":"REST"}],"neow_cost":"NONE","seed_source_timestamp":183894057629500,"circlet_count":0,"master_deck":["Strike_G+1","Strike_G+1","Strike_G+1","Defend_G+1","Defend_G+1","Defend_G+1","Defend_G+1","Defend_G+1","Survivor","Neutralize","Backstab","Accuracy+1","Caltrops","Footwork+1","Noxious Fumes","Footwork","Accuracy+1","Cloak And Dagger","After Image","Backflip","Blade Dance","Caltrops","Deflect+1","Blade Dance+1","A Thousand Cuts","Infinite Blades+1","Dodge and Roll+1","Good Instincts+1","Blur+1","Finisher+1","Parasite","Distraction+1","Forethought+1"],"relics":["Ring of the Snake","NeowsBlessing","Paper Crane","Mercury Hourglass","Kunai","Lizard Tail","Snake Skull","Toxic Egg 2","TwistedFunnel","Empty Cage","StoneCalendar","Ninja Scroll","Bronze Scales"],"potions_floor_usage":[6,19,33,33,41,45,47],"damage_taken":[{"damage":0,"enemies":"Small Slimes","floor":1,"turns":1},{"damage":0,"enemies":"Cultist","floor":2,"turns":1},{"damage":0,"enemies":"Jaw Worm","floor":4,"turns":1},{"damage":31,"enemies":"Lagavulin","floor":6,"turns":11},{"damage":45,"enemies":"Gremlin Nob","floor":8,"turns":7},{"damage":10,"enemies":"Blue Slaver","floor":14,"turns":4},{"damage":35,"enemies":"Slime Boss","floor":16,"turns":11},{"damage":2,"enemies":"Shell Parasite","floor":18,"turns":7},{"damage":1,"enemies":"Spheric Guardian","floor":19,"turns":7},{"damage":21,"enemies":"Shelled Parasite and Fungi","floor":21,"turns":8},{"damage":32,"enemies":"Book of Stabbing","floor":29,"turns":7},{"damage":16,"enemies":"Snecko","floor":31,"turns":5},{"damage":17,"enemies":"Collector","floor":33,"turns":10},{"damage":44,"enemies":"3 Darklings","floor":35,"turns":6},{"damage":6,"enemies":"Orb Walker","floor":36,"turns":4},{"damage":0,"enemies":"Mind Bloom Boss Battle","floor":38,"turns":6},{"damage":54,"enemies":"Nemesis","floor":41,"turns":7},{"damage":26,"enemies":"Spire Growth","floor":44,"turns":6},{"damage":0,"enemies":"Maw","floor":45,"turns":2},{"damage":1,"enemies":"Writhing Mass","floor":46,"turns":7},{"damage":6,"enemies":"Spire Growth","floor":47,"turns":7},{"damage":27,"enemies":"Time Eater","floor":50,"turns":3}],"seed_played":"-1616576549479344518","potions_obtained":[{"floor":4,"key":"Poison Potion"},{"floor":6,"key":"SmokeBomb"},{"floor":14,"key":"Energy Potion"},{"floor":16,"key":"Dexterity Potion"},{"floor":19,"key":"Strength Potion"},{"floor":33,"key":"Energy Potion"},{"floor":36,"key":"SteroidPotion"},{"floor":44,"key":"Swift Potion"},{"floor":46,"key":"Weak Potion"}],"is_trial":false,"path_per_floor":["M","M","?","M","$","E","R","E","T","T","R","$","R","M","R","B",null,"M","M","?","M","?","R","?","R","T","R","?","E","$","M","R","B",null,"M","M","$","?","?","R","E","?","T","M","M","M","M","?","R","B"],"character_chosen":"THE_SILENT","items_purchased":["Footwork","Accuracy","TwistedFunnel","Good Instincts+1"],"campfire_rested":8,"item_purchase_floors":[5,12,30,37],"current_hp_per_floor":[70,70,70,70,70,39,60,15,15,15,36,36,57,47,68,33,70,68,67,67,46,46,67,67,67,67,67,67,35,35,19,40,23,70,26,20,20,20,20,41,35,35,35,9,9,8,2,2,23,0],"gold":443,"neow_bonus":"THREE_ENEMY_KILL","is_prod":false,"is_daily":false,"chose_seed":false,"campfire_upgraded":2,"win_rate":0,"timestamp":1570447165,"path_taken":["M","M","?","?","$","E","R","E","T","?","R","$","R","?","R","BOSS","M","M","?","M","?","R","?","R","T","R","?","E","$","?","R","BOSS","M","M","$","?","?","R","E","?","T","M","M","?","M","?","R","BOSS"],"build_version":"2019-07-17","purchased_purges":0,"victory":false,"max_hp_per_floor":[70,70,70,70,70,70,70,70,70,70,70,70,70,70,70,70,70,70,70,70,70,70,70,70,70,70,70,70,70,70,70,70,70,70,70,70,70,70,70,70,70,70,70,70,70,70,70,70,70,70],"card_choices":[{"not_picked":["Underhanded Strike","Dagger Throw"],"picked":"Backstab","floor":1},{"not_picked":["Cloak And Dagger","Deadly Poison"],"picked":"Accuracy","floor":2},{"not_picked":["Dodge and Roll","Acrobatics"],"picked":"Caltrops","floor":4},{"not_picked":["Dagger Spray","Dagger Throw"],"picked":"Noxious Fumes","floor":6},{"not_picked":["Well Laid Plans","Setup"],"picked":"Footwork","floor":8},{"not_picked":["Dagger Throw","All Out Attack"],"picked":"Cloak And Dagger","floor":14},{"not_picked":["Night Terror","Grand Finale"],"picked":"After Image","floor":16},{"not_picked":["Outmaneuver","PiercingWail+1","Dodge and Roll"],"picked":"SKIP","floor":18},{"not_picked":["Heel Hook","Poisoned Stab+1"],"picked":"Backflip","floor":19},{"not_picked":["Reflex","Dagger Spray+1"],"picked":"Caltrops","floor":21},{"not_picked":["Prepared","Dagger Spray"],"picked":"Deflect+1","floor":29},{"not_picked":["Quick Slash","Concentrate+1"],"picked":"Blade Dance+1","floor":31},{"not_picked":["Envenom","Malaise+1"],"picked":"A Thousand Cuts","floor":33},{"not_picked":["Eviscerate+1","Caltrops"],"picked":"Infinite Blades+1","floor":35},{"not_picked":["Catalyst+1","Dagger Spray+1"],"picked":"Dodge and Roll+1","floor":36},{"not_picked":["Poisoned Stab+1","Well Laid Plans+1"],"picked":"Blur+1","floor":38},{"not_picked":["Caltrops+1","Deflect+1"],"picked":"Finisher+1","floor":41},{"not_picked":["Caltrops+1","Quick Slash+1","Crippling Poison+1"],"picked":"SKIP","floor":44},{"not_picked":["Accuracy","Underhanded Strike","Predator+1"],"picked":"SKIP","floor":46},{"not_picked":["Expertise+1","Sucker Punch+1"],"picked":"Distraction+1","floor":47},{"not_picked":["Mind Blast","Jack Of All Trades+1"],"picked":"Forethought+1","floor":48}],"player_experience":253098,"relics_obtained":[{"floor":6,"key":"Paper Crane"},{"floor":8,"key":"Mercury Hourglass"},{"floor":10,"key":"Kunai"},{"floor":26,"key":"Snake Skull"},{"floor":29,"key":"Toxic Egg 2"},{"floor":38,"key":"StoneCalendar"},{"floor":41,"key":"Ninja Scroll"},{"floor":43,"key":"Bronze Scales"}],"event_choices":[{"damage_healed":0,"gold_gain":0,"player_choice":"Ignored","damage_taken":0,"max_hp_gain":0,"max_hp_loss":0,"event_name":"Transmorgrifier","floor":3,"gold_loss":0},{"damage_healed":0,"gold_gain":0,"player_choice":"Read","damage_taken":0,"max_hp_gain":0,"max_hp_loss":0,"event_name":"The Library","floor":20,"gold_loss":0,"cards_obtained":["Blade Dance"]},{"damage_healed":0,"gold_gain":0,"player_choice":"Ignored","damage_taken":0,"max_hp_gain":0,"max_hp_loss":0,"event_name":"Ghosts","floor":22,"gold_loss":0},{"damage_healed":0,"gold_gain":0,"player_choice":"Simplicity","damage_taken":0,"max_hp_gain":0,"max_hp_loss":0,"event_name":"Back to Basics","floor":24,"gold_loss":0,"cards_upgraded":["Strike_G","Strike_G","Strike_G","Strike_G","Strike_G","Defend_G","Defend_G","Defend_G","Defend_G","Defend_G"]},{"damage_healed":0,"gold_gain":0,"player_choice":"Upgraded","damage_taken":0,"max_hp_gain":0,"max_hp_loss":0,"event_name":"Upgrade Shrine","floor":28,"gold_loss":0,"cards_upgraded":["Accuracy"]},{"damage_healed":0,"gold_gain":0,"player_choice":"Fight","damage_taken":0,"max_hp_gain":0,"max_hp_loss":0,"event_name":"MindBloom","floor":38,"gold_loss":0},{"damage_healed":0,"gold_gain":0,"player_choice":"Ignored","damage_taken":0,"max_hp_gain":0,"max_hp_loss":0,"event_name":"Tomb of Lord Red Mask","floor":39,"gold_loss":0},{"damage_healed":0,"gold_gain":100,"player_choice":"Pray","damage_taken":0,"max_hp_gain":0,"max_hp_loss":0,"event_name":"Golden Shrine","floor":42,"gold_loss":0},{"damage_healed":0,"gold_gain":0,"player_choice":"Memory 1","damage_taken":0,"max_hp_gain":0,"max_hp_loss":0,"event_name":"SensoryStone","floor":48,"gold_loss":0}],"is_beta":false,"boss_relics":[{"not_picked":["Tiny House","Snecko Eye"],"picked":"Lizard Tail"},{"not_picked":["Runic Pyramid","Eternal Feather"],"picked":"Empty Cage"}],"items_purged_floors":[],"is_endless":false,"potions_floor_spawned":[4,6,14,16,19,33,36,44,45,46],"killed_by":"Time Eater","ascension_level":2}