{"gold_per_floor":[113,38,51,63,63,63,93,93,169,196,196,214,228,262,262,336,336,294,344,127,127,141,141,141],"floor_reached":24,"playtime":603,"items_purged":["Strike_R","Strike_R"],"score":428,"play_id":"2cdbf643-f128-4e0e-b67a-f76aab629739","local_time":"20191003150707","is_ascension_mode":true,"campfire_choices":[{"data":"Carnage","floor":6.0,"key":"SMITH"},{"data":"Body Slam","floor":8.0,"key":"SMITH"},{"data":"Armaments","floor":11.0,"key":"SMITH"},{"data":"Fire Breathing","floor":15.0,"key":"SMITH"},{"floor":23,"key":"REST"}],"neow_cost":"NONE","seed_source_timestamp":946477900657635,"circlet_count":0,"master_deck":["AscendersBane","Strike_R","Defend_R","Defend_R","Defend_R","Defend_R","Bash","Body Slam+1","Carnage+1","Feel No Pain","Armaments+1","Fire Breathing+1","Dark Embrace"],"special_seed":0,"relics":["Burning Blood","NeowsBlessing","Bag of Preparation","Shuriken","Boot","Smiling Mask","Empty Cage","Membership Card"],"potions_floor_usage":[22,22,22,24],"damage_taken":[{"damage":0.0,"enemies":"Cultist","floor":1.0,"turns":1.0},{"damage":0.0,"enemies":"Jaw Worm","floor":3.0,"turns":1.0},{"damage":0.0,"enemies":"Small Slimes","floor":4.0,"turns":2.0},{"damage":35.0,"enemies":"Lagavulin","floor":7.0,"turns":6.0},{"damage":28.0,"enemies":"Gremlin Nob","floor":10.0,"turns":4.0},{"damage":1.0,"enemies":"Red Slaver","floor":12.0,"turns":3.0},{"damage":5.0,"enemies":"Large Slime","floor":13.0,"turns":8.0},{"damage":5.0,"enemies":"3 Sentries","floor":14.0,"turns":6.0},{"damage":21.0,"enemies":"Slime Boss","floor":16.0,"turns":7.0},{"damage":36.0,"enemies":"2 Thieves","floor":18.0,"turns":5.0},{"damage":9,"enemies":"3 Byrds","floor":22,"turns":7},{"damage":29,"enemies":"Book of Stabbing","floor":24,"turns":4}],"seed_played":"-8794790874334631336","potions_obtained":[{"floor":1.0,"key":"ElixirPotion"},{"floor":3.0,"key":"Regen Potion"},{"floor":7.0,"key":"Explosive Potion"},{"floor":12.0,"key":"ElixirPotion"},{"floor":16.0,"key":"AttackPotion"},{"floor":18.0,"key":"EntropicBrew"}],"is_trial":false,"path_per_floor":["M","$","M","M","$","R","E","R","T","E","R","M","M","E","R","B",null,"M","?","$","?","M","R","E"],"character_chosen":"IRONCLAD","items_purchased":["Membership Card"],"campfire_rested":1,"item_purchase_floors":[20],"current_hp_per_floor":[74,74,75,75,75,75,46,46,46,24,24,29,30,31,31,31,64,34,34,34,23,20,42,13],"gold":141,"neow_bonus":"THREE_ENEMY_KILL","is_prod":false,"is_daily":false,"chose_seed":false,"campfire_upgraded":4,"win_rate":0,"timestamp":1570086427,"path_taken":["M","$","M","?","$","R","E","R","T","E","R","M","M","E","R","BOSS","M","?","$","?","?","R","E"],"build_version":"2019-10-02","purchased_purges":2,"victory":false,"max_hp_per_floor":[75,75,75,75,75,75,75,75,75,75,75,75,75,75,75,75,75,75,75,75,75,75,75,75],"card_choices":[{"not_picked":["Shockwave","Feel No Pain"],"picked":"Body Slam","floor":1.0},{"not_picked":["Body Slam","Wild Strike"],"picked":"Carnage","floor":3.0},{"not_picked":["Pummel","Spot Weakness"],"picked":"Feel No Pain","floor":4.0},{"not_picked":["Entrench","Clothesline","Sword Boomerang"],"picked":"SKIP","floor":7.0},{"not_picked":["Headbutt","Juggernaut"],"picked":"Armaments","floor":10.0},{"not_picked":["Iron Wave","Headbutt","Uppercut"],"picked":"SKIP","floor":12.0},{"not_picked":["Shrug It Off","Havoc"],"picked":"Fire Breathing","floor":13.0},{"not_picked":["Flex","Cleave","Headbutt"],"picked":"SKIP","floor":14.0},{"not_picked":["Juggernaut","Demon Form"],"picked":"Dark Embrace","floor":16.0},{"not_picked":["Whirlwind","Twin Strike","Warcry"],"picked":"SKIP","floor":18.0},{"not_picked":["Warcry","Body Slam","Clothesline"],"picked":"SKIP","floor":22}],"player_experience":1053367,"relics_obtained":[{"floor":7.0,"key":"Bag of Preparation"},{"floor":9.0,"key":"Shuriken"},{"floor":10.0,"key":"Boot"},{"floor":14.0,"key":"Smiling Mask"}],"event_choices":[{"damage_healed":0.0,"max_hp_gain":0.0,"max_hp_loss":0.0,"gold_gain":50.0,"event_name":"Nest","player_choice":"Stole From Cult","floor":19.0,"gold_loss":0.0,"damage_taken":0.0},{"damage_healed":0.0,"max_hp_gain":0.0,"max_hp_loss":0.0,"gold_gain":0.0,"event_name":"Wheel of Change","player_choice":"Damaged","floor":21.0,"gold_loss":0.0,"damage_taken":11.0}],"is_beta":true,"boss_relics":[{"not_picked":["Runic Cube","Runic Dome"],"picked":"Empty Cage"}],"items_purged_floors":[2,20],"is_endless":false,"potions_floor_spawned":[1,3,7,10,12,16,18],"killed_by":"Book of Stabbing","ascension_level":20}