{"gold_per_floor":[116,116,191,72,90,115,66,66,136,136,170,184,210,72,72,177,477,490,105,155,72,72,72,87,87,87,122,134,59,13,27,27,27],"floor_reached":33,"playtime":2060,"items_purged":["Regret"],"score":321,"play_id":"f483643a-416d-41b7-813d-62e24298cb96","local_time":"20190115002802","is_ascension_mode":true,"campfire_choices":[{"floor":8,"key":"REST"},{"floor":10,"key":"REST"},{"floor":15,"key":"REST"},{"data":"Dark Shackles","floor":23,"key":"SMITH"},{"data":"Envenom","floor":25,"key":"SMITH"},{"floor":32,"key":"REST"}],"neow_cost":"NONE","seed_source_timestamp":93557886168064,"circlet_count":0,"master_deck":["Defend_G","Defend_G","Defend_G","Defend_G","Defend_G","Strike_G","Strike_G","Strike_G","Strike_G","Strike_G","Survivor","Neutralize","Riddle With Holes","Bandage Up","Crippling Poison","Deadly Poison","Noxious Fumes","Catalyst","Prepared","Endless Agony+1","Envenom+1","Parasite","Deadly Poison+1","Dark Shackles+1","Leg Sweep","Dramatic Entrance+1","Noxious Fumes","Dagger Spray+1","Poisoned Stab+1","Cloak And Dagger","Blur"],"relics":["Ring of the Snake","Happy Flower","Molten Egg 2","Regal Pillow","Oddly Smooth Stone","Mercury Hourglass","Calling Bell","Bag of Marbles","Ornamental Fan","Old Coin","Lantern","Gremlin Horn","Unceasing Top"],"potions_floor_usage":[6,13,13,27,27],"damage_taken":[{"damage":0,"enemies":"Small Slimes","floor":1,"turns":3},{"damage":0,"enemies":"Jaw Worm","floor":5,"turns":4},{"damage":52,"enemies":"Gremlin Nob","floor":6,"turns":5},{"damage":32,"enemies":"Lagavulin","floor":11,"turns":7},{"damage":4,"enemies":"Cultist","floor":12,"turns":3},{"damage":29,"enemies":"3 Sentries","floor":13,"turns":7},{"damage":6,"enemies":"The Guardian","floor":16,"turns":8},{"damage":15,"enemies":"3 Byrds","floor":18,"turns":5},{"damage":3,"enemies":"Spheric Guardian","floor":24,"turns":5},{"damage":45,"enemies":"Book of Stabbing","floor":27,"turns":7},{"damage":30,"enemies":"Snake Plant","floor":28,"turns":4},{"damage":0,"enemies":"3 Cultists","floor":31,"turns":4},{"damage":68,"enemies":"Collector","floor":33,"turns":5}],"seed_played":"533495862618849077","potions_obtained":[{"floor":1,"key":"Swift Potion"},{"floor":5,"key":"EssenceOfSteel"},{"floor":11,"key":"Poison Potion"},{"floor":18,"key":"EssenceOfSteel"},{"floor":28,"key":"Ancient Potion"}],"is_trial":false,"path_per_floor":["M","?","?","$","M","E","$","R","T","R","E","M","E","?","R","B",null,"M","$","?","$","$","R","M","R","T","E","M","?","$","M","R","B"],"character_chosen":"THE_SILENT","items_purchased":["Bandage Up","Crippling Poison","Energy Potion","Dark Shackles","Lantern","Leg Sweep","Dramatic Entrance+1","Cloak And Dagger"],"campfire_rested":4,"item_purchase_floors":[4,4,7,19,19,19,21,30],"current_hp_per_floor":[77,82,71,71,75,27,27,51,51,75,47,47,22,22,61,59,82,69,69,69,69,69,69,70,70,70,29,3,3,3,7,46,0],"gold":27,"neow_bonus":"TEN_PERCENT_HP_BONUS","is_prod":false,"is_daily":false,"chose_seed":false,"campfire_upgraded":2,"win_rate":0,"timestamp":1547504882,"path_taken":["M","?","?","$","M","E","?","R","T","R","E","?","E","?","R","BOSS","M","$","?","?","$","R","M","R","T","E","M","?","?","M","R","BOSS"],"build_version":"2019-01-10","purchased_purges":1,"victory":false,"max_hp_per_floor":[77,82,82,82,82,82,82,82,82,82,82,82,82,82,82,82,82,82,82,82,82,82,82,82,82,82,82,82,82,82,82,82,82],"card_choices":[{"not_picked":["Distraction","Predator"],"picked":"Riddle With Holes","floor":1},{"not_picked":["Choke","Masterful Stab"],"picked":"Deadly Poison","floor":5},{"not_picked":["Caltrops","Skewer"],"picked":"Noxious Fumes","floor":6},{"not_picked":["Dodge and Roll","Envenom"],"picked":"Catalyst","floor":11},{"not_picked":["Skewer+1","Dagger Spray+1"],"picked":"Prepared","floor":12},{"not_picked":["Setup","Caltrops"],"picked":"Endless Agony+1","floor":13},{"not_picked":["Die Die Die+1","Storm of Steel"],"picked":"Envenom","floor":16},{"not_picked":["Heel Hook+1","Flying Knee+1"],"picked":"Deadly Poison+1","floor":18},{"not_picked":["Prepared","All Out Attack+1"],"picked":"Noxious Fumes","floor":24},{"not_picked":["Acrobatics","Blade Dance"],"picked":"Dagger Spray+1","floor":27},{"not_picked":["Blade Dance","Slice+1"],"picked":"Poisoned Stab+1","floor":28},{"not_picked":["Prepared+1","Catalyst"],"picked":"Blur","floor":31}],"player_experience":134883,"relics_obtained":[{"floor":6,"key":"Happy Flower"},{"floor":9,"key":"Molten Egg 2"},{"floor":11,"key":"Regal Pillow"},{"floor":13,"key":"Oddly Smooth Stone"},{"floor":17,"key":"Bag of Marbles"},{"floor":17,"key":"Ornamental Fan"},{"floor":17,"key":"Old Coin"},{"floor":26,"key":"Gremlin Horn"},{"floor":27,"key":"Unceasing Top"}],"event_choices":[{"damage_healed":0,"gold_gain":0,"player_choice":"Donut","damage_taken":0,"max_hp_gain":5,"max_hp_loss":0,"event_name":"Big Fish","floor":2,"gold_loss":0},{"damage_healed":0,"gold_gain":75,"player_choice":"Gather Gold","damage_taken":11,"max_hp_gain":0,"max_hp_loss":0,"event_name":"World of Goop","floor":3,"gold_loss":0},{"damage_healed":0,"gold_gain":0,"player_choice":"Paid Gold","damage_taken":0,"relics_obtained":["Mercury Hourglass"],"max_hp_gain":0,"max_hp_loss":0,"event_name":"WeMeetAgain","floor":14,"gold_loss":138},{"damage_healed":0,"gold_gain":100,"player_choice":"Bet on Murderer","damage_taken":0,"max_hp_gain":0,"max_hp_loss":0,"event_name":"The Joust","floor":20,"gold_loss":50},{"cards_removed":["Decay"],"damage_healed":0,"gold_gain":0,"player_choice":"Gave Gold","damage_taken":0,"max_hp_gain":0,"max_hp_loss":0,"event_name":"Beggar","floor":29,"gold_loss":75}],"is_beta":false,"boss_relics":[{"not_picked":["Runic Dome","Cursed Key"],"picked":"Calling Bell"}],"items_purged_floors":[19],"is_endless":false,"potions_floor_spawned":[1,5,11,18,28],"killed_by":"Collector","ascension_level":3}