{"gold_per_floor":[112,123,123,173,193,193,193,210,210,210,51,68,68,85,85,158,158,178,196,246,246],"floor_reached":21,"playtime":465,"items_purged":[],"score":442,"play_id":"c032f579-d02f-46c9-b529-7ffb4f65464c","local_time":"20191017142001","is_ascension_mode":true,"campfire_choices":[{"floor":6,"key":"REST"},{"data":"Dualcast","floor":10,"key":"SMITH"},{"data":"Consume","floor":13,"key":"SMITH"},{"data":"Defragment","floor":15,"key":"SMITH"}],"neow_cost":"PERCENT_DAMAGE","seed_source_timestamp":522574438818495,"circlet_count":0,"master_deck":["AscendersBane","Strike_B+1","Strike_B","Strike_B","Strike_B","Defend_B","Defend_B","Defend_B","Defend_B","Zap+1","Dualcast+1","Capacitor+1","Cold Snap","Glacier","Conserve Battery","Defragment+1","Consume+1","Loop","Buffer","Heatsinks"],"relics":["Cracked Core","Girya","Vajra","Philosopher\u0027s Stone"],"potions_floor_usage":[16,21],"damage_taken":[{"damage":3,"enemies":"2 Louse","floor":1,"turns":3},{"damage":2,"enemies":"Cultist","floor":2,"turns":4},{"damage":2,"enemies":"Jaw Worm","floor":5,"turns":3},{"damage":6,"enemies":"2 Fungi Beasts","floor":8,"turns":4},{"damage":9,"enemies":"Large Slime","floor":12,"turns":6},{"damage":4,"enemies":"Red Slaver","floor":14,"turns":5},{"damage":0,"enemies":"Slime Boss","floor":16,"turns":9},{"damage":44,"enemies":"3 Byrds","floor":18,"turns":6},{"damage":2,"enemies":"Spheric Guardian","floor":19,"turns":5},{"damage":21,"enemies":"Masked Bandits","floor":21,"turns":2}],"seed_played":"3560823257090495955","potions_obtained":[{"floor":14,"key":"Fire Potion"},{"floor":16,"key":"Strength Potion"},{"floor":19,"key":"LiquidBronze"}],"is_trial":false,"path_per_floor":["M","M","?","?","M","R","?","M","T","R","$","M","R","M","R","B",null,"M","M","?","?"],"character_chosen":"DEFECT","items_purchased":["Defragment","Consume"],"campfire_rested":1,"item_purchase_floors":[11,11],"current_hp_per_floor":[43,41,20,13,11,32,32,26,26,26,26,17,17,13,13,13,57,13,11,11,0],"gold":246,"neow_bonus":"ONE_RARE_RELIC","is_prod":false,"is_daily":false,"chose_seed":false,"campfire_upgraded":3,"win_rate":0,"timestamp":1571293201,"path_taken":["M","M","?","?","?","R","?","M","T","R","$","M","R","M","R","BOSS","M","M","?","?"],"build_version":"2019-10-16","purchased_purges":0,"victory":false,"max_hp_per_floor":[71,71,71,71,71,71,71,71,71,71,71,71,71,71,71,71,71,71,71,71,71],"card_choices":[{"not_picked":["Hologram","Gash"],"picked":"Capacitor","floor":1},{"not_picked":["Go for the Eyes","Rebound"],"picked":"Cold Snap","floor":2},{"not_picked":["Aggregate","FTL"],"picked":"Glacier","floor":5},{"not_picked":["Barrage","Storm"],"picked":"Conserve Battery","floor":8},{"not_picked":["Sweeping Beam","Capacitor","Conserve Battery"],"picked":"SKIP","floor":12},{"not_picked":["Thunder Strike","Leap"],"picked":"Loop","floor":14},{"not_picked":["Hyperbeam","Biased Cognition"],"picked":"Buffer","floor":16},{"not_picked":["Turbo","Stack"],"picked":"Heatsinks","floor":18},{"not_picked":["Beam Cell","Barrage","Loop"],"picked":"SKIP","floor":19}],"player_experience":1099118,"relics_obtained":[{"floor":9,"key":"Vajra"}],"event_choices":[{"damage_healed":0,"gold_gain":0,"player_choice":"Entered Light","damage_taken":21,"max_hp_gain":0,"max_hp_loss":0,"event_name":"Shining Light","floor":3,"gold_loss":0,"cards_upgraded":["Strike_B","Capacitor"]},{"damage_healed":0,"gold_gain":50,"player_choice":"Touch","damage_taken":7,"max_hp_gain":0,"max_hp_loss":0,"event_name":"FaceTrader","floor":4,"gold_loss":0},{"damage_healed":0,"gold_gain":0,"player_choice":"Upgraded","damage_taken":0,"max_hp_gain":0,"max_hp_loss":0,"event_name":"Upgrade Shrine","floor":7,"gold_loss":0,"cards_upgraded":["Zap"]},{"damage_healed":0,"gold_gain":50,"player_choice":"Stole From Cult","damage_taken":0,"max_hp_gain":0,"max_hp_loss":0,"event_name":"Nest","floor":20,"gold_loss":0},{"damage_healed":0,"gold_gain":0,"player_choice":"Fought Bandits","damage_taken":0,"max_hp_gain":0,"max_hp_loss":0,"event_name":"Masked Bandits","floor":21,"gold_loss":0}],"is_beta":true,"boss_relics":[{"not_picked":["FrozenCore","Sozu"],"picked":"Philosopher\u0027s Stone"}],"items_purged_floors":[],"is_endless":false,"potions_floor_spawned":[14,16,19],"killed_by":"Masked Bandits","ascension_level":20}