{"path_per_floor":["M","?","?","?","M","R","M","R","T","$","?","M","R","M","R","B",null,"M","$","M","?","M","E","$","?","T","M"],"character_chosen":"THE_SILENT","items_purchased":["Bane","Outmaneuver"],"gold_per_floor":[109,109,109,89,99,99,115,115,115,13,13,28,28,42,42,139,169,179,57,74,74,91,125,0,0,57,77],"floor_reached":28,"campfire_rested":2,"playtime":2471,"current_hp_per_floor":[70,70,45,45,39,39,30,30,30,30,23,11,32,32,53,29,75,66,66,66,66,51,23,23,23,23,1],"items_purged":["Normality","Strike_G","Strike_G"],"gold":77,"play_id":"d96fbf48-a5ee-4cc9-bee4-dec7b22b1fe7","is_prod":false,"is_daily":false,"is_ascension_mode":false,"campfire_upgraded":2,"path_taken":["M","?","?","?","M","R","M","R","T","$","?","M","R","?","R","BOSS","M","$","M","?","?","E","$","?","T","?","M"],"build_version":"2018-01-25-PROD3","purchased_purges":3,"victory":false,"master_deck":["Defend_G","Defend_G","Defend_G","Defend_G","Defend_G","Strike_G","Survivor","Neutralize","Distraction+1","Noxious Fumes+1","Bane","Backflip","Adrenaline+1","Deadly Poison","Well Laid Plans+1","Outmaneuver","Backflip","After Image","Blur","Catalyst"],"max_hp_per_floor":[70,70,70,70,70,70,70,70,70,70,70,70,70,70,70,70,75,75,75,75,75,75,75,75,75,75,75],"relics":["Ring of the Snake","Prayer Wheel","Frozen Eye","Bottled Flame","Tiny House","Toxic Egg","Matryoshka","Tiny Chest","Frozen Egg"],"card_choices":[{"not_picked":["Prepared","Deflect"],"picked":"Distraction"},{"not_picked":["Dagger Throw","Outmaneuver"],"picked":"Noxious Fumes"},{"not_picked":["Predator","Sucker Punch"],"picked":"Backflip"},{"not_picked":["Burst","Venomology"],"picked":"Adrenaline"},{"not_picked":["Masterful Stab","Bane"],"picked":"Deadly Poison"},{"not_picked":["Heel Hook","Acrobatics"],"picked":"Well Laid Plans"},{"not_picked":["Escape Plan","Dagger Throw"],"picked":"Backflip"},{"not_picked":["Deflect","Masterful Stab"],"picked":"Blur"},{"not_picked":["All Out Attack","Deflect"],"picked":"Catalyst"}],"player_experience":43033,"potions_floor_usage":[16,23,23],"damage_taken":[{"damage":0,"enemies":"Small Slimes","floor":1,"turns":4},{"damage":6,"enemies":"Blue Slaver","floor":5,"turns":7},{"damage":9,"enemies":"Cultist","floor":7,"turns":4},{"damage":12,"enemies":"Exordium Thugs","floor":12,"turns":7},{"damage":0,"enemies":"Large Slime","floor":14,"turns":9},{"damage":24,"enemies":"The Guardian","floor":16,"turns":10},{"damage":9,"enemies":"Spheric Guardian","floor":18,"turns":5},{"damage":0,"enemies":"Chosen","floor":20,"turns":6},{"damage":15,"enemies":"3 Cultists","floor":22,"turns":7},{"damage":28,"enemies":"Slavers","floor":23,"turns":8},{"damage":22,"enemies":"Chosen and Byrds","floor":27,"turns":8},{"damage":3,"enemies":"Slaver and Parasite","floor":28,"turns":1}],"event_choices":[{"event_name":"Accursed Blacksmith","player_choice":"Rummage","floor":2,"damage_taken":0},{"event_name":"Scrap Ooze","player_choice":"success","floor":3,"damage_taken":25},{"event_name":"The Woman in Blue","player_choice":"Bought 1 Potion","floor":4,"damage_taken":0},{"event_name":"Golden Wing","player_choice":"Card Removal","floor":11,"damage_taken":0},{"event_name":"Transmorgrifier","player_choice":"Transform","floor":21,"damage_taken":0},{"event_name":"The Mausoleum","player_choice":"Yes","floor":25,"damage_taken":0}],"boss_relics":[{"not_picked":["Question Card","Eternal Feather"],"picked":"Tiny House"}],"potions_floor_spawned":[5,16,20],"seed_played":"-6369139868109274208","killed_by":"Slaver and Parasite","ascension_level":0,"is_trial":false}