{"gold_per_floor":[113,129,145,145,77,105,105,105,185,198,229,229],"floor_reached":12,"playtime":622,"items_purged":[],"score":97,"play_id":"30cb9d6c-a068-4c58-9d93-c97af14ec315","local_time":"20191007123039","is_ascension_mode":true,"campfire_choices":[{"data":"Infinite Blades","floor":7,"key":"SMITH"}],"neow_cost":"NONE","seed_source_timestamp":182878690320800,"circlet_count":0,"master_deck":["Strike_G","Strike_G+1","Strike_G+1","Strike_G","Strike_G","Defend_G","Defend_G","Defend_G","Defend_G","Defend_G","Survivor","Neutralize","Accuracy+1","Infinite Blades+1","Setup","Discovery","Noxious Fumes","Dodge and Roll"],"relics":["Ring of the Snake","Whetstone","Ninja Scroll","Mercury Hourglass"],"potions_floor_usage":[11],"damage_taken":[{"damage":0,"enemies":"Cultist","floor":1,"turns":3},{"damage":0,"enemies":"2 Louse","floor":2,"turns":4},{"damage":7,"enemies":"Small Slimes","floor":3,"turns":5},{"damage":31,"enemies":"3 Sentries","floor":6,"turns":11},{"damage":30,"enemies":"Gremlin Gang","floor":10,"turns":6},{"damage":1,"enemies":"Lagavulin","floor":11,"turns":5},{"damage":8,"enemies":"Lots of Slimes","floor":12,"turns":1}],"seed_played":"-6771025389139605171","potions_obtained":[{"floor":1,"key":"LiquidBronze"},{"floor":2,"key":"Block Potion"},{"floor":11,"key":"SneckoOil"}],"is_trial":false,"path_per_floor":["M","M","M","?","$","E","R","?","T","M","E","M"],"character_chosen":"THE_SILENT","items_purchased":["Infinite Blades"],"campfire_rested":0,"item_purchase_floors":[5],"current_hp_per_floor":[77,77,70,70,70,39,39,39,39,9,8,0],"gold":229,"neow_bonus":"TEN_PERCENT_HP_BONUS","is_prod":false,"is_daily":false,"chose_seed":false,"campfire_upgraded":1,"win_rate":0,"timestamp":1570444239,"path_taken":["M","?","M","?","$","E","R","?","T","?","E","M"],"build_version":"2019-07-17","purchased_purges":0,"victory":false,"max_hp_per_floor":[77,77,77,77,77,77,77,77,77,77,77,77],"card_choices":[{"not_picked":["Slice","Sucker Punch"],"picked":"Accuracy","floor":1},{"not_picked":["Concentrate","All Out Attack","Crippling Poison"],"picked":"SKIP","floor":2},{"not_picked":["Slice","Dagger Spray","Heel Hook"],"picked":"SKIP","floor":3},{"not_picked":["Dagger Spray","Sucker Punch","Poisoned Stab"],"picked":"SKIP","floor":6},{"not_picked":["Tools of the Trade","PiercingWail"],"picked":"Noxious Fumes","floor":10},{"not_picked":["Bouncing Flask","Quick Slash"],"picked":"Dodge and Roll","floor":11}],"player_experience":252106,"relics_obtained":[{"floor":6,"key":"Whetstone"},{"floor":9,"key":"Ninja Scroll"},{"floor":11,"key":"Mercury Hourglass"}],"event_choices":[{"damage_healed":0,"gold_gain":0,"player_choice":"Grow","damage_taken":0,"max_hp_gain":0,"max_hp_loss":0,"event_name":"Living Wall","floor":4,"gold_loss":0,"cards_upgraded":["Accuracy"]},{"damage_healed":0,"gold_gain":0,"player_choice":"2 cards matched","damage_taken":0,"max_hp_gain":0,"max_hp_loss":0,"event_name":"Match and Keep!","floor":8,"gold_loss":0,"cards_obtained":["Setup","Discovery"]}],"is_beta":false,"boss_relics":[],"items_purged_floors":[],"is_endless":false,"potions_floor_spawned":[1,2,11],"killed_by":"Lots of Slimes","ascension_level":2}