{"gold_per_floor":[99,99,99,99,99,99,99,99,99,99,99,31,31,31,31,31,31,31,31,31,31,31,31,31,31,31,31,31,31,31,31,31,31,31,31,31,31,31,31,31,31,31,31,31,31,31,31,31,31,31],"floor_reached":51,"playtime":4756,"items_purged":[],"score":787,"play_id":"91b5b98a-2471-4984-9108-c4f36f1113c8","local_time":"20191008134944","is_ascension_mode":true,"campfire_choices":[{"data":"Zap","floor":7,"key":"SMITH"},{"data":"Defragment","floor":13,"key":"SMITH"},{"data":"Darkness","floor":15,"key":"SMITH"},{"data":"Self Repair","floor":23,"key":"SMITH"},{"data":"Reinforced Body","floor":25,"key":"SMITH"},{"data":"Genetic Algorithm","floor":27,"key":"SMITH"},{"data":"Redo","floor":32,"key":"SMITH"},{"data":"Loop","floor":40,"key":"SMITH"},{"data":"Reinforced Body","floor":42,"key":"SMITH"},{"data":"1","floor":44,"key":"LIFT"},{"data":"2","floor":46,"key":"LIFT"},{"data":"Dualcast","floor":49,"key":"SMITH"}],"neow_cost":"NONE","seed_source_timestamp":243533151870600,"circlet_count":0,"master_deck":["Strike_B","Strike_B","Strike_B","Strike_B","Defend_B","Defend_B","Defend_B","Defend_B","Zap+1","Dualcast+1","Darkness+1","Chill","Redo+1","Self Repair+1","Cold Snap+1","Defragment+1","Echo Form","Reinforced Body+1","Compile Driver+1","Genetic Algorithm+1","Leap+1","FTL+1","Compile Driver+1","Reinforced Body+1","Core Surge+1","Capacitor+1","Loop+1","Parasite","Melter+1","Core Surge+1"],"relics":["Ectoplasm","Golden Idol","Molten Egg 2","Nunchaku","Mercury Hourglass","Nuclear Battery","MutagenicStrength","PreservedInsect","Dodecahedron","Runic Pyramid","Girya","Question Card","Torii"],"potions_floor_usage":[11,14,16,16,33,38,41,50],"damage_taken":[{"damage":1,"enemies":"Cultist","floor":1,"turns":4},{"damage":0,"enemies":"Small Slimes","floor":2,"turns":3},{"damage":2,"enemies":"Jaw Worm","floor":4,"turns":3},{"damage":15,"enemies":"3 Sentries","floor":6,"turns":9},{"damage":10,"enemies":"Lagavulin","floor":10,"turns":7},{"damage":11,"enemies":"Exordium Wildlife","floor":11,"turns":5},{"damage":0,"enemies":"2 Fungi Beasts","floor":14,"turns":3},{"damage":11,"enemies":"The Guardian","floor":16,"turns":9},{"damage":18,"enemies":"Spheric Guardian","floor":18,"turns":5},{"damage":12,"enemies":"3 Byrds","floor":20,"turns":4},{"damage":26,"enemies":"Snecko","floor":24,"turns":5},{"damage":50,"enemies":"Gremlin Leader","floor":28,"turns":9},{"damage":27,"enemies":"Chosen and Byrds","floor":29,"turns":8},{"damage":18,"enemies":"Centurion and Healer","floor":30,"turns":6},{"damage":0,"enemies":"Snecko","floor":31,"turns":7},{"damage":9,"enemies":"Champ","floor":33,"turns":10},{"damage":0,"enemies":"Orb Walker","floor":35,"turns":3},{"damage":1,"enemies":"3 Shapes","floor":36,"turns":4},{"damage":0,"enemies":"Sphere and 2 Shapes","floor":37,"turns":5},{"damage":14,"enemies":"2 Orb Walkers","floor":38,"turns":5},{"damage":38,"enemies":"Jaw Worm Horde","floor":39,"turns":6},{"damage":0,"enemies":"Writhing Mass","floor":41,"turns":7},{"damage":0,"enemies":"Reptomancer","floor":45,"turns":8},{"damage":0,"enemies":"Maw","floor":48,"turns":7},{"damage":11,"enemies":"Donu and Deca","floor":50,"turns":9}],"seed_played":"-7951556629564268838","potions_obtained":[{"floor":1,"key":"GamblersBrew"},{"floor":4,"key":"FearPotion"},{"floor":6,"key":"GamblersBrew"},{"floor":8,"key":"Fire Potion"},{"floor":11,"key":"Weak Potion"},{"floor":14,"key":"GamblersBrew"},{"floor":28,"key":"Dexterity Potion"},{"floor":30,"key":"Explosive Potion"},{"floor":33,"key":"Swift Potion"},{"floor":37,"key":"Poison Potion"},{"floor":41,"key":"Weak Potion"},{"floor":45,"key":"Regen Potion"}],"is_trial":false,"path_per_floor":["M","M","?","M","?","E","R","?","T","E","M","$","R","M","R","B",null,"M","?","M","?","?","R","M","R","T","R","E","M","M","M","R","B",null,"M","M","M","?","M","R","M","R","T","R","E","R","?","M","R","B",null],"character_chosen":"DEFECT","items_purchased":["Defragment"],"campfire_rested":0,"item_purchase_floors":[12],"current_hp_per_floor":[74,74,56,54,59,44,44,44,44,34,30,30,30,37,37,33,80,69,69,71,71,71,71,65,65,65,65,35,28,30,50,50,51,80,80,80,80,80,62,62,80,80,80,80,80,80,80,80,80,80],"gold":31,"neow_bonus":"BOSS_RELIC","is_prod":false,"is_daily":false,"chose_seed":false,"campfire_upgraded":10,"win_rate":0,"timestamp":1570564184,"path_taken":["M","M","?","M","?","E","R","?","T","E","?","$","R","?","R","BOSS","M","?","M","?","?","R","M","R","T","R","E","M","M","?","R","BOSS","M","M","M","?","M","R","M","R","T","R","E","R","?","M","R","BOSS"],"build_version":"2019-07-17","purchased_purges":0,"victory":true,"max_hp_per_floor":[75,75,75,75,80,80,80,80,80,80,80,80,80,80,80,80,80,80,80,80,80,80,80,80,80,80,80,80,80,80,80,80,80,80,80,80,80,80,80,80,80,80,80,80,80,80,80,80,80,80],"card_choices":[{"not_picked":["Conserve Battery","Barrage"],"picked":"Darkness","floor":1},{"not_picked":["Storm","Reinforced Body"],"picked":"Chill","floor":2},{"not_picked":["Rebound","Steam"],"picked":"Redo","floor":4},{"not_picked":["Amplify","Steam","Storm"],"picked":"SKIP","floor":6},{"not_picked":["Rebound+1","Static Discharge"],"picked":"Self Repair","floor":10},{"not_picked":["Rebound+1","Force Field"],"picked":"Cold Snap+1","floor":11},{"not_picked":["Go for the Eyes+1","Aggregate","Gash+1"],"picked":"SKIP","floor":14},{"not_picked":["Seek","Electrodynamics"],"picked":"Echo Form","floor":16},{"not_picked":["Coolheaded","Barrage+1"],"picked":"Reinforced Body","floor":18},{"not_picked":["Turbo+1","Rebound+1"],"picked":"Compile Driver+1","floor":20},{"not_picked":["Streamline+1","Go for the Eyes+1"],"picked":"Leap+1","floor":24},{"not_picked":["Blizzard+1","Beam Cell+1","Turbo"],"picked":"SKIP","floor":28},{"not_picked":["Redo","Scrape+1"],"picked":"FTL+1","floor":29},{"not_picked":["Go for the Eyes+1","Hologram+1"],"picked":"Compile Driver+1","floor":30},{"not_picked":["Compile Driver+1","Go for the Eyes+1"],"picked":"Reinforced Body","floor":31},{"not_picked":["Biased Cognition","Creative AI"],"picked":"Core Surge+1","floor":33},{"not_picked":["Streamline+1","Cold Snap+1","Sweeping Beam+1"],"picked":"SKIP","floor":35},{"not_picked":["Stack+1","Chaos+1","Sunder+1"],"picked":"SKIP","floor":36},{"not_picked":["Beam Cell+1","Hello World"],"picked":"Capacitor+1","floor":37},{"not_picked":["Steam Power","BootSequence"],"picked":"Loop","floor":39},{"not_picked":["Steam","White Noise"],"picked":"Melter+1","floor":41},{"not_picked":["Recycle","Streamline+1","Leap"],"picked":"Core Surge+1","floor":45},{"not_picked":["Go for the Eyes+1","Hello World","Storm+1","Doom and Gloom+1"],"picked":"SKIP","floor":48}],"player_experience":46851,"relics_obtained":[{"floor":6,"key":"Molten Egg 2"},{"floor":9,"key":"Nunchaku"},{"floor":10,"key":"Mercury Hourglass"},{"floor":26,"key":"PreservedInsect"},{"floor":28,"key":"Dodecahedron"},{"floor":38,"key":"Girya"},{"floor":43,"key":"Question Card"},{"floor":45,"key":"Torii"}],"event_choices":[{"damage_healed":0,"gold_gain":0,"player_choice":"Take Damage","damage_taken":18,"relics_obtained":["Golden Idol"],"max_hp_gain":0,"max_hp_loss":0,"event_name":"Golden Idol","floor":3,"gold_loss":0},{"damage_healed":0,"gold_gain":0,"player_choice":"Donut","damage_taken":0,"max_hp_gain":5,"max_hp_loss":0,"event_name":"Big Fish","floor":5,"gold_loss":0},{"damage_healed":0,"gold_gain":0,"player_choice":"Got Potions","damage_taken":0,"max_hp_gain":0,"max_hp_loss":0,"event_name":"Lab","floor":8,"gold_loss":0},{"damage_healed":0,"gold_gain":0,"player_choice":"Inject Mutagens","damage_taken":0,"relics_obtained":["MutagenicStrength"],"max_hp_gain":0,"max_hp_loss":0,"event_name":"Drug Dealer","floor":19,"gold_loss":0},{"damage_healed":0,"gold_gain":99,"player_choice":"Stole From Cult","damage_taken":0,"max_hp_gain":0,"max_hp_loss":0,"event_name":"Nest","floor":21,"gold_loss":0},{"damage_healed":0,"gold_gain":0,"player_choice":"1 cards matched","damage_taken":0,"max_hp_gain":0,"max_hp_loss":0,"event_name":"Match and Keep!","floor":22,"gold_loss":0,"cards_obtained":["Genetic Algorithm"]},{"damage_healed":0,"gold_gain":0,"player_choice":"Fight","damage_taken":0,"max_hp_gain":0,"max_hp_loss":0,"event_name":"Mysterious Sphere","floor":38,"gold_loss":0},{"damage_healed":0,"gold_gain":0,"player_choice":"Ignored","damage_taken":0,"max_hp_gain":0,"max_hp_loss":0,"event_name":"The Moai Head","floor":47,"gold_loss":0}],"is_beta":false,"boss_relics":[{"not_picked":["Calling Bell","Sozu"],"picked":"Nuclear Battery"},{"not_picked":["Snecko Eye","Coffee Dripper"],"picked":"Runic Pyramid"}],"items_purged_floors":[],"is_endless":false,"potions_floor_spawned":[1,4,6,11,14,28,30,31,33,37,41,45],"ascension_level":3}