{"gold_per_floor":[117,117,133,83,83,83,183,183,183,211,211,231,256,272,272,371,371,390,330,348,298,317,352,352,380,404,404,404,66,66,92,92,196,196,207,220,267,277,277,277,307,307,307,307,317,328,17,17,17,17],"floor_reached":51,"playtime":3313,"items_purged":["Normality","Shame"],"score":748,"play_id":"0a686e61-fcff-4c88-9e8e-88f012abf40f","local_time":"20190920195219","is_ascension_mode":true,"campfire_choices":[{"data":"Zap","floor":6,"key":"SMITH"},{"data":"Ball Lightning","floor":11,"key":"SMITH"},{"data":"Darkness","floor":15,"key":"SMITH"},{"data":"Electrodynamics","floor":24,"key":"SMITH"},{"data":"Self Repair","floor":27,"key":"SMITH"},{"floor":32,"key":"REST"},{"data":"Buffer","floor":40,"key":"SMITH"},{"data":"Reboot","floor":42,"key":"SMITH"},{"data":"Panacea","floor":44,"key":"SMITH"},{"data":"Dualcast","floor":49,"key":"SMITH"}],"neow_cost":"NONE","seed_source_timestamp":532616551179699,"circlet_count":0,"master_deck":["Strike_B","Strike_B","Strike_B","Defend_B","Defend_B","Defend_B","Defend_B","Zap+1","Dualcast+1","Ball Lightning+1","Ball Lightning","Darkness+1","Electrodynamics+1","Self Repair+1","Gash+1","Tempest+1","Reboot+1","Gash","Panacea+1","Conserve Battery+1","Buffer+1","Capacitor+1","Violence+1","Blind+1","Multi-Cast+1","Reboot+1"],"relics":["Cursed Key","Juzu Bracelet","Pantograph","FossilizedHelix","StoneCalendar","Eternal Feather","Bag of Preparation","Letter Opener","Lantern","Membership Card","Toxic Egg 2","Sundial","Philosopher\u0027s Stone","Unceasing Top","Molten Egg 2","Strange Spoon"],"potions_floor_usage":[16,25,33,33,37,50,50,50],"damage_taken":[{"damage":2,"enemies":"Jaw Worm","floor":1,"turns":3},{"damage":8,"enemies":"2 Louse","floor":3,"turns":4},{"damage":16,"enemies":"Lagavulin","floor":10,"turns":6},{"damage":0,"enemies":"Small Slimes","floor":12,"turns":2},{"damage":4,"enemies":"3 Sentries","floor":13,"turns":6},{"damage":0,"enemies":"Red Slaver","floor":14,"turns":3},{"damage":41,"enemies":"Hexaghost","floor":16,"turns":7},{"damage":0,"enemies":"Chosen","floor":18,"turns":3},{"damage":12,"enemies":"Shell Parasite","floor":20,"turns":4},{"damage":9,"enemies":"Centurion and Healer","floor":22,"turns":5},{"damage":29,"enemies":"Slavers","floor":23,"turns":3},{"damage":18,"enemies":"Book of Stabbing","floor":25,"turns":4},{"damage":45,"enemies":"Slavers","floor":31,"turns":4},{"damage":44,"enemies":"Collector","floor":33,"turns":7},{"damage":0,"enemies":"Orb Walker","floor":35,"turns":2},{"damage":0,"enemies":"3 Darklings","floor":36,"turns":2},{"damage":32,"enemies":"2 Orb Walkers","floor":37,"turns":3},{"damage":18,"enemies":"4 Shapes","floor":38,"turns":6},{"damage":41,"enemies":"Giant Head","floor":41,"turns":8},{"damage":27,"enemies":"Writhing Mass","floor":45,"turns":5},{"damage":0,"enemies":"Sphere and 2 Shapes","floor":46,"turns":4},{"damage":43,"enemies":"Awakened One","floor":50,"turns":7}],"seed_played":"3065721779909477709","potions_obtained":[{"floor":12,"key":"Strength Potion"},{"floor":14,"key":"Regen Potion"},{"floor":18,"key":"Swift Potion"},{"floor":23,"key":"Block Potion"},{"floor":25,"key":"Strength Potion"},{"floor":38,"key":"SkillPotion"},{"floor":41,"key":"SteroidPotion"},{"floor":48,"key":"Swift Potion"}],"is_trial":false,"path_per_floor":["M","?","M","?","?","R","?","?","T","E","R","M","E","M","R","B",null,"M","?","M","?","M","E","R","E","T","R","?","$","T","E","R","B",null,"M","M","?","M","?","R","E","R","T","R","M","M","$","?","R","B",null],"character_chosen":"DEFECT","items_purchased":["Gash","Membership Card","Panacea","Blind+1","Multi-Cast+1","Reboot+1","Strange Spoon"],"campfire_rested":1,"item_purchase_floors":[29,29,29,47,47,47,47],"current_hp_per_floor":[73,73,65,65,62,62,62,67,67,51,51,51,47,47,47,46,80,80,77,72,72,70,48,57,46,46,55,55,55,55,20,55,43,77,77,77,55,47,47,59,28,40,40,52,35,35,35,35,50,42],"gold":17,"neow_bonus":"BOSS_RELIC","is_prod":false,"is_daily":false,"chose_seed":false,"campfire_upgraded":9,"win_rate":0,"timestamp":1569030739,"path_taken":["M","?","M","?","?","R","?","?","T","E","R","M","E","M","R","BOSS","M","?","M","?","M","E","R","E","T","R","?","$","?","E","R","BOSS","M","M","?","M","?","R","E","R","T","R","M","M","$","?","R","BOSS"],"build_version":"2019-07-17","purchased_purges":2,"victory":true,"max_hp_per_floor":[75,75,75,75,75,75,75,80,80,80,80,80,80,80,80,80,80,80,77,77,77,77,77,77,77,77,77,77,77,77,77,77,77,77,77,77,77,77,77,77,77,77,77,77,77,77,77,77,77,77],"card_choices":[{"not_picked":["Redo","Stack","Double Energy"],"picked":"SKIP","floor":1},{"not_picked":["Streamline","Biased Cognition"],"picked":"Ball Lightning","floor":3},{"not_picked":["Double Energy","Rebound"],"picked":"Ball Lightning","floor":10},{"not_picked":["Beam Cell","Heatsinks","Hologram"],"picked":"SKIP","floor":12},{"not_picked":["Ball Lightning","Doom and Gloom","Coolheaded"],"picked":"SKIP","floor":13},{"not_picked":["Go for the Eyes","Steam"],"picked":"Darkness","floor":14},{"not_picked":["Multi-Cast","Seek"],"picked":"Electrodynamics","floor":16},{"not_picked":["Compile Driver","Hologram"],"picked":"Self Repair","floor":18},{"not_picked":["Force Field+1","Compile Driver"],"picked":"Gash+1","floor":20},{"not_picked":["Aggregate","Cold Snap","Redo"],"picked":"SKIP","floor":22},{"not_picked":["Rip and Tear","Thunder Strike","Reprogram+1"],"picked":"SKIP","floor":23},{"not_picked":["Hologram","Rebound"],"picked":"Tempest+1","floor":25},{"not_picked":["Steam+1","Reinforced Body+1"],"picked":"Conserve Battery+1","floor":31},{"not_picked":["Reboot+1","Rainbow+1"],"picked":"Buffer","floor":33},{"not_picked":["Barrage+1","Force Field+1"],"picked":"Capacitor+1","floor":35},{"not_picked":["Melter","Streamline+1","Cold Snap"],"picked":"SKIP","floor":36},{"not_picked":["Streamline+1","Barrage+1","Stack+1"],"picked":"SKIP","floor":38},{"not_picked":["Purity+1","Swift Strike"],"picked":"Violence+1","floor":39},{"not_picked":["Steam Power+1","Go for the Eyes","Compile Driver+1"],"picked":"SKIP","floor":41},{"not_picked":["Heatsinks+1","Sweeping Beam+1","Barrage+1"],"picked":"SKIP","floor":45},{"not_picked":["Stack+1","Coolheaded+1","Steam Power+1"],"picked":"SKIP","floor":46}],"player_experience":21742,"relics_obtained":[{"floor":9,"key":"Pantograph"},{"floor":10,"key":"FossilizedHelix"},{"floor":13,"key":"StoneCalendar"},{"floor":23,"key":"Bag of Preparation"},{"floor":25,"key":"Letter Opener"},{"floor":26,"key":"Lantern"},{"floor":30,"key":"Toxic Egg 2"},{"floor":31,"key":"Sundial"},{"floor":37,"key":"Unceasing Top"},{"floor":41,"key":"Molten Egg 2"}],"event_choices":[{"damage_healed":0,"gold_gain":0,"cards_transformed":["Strike_B"],"player_choice":"Change","damage_taken":0,"max_hp_gain":0,"max_hp_loss":0,"event_name":"Living Wall","floor":2,"gold_loss":0,"cards_obtained":["Fusion"]},{"cards_removed":["Fusion"],"damage_healed":0,"gold_gain":0,"player_choice":"Card Removal","damage_taken":0,"max_hp_gain":0,"max_hp_loss":0,"event_name":"The Cleric","floor":4,"gold_loss":50},{"damage_healed":0,"gold_gain":0,"player_choice":"Success","damage_taken":3,"relics_obtained":["Juzu Bracelet"],"max_hp_gain":0,"max_hp_loss":0,"event_name":"Scrap Ooze","floor":5,"gold_loss":0},{"damage_healed":0,"gold_gain":100,"player_choice":"Gold","damage_taken":0,"max_hp_gain":0,"max_hp_loss":0,"event_name":"Wheel of Change","floor":7,"gold_loss":0},{"damage_healed":0,"gold_gain":0,"player_choice":"Donut","damage_taken":0,"max_hp_gain":5,"max_hp_loss":0,"event_name":"Big Fish","floor":8,"gold_loss":0},{"cards_removed":["Parasite"],"damage_healed":0,"gold_gain":0,"player_choice":"Single Remove","damage_taken":0,"max_hp_gain":0,"max_hp_loss":0,"event_name":"Designer","floor":19,"gold_loss":60},{"damage_healed":0,"gold_gain":0,"player_choice":"Bet on Owner","damage_taken":0,"max_hp_gain":0,"max_hp_loss":0,"event_name":"The Joust","floor":21,"gold_loss":50},{"damage_healed":0,"gold_gain":0,"player_choice":"1 cards matched","damage_taken":0,"max_hp_gain":0,"max_hp_loss":0,"event_name":"Match and Keep!","floor":28,"gold_loss":0,"cards_obtained":["Reboot"]},{"damage_healed":0,"gold_gain":0,"player_choice":"Fight","damage_taken":0,"max_hp_gain":0,"max_hp_loss":0,"event_name":"Mysterious Sphere","floor":37,"gold_loss":0},{"damage_healed":0,"gold_gain":0,"player_choice":"Memory 1","damage_taken":0,"max_hp_gain":0,"max_hp_loss":0,"event_name":"SensoryStone","floor":39,"gold_loss":0},{"damage_healed":0,"gold_gain":0,"player_choice":"Got Potions","damage_taken":0,"max_hp_gain":0,"max_hp_loss":0,"event_name":"Lab","floor":48,"gold_loss":0}],"is_beta":false,"boss_relics":[{"not_picked":["Nuclear Battery","Busted Crown"],"picked":"Eternal Feather"},{"not_picked":["Black Star","Snecko Eye"],"picked":"Philosopher\u0027s Stone"}],"items_purged_floors":[29,47],"is_endless":false,"potions_floor_spawned":[12,14,18,23,25,31,38,41],"ascension_level":1}