{"gold_per_floor":[114,134,134,146,157,157,188,188,188,108,108,134,149,165,165,264,264,282,292,149,168,182,182,211,10,10,10],"floor_reached":27,"playtime":1627,"items_purged":[],"score":281,"play_id":"638b4496-3812-44ee-b45e-d12d83ddb15a","local_time":"20190209191350","is_ascension_mode":true,"campfire_choices":[{"data":"Leg Sweep","floor":6,"key":"SMITH"},{"data":"Noxious Fumes","floor":8,"key":"SMITH"},{"floor":15,"key":"REST"},{"floor":23,"key":"REST"}],"neow_cost":"NONE","seed_source_timestamp":2321602204233489,"circlet_count":0,"master_deck":["Defend_G","Defend_G","Defend_G","Defend_G","Strike_G","Strike_G","Strike_G","Strike_G","Strike_G","Survivor","Neutralize","Cloak And Dagger","Noxious Fumes+1","Sucker Punch","Leg Sweep+1","PiercingWail","Blur","Deadly Poison+1","Bane","Terror+1","Corpse Explosion+1","Deflect+1","Heel Hook","Deadly Poison+1","Dark Shackles+1","Concentrate+1","Catalyst+1","Dash","Deadly Poison+1"],"relics":["Ring of the Snake","FossilizedHelix","Dodecahedron","Toxic Egg 2","Philosopher\u0027s Stone","Red Mask","Anchor","Sundial"],"potions_floor_usage":[12,16,16,22,22,27],"damage_taken":[{"damage":1,"enemies":"Jaw Worm","floor":1,"turns":3},{"damage":0,"enemies":"2 Louse","floor":2,"turns":3},{"damage":0,"enemies":"Small Slimes","floor":4,"turns":3},{"damage":1,"enemies":"3 Louse","floor":5,"turns":4},{"damage":36,"enemies":"3 Sentries","floor":7,"turns":13},{"damage":19,"enemies":"Gremlin Nob","floor":12,"turns":5},{"damage":0,"enemies":"2 Fungi Beasts","floor":13,"turns":4},{"damage":0,"enemies":"Exordium Wildlife","floor":14,"turns":3},{"damage":13,"enemies":"The Guardian","floor":16,"turns":10},{"damage":8,"enemies":"Spheric Guardian","floor":18,"turns":4},{"damage":28,"enemies":"2 Thieves","floor":19,"turns":3},{"damage":8,"enemies":"Centurion and Healer","floor":21,"turns":6},{"damage":15,"enemies":"Sentry and Sphere","floor":22,"turns":5},{"damage":26,"enemies":"Masked Bandits","floor":24,"turns":4},{"damage":2,"enemies":"3 Cultists","floor":27,"turns":3}],"seed_played":"-488045210450684485","potions_obtained":[{"floor":4,"key":"SteroidPotion"},{"floor":5,"key":"EssenceOfSteel"},{"floor":12,"key":"SteroidPotion"},{"floor":14,"key":"Poison Potion"},{"floor":21,"key":"SneckoOil"},{"floor":24,"key":"GhostInAJar"}],"is_trial":false,"path_per_floor":["M","M","?","M","M","R","E","R","T","$","?","E","M","M","R","B",null,"M","M","$","M","M","R","?","$","T","M"],"character_chosen":"THE_SILENT","items_purchased":["Blur","Deadly Poison+1","Dark Shackles+1","Anchor","Deadly Poison+1"],"campfire_rested":2,"item_purchase_floors":[10,20,20,25,25],"current_hp_per_floor":[76,76,69,69,68,68,32,32,32,32,32,13,13,13,36,23,64,56,28,28,20,5,28,2,2,2,0],"gold":10,"neow_bonus":"TEN_PERCENT_HP_BONUS","is_prod":false,"is_daily":false,"chose_seed":false,"campfire_upgraded":2,"win_rate":0,"timestamp":1549732430,"path_taken":["M","M","?","M","M","R","E","R","T","$","?","E","M","M","R","BOSS","M","M","$","M","M","R","?","$","T","M"],"build_version":"2019-01-23","purchased_purges":0,"victory":false,"max_hp_per_floor":[77,77,77,77,77,77,77,77,77,77,77,77,77,77,77,77,77,77,77,77,77,77,77,77,77,77,77],"card_choices":[{"not_picked":["Calculated Gamble","Reflex"],"picked":"Cloak And Dagger","floor":1},{"not_picked":["Slice","Flying Knee"],"picked":"Noxious Fumes","floor":2},{"not_picked":["Slice","Cloak And Dagger"],"picked":"Sucker Punch","floor":4},{"not_picked":["Masterful Stab","Deflect"],"picked":"Leg Sweep","floor":5},{"not_picked":["Tactician","Sucker Punch"],"picked":"PiercingWail","floor":7},{"not_picked":["Wraith Form v2","Flying Knee"],"picked":"Deadly Poison","floor":12},{"not_picked":["Calculated Gamble+1","Masterful Stab"],"picked":"Bane","floor":13},{"not_picked":["Riddle With Holes","Sucker Punch"],"picked":"Terror+1","floor":14},{"not_picked":["Bullet Time+1","Doppelganger+1"],"picked":"Corpse Explosion+1","floor":16},{"not_picked":["Skewer","Bane"],"picked":"Deflect+1","floor":18},{"not_picked":["Bane+1","Underhanded Strike"],"picked":"Heel Hook","floor":19},{"not_picked":["Underhanded Strike","Expertise+1"],"picked":"Concentrate+1","floor":21},{"not_picked":["Dodge and Roll+1","Cloak And Dagger+1"],"picked":"Catalyst+1","floor":22},{"not_picked":["Dagger Spray","Dagger Throw"],"picked":"Dash","floor":24}],"player_experience":204584,"relics_obtained":[{"floor":7,"key":"FossilizedHelix"},{"floor":9,"key":"Dodecahedron"},{"floor":12,"key":"Toxic Egg 2"},{"floor":24,"key":"Red Mask"},{"floor":26,"key":"Sundial"}],"event_choices":[{"cards_removed":["Defend_G"],"damage_healed":0,"gold_gain":0,"player_choice":"Card Removal","damage_taken":7,"max_hp_gain":0,"max_hp_loss":0,"event_name":"Golden Wing","floor":3,"gold_loss":0},{"damage_healed":0,"gold_gain":0,"player_choice":"Ignored","damage_taken":0,"max_hp_gain":0,"max_hp_loss":0,"event_name":"Golden Idol","floor":11,"gold_loss":0},{"damage_healed":0,"gold_gain":0,"player_choice":"Fought Bandits","damage_taken":0,"max_hp_gain":0,"max_hp_loss":0,"event_name":"Masked Bandits","floor":24,"gold_loss":0}],"is_beta":false,"boss_relics":[{"not_picked":["Eternal Feather","Runic Pyramid"],"picked":"Philosopher\u0027s Stone"}],"items_purged_floors":[],"is_endless":false,"potions_floor_spawned":[4,5,12,14,21,24],"killed_by":"3 Cultists","ascension_level":5}