{"gold_per_floor":[110,37,37,56,71,71,97,97,143,143,163,113,113,144,144,240,240,256,256,268,284,53,85,85,102,126,158,80,80,30,58,58,155,155,165,178,193,61,81,81,108,108,132,158,170,197,209,231,243,255],"floor_reached":51,"playtime":5191,"items_purged":["Strike_G","Defend_G","Strike_G","Infinite Blades+1"],"score":1074,"play_id":"04deefd6-fff2-404b-9254-ef15bd75fb13","local_time":"20191018193641","is_ascension_mode":true,"campfire_choices":[{"data":"Bouncing Flask","floor":6.0,"key":"SMITH"},{"data":"Footwork","floor":8.0,"key":"SMITH"},{"data":"Deadly Poison","floor":10.0,"key":"SMITH"},{"data":"Leg Sweep","floor":15.0,"key":"SMITH"},{"data":"Adrenaline","floor":24,"key":"SMITH"},{"data":"Well Laid Plans","floor":29,"key":"SMITH"},{"data":"Malaise","floor":32,"key":"SMITH"},{"data":"Footwork","floor":40,"key":"SMITH"},{"data":"Adrenaline","floor":42,"key":"SMITH"},{"data":"Catalyst","floor":45,"key":"SMITH"},{"data":"Neutralize","floor":47,"key":"SMITH"},{"data":"Noxious Fumes","floor":49,"key":"SMITH"}],"neow_cost":"NONE","seed_source_timestamp":0,"circlet_count":0,"master_deck":["Defend_G","Defend_G","Survivor","Neutralize+1","Quick Slash","Adrenaline+1","Bouncing Flask+1","Deadly Poison+1","Footwork+1","Leg Sweep+1","Adrenaline+1","Riddle With Holes+1","Acrobatics+1","PiercingWail","Caltrops","Dodge and Roll","Footwork+1","Blur","Poisoned Stab","Bane+1","Malaise+1","Well Laid Plans+1","Corpse Explosion","Noxious Fumes+1","Noxious Fumes+1","PiercingWail+1","Catalyst+1","Deadly Poison+1"],"special_seed":0,"relics":["Ring of the Snake","Smiling Mask","Art of War","FossilizedHelix","Astrolabe","Letter Opener","Bronze Scales","Strawberry","Bag of Preparation","Busted Crown","Prayer Wheel","MawBank"],"potions_floor_usage":[21,25,33,37,37],"damage_taken":[{"damage":1.0,"enemies":"Cultist","floor":1.0,"turns":6.0},{"damage":4.0,"enemies":"Small Slimes","floor":4.0,"turns":4.0},{"damage":1.0,"enemies":"Jaw Worm","floor":5.0,"turns":4.0},{"damage":17.0,"enemies":"Gremlin Nob","floor":7.0,"turns":4.0},{"damage":0.0,"enemies":"3 Louse","floor":11.0,"turns":1.0},{"damage":10.0,"enemies":"3 Sentries","floor":14.0,"turns":9.0},{"damage":0.0,"enemies":"The Guardian","floor":16.0,"turns":8.0},{"damage":0,"enemies":"Spheric Guardian","floor":18,"turns":2},{"damage":0,"enemies":"3 Byrds","floor":20,"turns":7},{"damage":0,"enemies":"Snecko","floor":21,"turns":5},{"damage":0,"enemies":"Book of Stabbing","floor":23,"turns":7},{"damage":4,"enemies":"Shelled Parasite and Fungi","floor":25,"turns":5},{"damage":0,"enemies":"Gremlin Leader","floor":27,"turns":8},{"damage":6,"enemies":"Book of Stabbing","floor":31,"turns":6},{"damage":15,"enemies":"Champ","floor":33,"turns":14},{"damage":0,"enemies":"Orb Walker","floor":35,"turns":3},{"damage":0,"enemies":"3 Shapes","floor":36,"turns":2},{"damage":0,"enemies":"3 Darklings","floor":37,"turns":3},{"damage":0,"enemies":"Writhing Mass","floor":39,"turns":4},{"damage":0,"enemies":"Nemesis","floor":41,"turns":7},{"damage":0,"enemies":"Transient","floor":44,"turns":5},{"damage":0,"enemies":"Spire Growth","floor":46,"turns":3},{"damage":0,"enemies":"4 Shapes","floor":48,"turns":4},{"damage":0,"enemies":"Time Eater","floor":50,"turns":7}],"seed_played":"-2546036180698682688","potions_obtained":[{"floor":4.0,"key":"EntropicBrew"},{"floor":5.0,"key":"EntropicBrew"},{"floor":7.0,"key":"Explosive Potion"},{"floor":11.0,"key":"SpeedPotion"},{"floor":21,"key":"GamblersBrew"},{"floor":33,"key":"Block Potion"},{"floor":36,"key":"SpeedPotion"},{"floor":39,"key":"GamblersBrew"},{"floor":41,"key":"FearPotion"},{"floor":46,"key":"SteroidPotion"}],"is_trial":false,"path_per_floor":["M","$","?","M","M","R","E","R","T","R","M","$","?","E","R","B",null,"M","?","M","M","$","E","R","M","T","E","$","R","$","E","R","B",null,"M","M","M","$","M","R","E","R","T","M","R","M","R","M","R","B",null],"character_chosen":"THE_SILENT","items_purchased":["Adrenaline","Footwork","Blur","Poisoned Stab","Well Laid Plans","Noxious Fumes"],"campfire_rested":0,"item_purchase_floors":[2,22,22,22,28,38],"current_hp_per_floor":[76,76,76,72,71,71,54,54,54,54,54,54,47,37,37,37,77,77,77,77,77,77,77,77,73,73,80,80,80,80,74,74,59,84,84,84,84,84,84,84,84,84,84,84,84,84,84,84,84,84],"gold":267,"neow_bonus":"TEN_PERCENT_HP_BONUS","is_prod":false,"is_daily":false,"chose_seed":false,"campfire_upgraded":12,"win_rate":0,"timestamp":1571449001,"path_taken":["M","?","?","M","M","R","E","R","T","R","M","$","?","E","R","BOSS","M","?","?","M","$","E","R","M","T","E","?","R","$","E","R","BOSS","M","M","?","$","M","R","E","R","T","M","R","M","R","M","R","BOSS"],"build_version":"2019-07-17","purchased_purges":4,"victory":true,"max_hp_per_floor":[77,77,77,77,77,77,77,77,77,77,77,77,77,77,77,77,77,77,77,77,77,77,77,77,77,77,84,84,84,84,84,84,84,84,84,84,84,84,84,84,84,84,84,84,84,84,84,84,84,84],"card_choices":[{"not_picked":["Prepared","Underhanded Strike"],"picked":"Quick Slash","floor":1.0},{"not_picked":["Blade Dance","Dash"],"picked":"Bouncing Flask","floor":4.0},{"not_picked":["Cloak And Dagger","Dagger Throw"],"picked":"Deadly Poison","floor":5.0},{"not_picked":["Expertise","Riddle With Holes"],"picked":"Footwork","floor":7.0},{"not_picked":["All Out Attack","Dagger Throw"],"picked":"Leg Sweep","floor":11.0},{"not_picked":["Backstab","Slice","Terror"],"picked":"SKIP","floor":14.0},{"not_picked":["Bullet Time","Die Die Die"],"picked":"Adrenaline","floor":16.0},{"not_picked":["Acrobatics+1","Calculated Gamble+1"],"picked":"PiercingWail","floor":18},{"not_picked":["Masterful Stab","Cloak And Dagger"],"picked":"Caltrops","floor":20},{"not_picked":["Sucker Punch","Bane"],"picked":"Dodge and Roll","floor":21},{"not_picked":["Phantasmal Killer","Quick Slash"],"picked":"Bane+1","floor":23},{"not_picked":["PiercingWail","Backstab+1","Prepared"],"picked":"SKIP","floor":25},{"not_picked":["Caltrops","Cloak And Dagger+1"],"picked":"Malaise","floor":27},{"not_picked":["Sucker Punch","Riddle With Holes","Poisoned Stab"],"picked":"SKIP","floor":31},{"not_picked":["Envenom","After Image"],"picked":"Corpse Explosion","floor":33},{"not_picked":["All Out Attack+1"],"picked":"SKIP","floor":35},{"not_picked":[],"picked":"Noxious Fumes+1","floor":36},{"not_picked":["Flechettes"],"picked":"SKIP","floor":37},{"not_picked":[],"picked":"PiercingWail+1","floor":39},{"not_picked":["Dodge and Roll+1"],"picked":"SKIP","floor":41},{"not_picked":[],"picked":"Catalyst","floor":44},{"not_picked":[],"picked":"Deadly Poison+1","floor":44},{"not_picked":["Dash"],"picked":"SKIP","floor":46},{"not_picked":["Flechettes"],"picked":"SKIP","floor":46},{"not_picked":["Blur"],"picked":"SKIP","floor":48},{"not_picked":["Bouncing Flask+1"],"picked":"SKIP","floor":48},{"not_picked":["Blur"],"picked":"SKIP","floor":48},{"not_picked":["Bouncing Flask+1"],"picked":"SKIP","floor":48}],"player_experience":66451,"relics_obtained":[{"floor":7.0,"key":"Smiling Mask"},{"floor":9.0,"key":"Art of War"},{"floor":14.0,"key":"FossilizedHelix"},{"floor":23,"key":"Letter Opener"},{"floor":26,"key":"Bronze Scales"},{"floor":27,"key":"Strawberry"},{"floor":31,"key":"Bag of Preparation"},{"floor":41,"key":"Prayer Wheel"},{"floor":43,"key":"MawBank"}],"event_choices":[{"damage_healed":0.0,"max_hp_gain":0.0,"max_hp_loss":0.0,"gold_gain":0.0,"event_name":"Shining Light","player_choice":"Ignored","floor":3.0,"gold_loss":0.0,"damage_taken":0.0},{"cards_removed":["Strike_G"],"damage_healed":0.0,"max_hp_gain":0.0,"max_hp_loss":0.0,"gold_gain":0.0,"event_name":"Golden Wing","player_choice":"Card Removal","floor":13.0,"gold_loss":0.0,"damage_taken":7.0},{"cards_removed":["Defend_G"],"damage_healed":0,"gold_gain":0,"player_choice":"Offered Basic","damage_taken":0,"max_hp_gain":0,"max_hp_loss":0,"event_name":"Bonfire Elementals","floor":19,"gold_loss":0}],"is_beta":false,"boss_relics":[{"not_picked":["Snecko Eye","Calling Bell"],"picked":"Astrolabe"},{"not_picked":["Lizard Tail","Ring of the Serpent"],"picked":"Busted Crown"}],"items_purged_floors":[12,22,30,38],"is_endless":false,"potions_floor_spawned":[4,5,7,11,21,33,36,39,41,46],"ascension_level":4}