{"gold_per_floor":[119,133,153,123,123,153,153,215,240,240,240,240,254,269,269,364,364,382,382,392,406,423,452,452,469,469,495,509,128,147,194,194,289,289,300,3,16,29,47,79,79,79,106,121,137,154,154,185,185,185],"floor_reached":51,"playtime":4507,"items_purged":["Writhe","Regret"],"score":911,"play_id":"230d603f-4ebb-49b9-bad9-7fa3c69a0ab4","local_time":"20190208223705","is_ascension_mode":true,"campfire_choices":[{"floor":7,"key":"REST"},{"data":"Terror","floor":15,"key":"SMITH"},{"data":"Storm of Steel","floor":24,"key":"SMITH"},{"data":"Phantasmal Killer","floor":32,"key":"SMITH"},{"data":"Burst","floor":41,"key":"SMITH"},{"floor":49,"key":"REST"}],"neow_cost":"PERCENT_DAMAGE","seed_source_timestamp":2244506951809513,"circlet_count":0,"master_deck":["Defend_G","Defend_G+1","Defend_G","Defend_G","Defend_G","Strike_G","Strike_G+1","Strike_G","Strike_G","Strike_G","Survivor","Neutralize","Well Laid Plans","Backflip","Cloak And Dagger+1","Predator+1","Backstab","Dagger Throw+1","PiercingWail","Terror+1","Storm of Steel+1","Backflip+1","Backflip","Dodge and Roll+1","Dagger Throw","Adrenaline","Acrobatics","Deadly Poison","Riddle With Holes","Blur","Phantasmal Killer+1","Backstab","Crippling Poison","Writhe","Burst+1","Shame","Regret","Blade Dance+1","Footwork+1","Escape Plan+1","Endless Agony+1","Noxious Fumes+1","Doubt","Underhanded Strike+1","Slice+1","Accuracy+1","Accuracy+1"],"relics":["Ring of the Snake","Tough Bandages","Art of War","Tiny Chest","Blood Vial","Kunai","Whetstone","Cursed Key","Vajra","Matryoshka","Regal Pillow","Ornamental Fan","Bag of Marbles","Bronze Scales","War Paint","Calling Bell","Anchor","Frozen Egg 2","Shovel","TwistedFunnel","Darkstone Periapt","Boot","Omamori","Snake Skull"],"potions_floor_usage":[8,23,33,33,40,40,40,45,48,48],"damage_taken":[{"damage":2,"enemies":"2 Louse","floor":1,"turns":3},{"damage":0,"enemies":"Jaw Worm","floor":2,"turns":5},{"damage":0,"enemies":"Cultist","floor":3,"turns":4},{"damage":3,"enemies":"Looter","floor":4,"turns":4},{"damage":9,"enemies":"3 Sentries","floor":6,"turns":10},{"damage":9,"enemies":"Lagavulin","floor":8,"turns":6},{"damage":1,"enemies":"Red Slaver","floor":13,"turns":3},{"damage":0,"enemies":"2 Fungi Beasts","floor":14,"turns":2},{"damage":24,"enemies":"The Guardian","floor":16,"turns":11},{"damage":6,"enemies":"2 Thieves","floor":18,"turns":4},{"damage":0,"enemies":"3 Byrds","floor":20,"turns":5},{"damage":6,"enemies":"3 Cultists","floor":21,"turns":6},{"damage":3,"enemies":"Sentry and Sphere","floor":22,"turns":6},{"damage":0,"enemies":"Slavers","floor":23,"turns":6},{"damage":4,"enemies":"Shelled Parasite and Fungi","floor":25,"turns":5},{"damage":1,"enemies":"Book of Stabbing","floor":27,"turns":6},{"damage":0,"enemies":"Centurion and Healer","floor":28,"turns":3},{"damage":0,"enemies":"Snake Plant","floor":30,"turns":2},{"damage":15,"enemies":"Automaton","floor":33,"turns":10},{"damage":2,"enemies":"3 Darklings","floor":35,"turns":6},{"damage":0,"enemies":"Orb Walker","floor":37,"turns":2},{"damage":7,"enemies":"Jaw Worm Horde","floor":38,"turns":4},{"damage":21,"enemies":"Spire Growth","floor":39,"turns":5},{"damage":8,"enemies":"Reptomancer","floor":40,"turns":5},{"damage":7,"enemies":"Sphere and 2 Shapes","floor":44,"turns":4},{"damage":0,"enemies":"Writhing Mass","floor":45,"turns":4},{"damage":25,"enemies":"Jaw Worm Horde","floor":46,"turns":4},{"damage":19,"enemies":"Giant Head","floor":48,"turns":7},{"damage":64,"enemies":"Donu and Deca","floor":50,"turns":8}],"seed_played":"-2429354042484827223","potions_obtained":[{"floor":1,"key":"Weak Potion"},{"floor":2,"key":"SpeedPotion"},{"floor":6,"key":"Weak Potion"},{"floor":13,"key":"Dexterity Potion"},{"floor":23,"key":"PowerPotion"},{"floor":28,"key":"AttackPotion"},{"floor":37,"key":"Fire Potion"},{"floor":39,"key":"EntropicBrew"},{"floor":40,"key":"Poison Potion"},{"floor":45,"key":"Energy Potion"}],"is_trial":false,"path_per_floor":["M","M","M","M","?","E","R","E","T","?","?","T","M","M","R","B",null,"M","?","M","M","M","E","R","M","T","E","M","$","M","T","R","B",null,"M","$","M","M","M","E","R","?","T","M","M","M","?","E","R","B",null],"character_chosen":"THE_SILENT","items_purchased":["Blur","Phantasmal Killer","Backstab","TwistedFunnel"],"campfire_rested":2,"item_purchase_floors":[29,29,29,36],"current_hp_per_floor":[47,47,47,44,44,35,56,47,47,40,45,45,46,48,48,26,75,69,69,71,67,66,68,68,66,66,67,69,69,71,71,71,58,75,73,73,75,68,49,43,43,43,49,44,46,23,43,26,65,3],"gold":185,"neow_bonus":"ONE_RARE_RELIC","is_prod":false,"is_daily":false,"chose_seed":false,"campfire_upgraded":4,"win_rate":0,"timestamp":1549658225,"path_taken":["M","M","M","M","?","E","R","E","T","?","?","?","M","M","R","BOSS","M","?","M","M","M","E","R","M","T","E","M","$","M","?","R","BOSS","M","$","?","M","M","E","R","?","T","M","?","M","?","E","R","BOSS"],"build_version":"2019-01-23","purchased_purges":2,"victory":true,"max_hp_per_floor":[70,70,70,70,70,70,70,70,70,70,75,75,75,75,75,75,75,75,75,75,75,75,75,75,75,75,75,75,75,75,75,75,75,75,75,75,75,75,75,75,75,75,81,81,81,81,81,81,81,81],"card_choices":[{"not_picked":["Cloak And Dagger","Bane"],"picked":"Well Laid Plans","floor":1},{"not_picked":["Slice","Infinite Blades"],"picked":"Backflip","floor":2},{"not_picked":["Bane","Setup"],"picked":"Cloak And Dagger","floor":3},{"not_picked":["Blade Dance","Masterful Stab"],"picked":"Predator","floor":4},{"not_picked":["Malaise","Poisoned Stab"],"picked":"Backstab","floor":6},{"not_picked":["Dagger Spray","Cloak And Dagger"],"picked":"Dagger Throw","floor":8},{"not_picked":["Cloak And Dagger","Dodge and Roll"],"picked":"PiercingWail","floor":13},{"not_picked":["Outmaneuver","Dagger Spray"],"picked":"Terror","floor":14},{"not_picked":["Grand Finale","Venomology"],"picked":"Storm of Steel","floor":16},{"not_picked":["Underhanded Strike+1","Eviscerate"],"picked":"Backflip+1","floor":18},{"not_picked":["Setup","Tactician"],"picked":"Backflip","floor":20},{"not_picked":["Calculated Gamble","Poisoned Stab"],"picked":"Dodge and Roll+1","floor":21},{"not_picked":["Slice","Bane"],"picked":"Dagger Throw","floor":22},{"not_picked":["Calculated Gamble+1","After Image"],"picked":"Adrenaline","floor":23},{"not_picked":["Quick Slash","Bane+1"],"picked":"Acrobatics","floor":25},{"not_picked":["Deflect","Noxious Fumes"],"picked":"Deadly Poison","floor":27},{"not_picked":["Endless Agony","Infinite Blades"],"picked":"Riddle With Holes","floor":28},{"not_picked":["Dagger Spray","Terror"],"picked":"Crippling Poison","floor":30},{"not_picked":["Malaise","Venomology"],"picked":"Burst","floor":33},{"not_picked":["Quick Slash","Deflect"],"picked":"Blade Dance+1","floor":35},{"not_picked":["Blade Dance","Sucker Punch+1"],"picked":"Footwork+1","floor":37},{"not_picked":["Dagger Spray","Heel Hook"],"picked":"Escape Plan+1","floor":38},{"not_picked":["Outmaneuver+1","Well Laid Plans+1"],"picked":"Endless Agony+1","floor":39},{"not_picked":["All Out Attack","Quick Slash+1"],"picked":"Noxious Fumes+1","floor":40},{"not_picked":["PiercingWail","Deadly Poison"],"picked":"Underhanded Strike+1","floor":44},{"not_picked":["Dodge and Roll","Flying Knee"],"picked":"Slice+1","floor":45},{"not_picked":["Terror+1","A Thousand Cuts+1"],"picked":"Accuracy+1","floor":46},{"not_picked":["Bane","Leg Sweep+1"],"picked":"Accuracy+1","floor":48}],"player_experience":196987,"relics_obtained":[{"floor":6,"key":"Art of War"},{"floor":8,"key":"Tiny Chest"},{"floor":9,"key":"Blood Vial"},{"floor":12,"key":"Whetstone"},{"floor":23,"key":"Matryoshka"},{"floor":26,"key":"Regal Pillow"},{"floor":26,"key":"Ornamental Fan"},{"floor":27,"key":"Bag of Marbles"},{"floor":31,"key":"Bronze Scales"},{"floor":31,"key":"War Paint"},{"floor":34,"key":"Anchor"},{"floor":34,"key":"Frozen Egg 2"},{"floor":34,"key":"Shovel"},{"floor":40,"key":"Darkstone Periapt"},{"floor":43,"key":"Omamori"},{"floor":48,"key":"Snake Skull"}],"event_choices":[{"damage_healed":0,"gold_gain":0,"player_choice":"Grow","damage_taken":0,"max_hp_gain":0,"max_hp_loss":0,"event_name":"Living Wall","floor":5,"gold_loss":0,"cards_upgraded":["Predator"]},{"damage_healed":0,"gold_gain":0,"player_choice":"Success","damage_taken":7,"relics_obtained":["Kunai"],"max_hp_gain":0,"max_hp_loss":0,"event_name":"Scrap Ooze","floor":10,"gold_loss":0},{"damage_healed":0,"gold_gain":0,"player_choice":"Donut","damage_taken":0,"max_hp_gain":5,"max_hp_loss":0,"event_name":"Big Fish","floor":11,"gold_loss":0},{"damage_healed":0,"gold_gain":0,"player_choice":"Opened","damage_taken":0,"relics_obtained":["Vajra"],"max_hp_gain":0,"max_hp_loss":0,"event_name":"The Mausoleum","floor":19,"gold_loss":0},{"damage_healed":0,"gold_gain":0,"player_choice":"Gave Potion","damage_taken":0,"relics_obtained":["Boot"],"max_hp_gain":0,"max_hp_loss":0,"event_name":"WeMeetAgain","floor":42,"gold_loss":0},{"damage_healed":20,"gold_gain":0,"player_choice":"Writhe","damage_taken":0,"max_hp_gain":0,"max_hp_loss":0,"event_name":"Winding Halls","floor":47,"gold_loss":0,"cards_obtained":["Writhe"]}],"is_beta":false,"boss_relics":[{"not_picked":["Pandora\u0027s Box","Tiny House"],"picked":"Cursed Key"},{"not_picked":["Snecko Eye","Empty Cage"],"picked":"Calling Bell"}],"items_purged_floors":[29,36],"is_endless":false,"potions_floor_spawned":[1,2,6,13,18,20,23,25,28,37,39,40,45],"ascension_level":4}