{"gold_per_floor":[119,133,53,70,7,7,34,34,58,72,84,134,154,189,189,189],"floor_reached":16,"playtime":549,"items_purged":[],"score":224,"play_id":"216a9870-38bd-4d82-9ac8-38fb26f3966a","local_time":"20190922205854","is_ascension_mode":true,"campfire_choices":[{"data":"Choke","floor":6,"key":"SMITH"},{"data":"Neutralize","floor":8,"key":"SMITH"},{"floor":15,"key":"REST"}],"neow_cost":"NONE","seed_source_timestamp":17320783496593,"circlet_count":0,"master_deck":["AscendersBane","Strike_G","Strike_G","Strike_G","Strike_G","Defend_G","Defend_G","Defend_G","Defend_G","Defend_G","Survivor","Neutralize+1","Acrobatics","Calculated Gamble","Heel Hook","Footwork","Choke+1","Escape Plan","Backflip","Heel Hook"],"relics":["Ring of the Snake","Toy Ornithopter","Gremlin Horn","Omamori"],"potions_floor_usage":[7,11,16],"damage_taken":[{"damage":14,"enemies":"Cultist","floor":1,"turns":7},{"damage":3,"enemies":"2 Louse","floor":2,"turns":4},{"damage":0,"enemies":"Jaw Worm","floor":4,"turns":10},{"damage":7,"enemies":"Gremlin Nob","floor":7,"turns":3},{"damage":5,"enemies":"Red Slaver","floor":10,"turns":4},{"damage":1,"enemies":"Exordium Thugs","floor":11,"turns":6},{"damage":3,"enemies":"3 Louse","floor":13,"turns":3},{"damage":27,"enemies":"Lagavulin","floor":14,"turns":10},{"damage":21,"enemies":"Slime Boss","floor":16,"turns":6}],"seed_played":"4963704740792493000","potions_obtained":[{"floor":2,"key":"Explosive Potion"},{"floor":4,"key":"Swift Potion"},{"floor":14,"key":"Dexterity Potion"}],"is_trial":false,"path_per_floor":["M","M","$","M","?","R","E","R","T","M","M","?","M","E","R","B"],"character_chosen":"THE_SILENT","items_purchased":["Footwork"],"campfire_rested":1,"item_purchase_floors":[3],"current_hp_per_floor":[45,42,42,42,42,42,40,40,40,35,39,39,36,9,28,12],"gold":189,"neow_bonus":"TRANSFORM_CARD","is_prod":false,"is_daily":false,"chose_seed":false,"campfire_upgraded":2,"win_rate":0,"timestamp":1569157134,"path_taken":["M","?","$","?","?","R","E","R","T","?","M","?","?","E","R","BOSS"],"build_version":"2019-09-20","purchased_purges":0,"victory":false,"max_hp_per_floor":[66,66,66,66,66,66,66,66,66,66,66,66,66,66,66,66],"card_choices":[{"not_picked":["Prepared","Bouncing Flask"],"picked":"Calculated Gamble","floor":1},{"not_picked":["Dodge and Roll","Deflect"],"picked":"Heel Hook","floor":2},{"not_picked":["Underhanded Strike","Poisoned Stab"],"picked":"Choke","floor":4},{"not_picked":["Accuracy","Infinite Blades","Blade Dance"],"picked":"SKIP","floor":7},{"not_picked":["All Out Attack","Quick Slash"],"picked":"Escape Plan","floor":10},{"not_picked":["Sucker Punch","Burst"],"picked":"Backflip","floor":11},{"not_picked":["Leg Sweep","Caltrops","Deflect"],"picked":"SKIP","floor":13},{"not_picked":["Caltrops","Dagger Throw"],"picked":"Heel Hook","floor":14}],"player_experience":917652,"relics_obtained":[{"floor":7,"key":"Gremlin Horn"},{"floor":14,"key":"Omamori"}],"event_choices":[{"damage_healed":0,"gold_gain":0,"player_choice":"Paid Gold","damage_taken":0,"relics_obtained":["Toy Ornithopter"],"max_hp_gain":0,"max_hp_loss":0,"event_name":"WeMeetAgain","floor":5,"gold_loss":63},{"damage_healed":0,"gold_gain":50,"player_choice":"Pray","damage_taken":0,"max_hp_gain":0,"max_hp_loss":0,"event_name":"Golden Shrine","floor":12,"gold_loss":0}],"is_beta":true,"boss_relics":[],"items_purged_floors":[],"is_endless":false,"potions_floor_spawned":[2,4,14],"killed_by":"Slime Boss","ascension_level":20}