{"gold_per_floor":[119,119,17,37,37,69,69,83,107,122,132,150,150,169,169,169],"floor_reached":16,"playtime":349,"items_purged":[],"score":258,"play_id":"fe6ab8eb-8a57-4a37-afdd-13a801b8ced5","local_time":"20190923180633","is_ascension_mode":true,"campfire_choices":[{"data":"Zap","floor":7,"key":"SMITH"},{"data":"Dualcast","floor":13,"key":"SMITH"},{"data":"Go for the Eyes","floor":15,"key":"SMITH"}],"neow_cost":"NONE","seed_source_timestamp":93584672679856,"circlet_count":0,"master_deck":["AscendersBane","Strike_B","Strike_B","Strike_B","Defend_B","Defend_B","Defend_B","Defend_B","Zap+1","Dualcast+1","Cold Snap","Scrape","Impatience","Beam Cell","Turbo","Turbo","Go for the Eyes+1"],"relics":["Cracked Core","NeowsBlessing","Strawberry"],"potions_floor_usage":[16,16],"damage_taken":[{"damage":0,"enemies":"Small Slimes","floor":1,"turns":1},{"damage":0,"enemies":"Cultist","floor":4,"turns":1},{"damage":0,"enemies":"Lagavulin","floor":6,"turns":1},{"damage":9,"enemies":"2 Louse","floor":8,"turns":2},{"damage":19,"enemies":"Exordium Thugs","floor":10,"turns":3},{"damage":1,"enemies":"2 Fungi Beasts","floor":11,"turns":3},{"damage":7,"enemies":"Blue Slaver","floor":12,"turns":3},{"damage":15,"enemies":"Large Slime","floor":14,"turns":5},{"damage":43,"enemies":"The Guardian","floor":16,"turns":11}],"seed_played":"4058367285317530739","potions_obtained":[{"floor":6,"key":"Regen Potion"},{"floor":8,"key":"Swift Potion"}],"is_trial":false,"path_per_floor":["M","?","$","M","$","E","R","M","T","M","M","M","R","M","R","B"],"character_chosen":"DEFECT","items_purchased":["Impatience"],"campfire_rested":0,"item_purchase_floors":[3],"current_hp_per_floor":[64,64,64,64,64,71,71,62,62,43,42,35,35,20,20,0],"gold":169,"neow_bonus":"THREE_ENEMY_KILL","is_prod":false,"is_daily":false,"chose_seed":false,"campfire_upgraded":3,"win_rate":0,"timestamp":1569233193,"path_taken":["M","?","$","?","$","E","R","M","T","?","?","?","R","M","R","BOSS"],"build_version":"2019-09-20","purchased_purges":0,"victory":false,"max_hp_per_floor":[71,71,71,71,71,78,78,78,78,78,78,78,78,78,78,78],"card_choices":[{"not_picked":["Sweeping Beam","Hello World"],"picked":"Cold Snap","floor":1},{"not_picked":["Double Energy","Redo"],"picked":"Beam Cell","floor":4},{"not_picked":["Stack","Sweeping Beam","Melter"],"picked":"SKIP","floor":6},{"not_picked":["Rip and Tear","Sweeping Beam","Leap"],"picked":"SKIP","floor":8},{"not_picked":["Beam Cell","Ball Lightning"],"picked":"Turbo","floor":10},{"not_picked":["Streamline","Force Field","Amplify"],"picked":"SKIP","floor":11},{"not_picked":["Scrape","Beam Cell"],"picked":"Turbo","floor":12},{"not_picked":["Redo","Barrage"],"picked":"Go for the Eyes","floor":14}],"player_experience":948901,"relics_obtained":[{"floor":6,"key":"Strawberry"}],"event_choices":[{"damage_healed":0,"gold_gain":0,"cards_transformed":["Strike_B"],"player_choice":"Transformed","damage_taken":0,"max_hp_gain":0,"max_hp_loss":0,"event_name":"Transmorgrifier","floor":2,"gold_loss":0,"cards_obtained":["Scrape"]}],"is_beta":true,"boss_relics":[],"items_purged_floors":[],"is_endless":false,"potions_floor_spawned":[6,8,11],"killed_by":"The Guardian","ascension_level":20}