{"gold_per_floor":[119,138,158,60,60,60,78,96,96,114,114,114,114,131,131,131],"floor_reached":16,"playtime":958,"items_purged":["Strike_G"],"score":94,"play_id":"15aae00d-171a-4353-86dd-d04532840dd8","local_time":"20190929160833","is_ascension_mode":false,"campfire_choices":[{"data":"Poisoned Stab","floor":6,"key":"SMITH"},{"data":"Bullet Time","floor":11,"key":"SMITH"},{"data":"Backflip","floor":13,"key":"SMITH"},{"floor":15,"key":"REST"}],"neow_cost":"NONE","seed_source_timestamp":237303718066900,"circlet_count":0,"master_deck":["Strike_G+1","Strike_G","Strike_G+1","Strike_G","Defend_G","Defend_G","Defend_G","Defend_G","Survivor","Neutralize","Purity","Tools of the Trade","Poisoned Stab+1","Deflect","Backflip+1","Outmaneuver","Bullet Time+1","Dagger Spray"],"relics":["Ring of the Snake","Ninja Scroll"],"potions_floor_usage":[],"damage_taken":[{"damage":2,"enemies":"2 Louse","floor":1,"turns":3},{"damage":6,"enemies":"Cultist","floor":2,"turns":5},{"damage":2,"enemies":"Jaw Worm","floor":3,"turns":5},{"damage":10,"enemies":"Gremlin Gang","floor":7,"turns":6},{"damage":4,"enemies":"2 Fungi Beasts","floor":8,"turns":4},{"damage":2,"enemies":"Looter","floor":10,"turns":3},{"damage":0,"enemies":"Lots of Slimes","floor":14,"turns":3},{"damage":6,"enemies":"The Guardian","floor":16,"turns":7}],"seed_played":"695951366001260079","potions_obtained":[{"floor":3,"key":"EssenceOfSteel"},{"floor":7,"key":"Poison Potion"},{"floor":10,"key":"FearPotion"}],"is_trial":false,"path_per_floor":["M","M","M","$","?","R","M","M","T","M","R","?","R","M","R","B"],"character_chosen":"THE_SILENT","items_purchased":["Deflect"],"campfire_rested":1,"item_purchase_floors":[4],"current_hp_per_floor":[68,62,60,60,46,46,36,32,32,30,30,30,30,30,51,45],"gold":131,"neow_bonus":"RANDOM_COLORLESS","is_prod":false,"is_daily":false,"chose_seed":false,"campfire_upgraded":3,"win_rate":0.0,"timestamp":1569766113,"path_taken":["M","M","M","$","?","R","M","M","T","M","R","?","R","M","R","BOSS"],"build_version":"2019-07-17","purchased_purges":1,"victory":false,"max_hp_per_floor":[70,70,70,70,70,70,70,70,70,70,70,70,70,70,70,70],"card_choices":[{"not_picked":["Acrobatics","PiercingWail","Prepared"],"picked":"SKIP","floor":1},{"not_picked":["Blade Dance","Backflip"],"picked":"Tools of the Trade","floor":2},{"not_picked":["Caltrops","Well Laid Plans"],"picked":"Poisoned Stab","floor":3},{"not_picked":["Flying Knee","Caltrops"],"picked":"Backflip","floor":7},{"not_picked":["Blade Dance","Prepared"],"picked":"Outmaneuver","floor":8},{"not_picked":["Escape Plan","Predator"],"picked":"Bullet Time","floor":10},{"not_picked":["Prepared","Dagger Throw"],"picked":"Dagger Spray","floor":14}],"player_experience":56550,"relics_obtained":[{"floor":9,"key":"Ninja Scroll"}],"event_choices":[{"damage_healed":0,"gold_gain":0,"player_choice":"Entered Light","damage_taken":14,"max_hp_gain":0,"max_hp_loss":0,"event_name":"Shining Light","floor":5,"gold_loss":0,"cards_upgraded":["Strike_G","Strike_G"]},{"cards_removed":["Defend_G"],"damage_healed":0,"gold_gain":0,"player_choice":"Purged","damage_taken":0,"max_hp_gain":0,"max_hp_loss":0,"event_name":"Purifier","floor":12,"gold_loss":0}],"is_beta":false,"boss_relics":[],"items_purged_floors":[4],"is_endless":false,"potions_floor_spawned":[3,7,10],"killed_by":"The Guardian","ascension_level":0}