{"gold_per_floor":[109,109,127,52,76,76,76,76,100,100,121,145,145,163,163,252,252,272,290,55,76,76,76,76,76],"floor_reached":25,"playtime":650,"items_purged":["Strike_B"],"score":486,"play_id":"57c035d8-38e0-4495-8a9f-dd9eadd945ab","local_time":"20191017155209","is_ascension_mode":true,"campfire_choices":[{"data":"Consume","floor":6,"key":"SMITH"},{"data":"Zap","floor":8,"key":"SMITH"},{"data":"Dualcast","floor":13,"key":"SMITH"},{"data":"Loop","floor":15,"key":"SMITH"},{"data":"Recycle","floor":23,"key":"SMITH"}],"neow_cost":"PERCENT_DAMAGE","seed_source_timestamp":527917361652831,"circlet_count":0,"master_deck":["AscendersBane","Strike_B","Strike_B","Strike_B","Defend_B","Defend_B","Defend_B","Defend_B","Zap+1","Dualcast+1","Seek","Coolheaded","Recycle+1","Consume+1","Coolheaded","Loop+1","Electrodynamics","Hologram","Capacitor","Redo"],"relics":["Cracked Core","Golden Idol","Vajra","Philosopher\u0027s Stone","OrangePellets"],"potions_floor_usage":[16,16,21,21],"damage_taken":[{"damage":14,"enemies":"Jaw Worm","floor":1,"turns":5},{"damage":0,"enemies":"Small Slimes","floor":3,"turns":4},{"damage":4,"enemies":"Cultist","floor":5,"turns":4},{"damage":4,"enemies":"3 Louse","floor":11,"turns":3},{"damage":11,"enemies":"Exordium Wildlife","floor":12,"turns":6},{"damage":16,"enemies":"Exordium Thugs","floor":14,"turns":7},{"damage":0,"enemies":"The Guardian","floor":16,"turns":10},{"damage":0,"enemies":"Spheric Guardian","floor":18,"turns":5},{"damage":20,"enemies":"Shell Parasite","floor":19,"turns":7},{"damage":26,"enemies":"Shelled Parasite and Fungi","floor":21,"turns":6},{"damage":17,"enemies":"Cultist and Chosen","floor":25,"turns":3}],"seed_played":"-8827893295034502455","potions_obtained":[{"floor":1,"key":"PotionOfCapacity"},{"floor":5,"key":"FocusPotion"},{"floor":16,"key":"Explosive Potion"},{"floor":19,"key":"Block Potion"}],"is_trial":false,"path_per_floor":["M","?","M","$","M","R","?","R","T","?","M","M","R","M","R","B",null,"M","M","$","M","?","R","?","M"],"character_chosen":"DEFECT","items_purchased":["OrangePellets","Capacitor"],"campfire_rested":0,"item_purchase_floors":[20,20],"current_hp_per_floor":[32,32,32,32,28,28,28,28,28,64,60,49,49,33,33,33,56,56,36,36,10,10,10,10,0],"gold":76,"neow_bonus":"THREE_RARE_CARDS","is_prod":false,"is_daily":false,"chose_seed":false,"campfire_upgraded":5,"win_rate":0,"timestamp":1571298729,"path_taken":["M","?","M","$","M","R","?","R","T","?","?","M","R","M","R","BOSS","M","M","$","M","?","R","?","?"],"build_version":"2019-10-16","purchased_purges":1,"victory":false,"max_hp_per_floor":[71,64,64,64,64,64,64,64,64,64,64,64,64,64,64,64,64,64,64,64,64,64,64,64,64],"card_choices":[{"not_picked":["Hyperbeam","Amplify"],"picked":"Seek","floor":0},{"not_picked":["Storm","Go for the Eyes"],"picked":"Coolheaded","floor":1},{"not_picked":["Blizzard","Coolheaded"],"picked":"Recycle","floor":3},{"not_picked":["Force Field","Gash"],"picked":"Consume","floor":5},{"not_picked":["Static Discharge","Steam Power"],"picked":"Coolheaded","floor":11},{"not_picked":["Stack","Genetic Algorithm","Steam"],"picked":"SKIP","floor":12},{"not_picked":["Sweeping Beam","Auto Shields"],"picked":"Loop","floor":14},{"not_picked":["Fission","Seek"],"picked":"Electrodynamics","floor":16},{"not_picked":["Barrage+1","Streamline"],"picked":"Hologram","floor":18},{"not_picked":["Rebound+1","Stack","Steam Power"],"picked":"SKIP","floor":19},{"not_picked":["Streamline","Steam"],"picked":"Redo","floor":21}],"player_experience":1102655,"relics_obtained":[{"floor":9,"key":"Vajra"}],"event_choices":[{"damage_healed":0,"gold_gain":0,"player_choice":"Lose Max HP","damage_taken":0,"relics_obtained":["Golden Idol"],"max_hp_gain":0,"max_hp_loss":7,"event_name":"Golden Idol","floor":2,"gold_loss":0},{"damage_healed":0,"gold_gain":0,"player_choice":"Ignored","damage_taken":0,"max_hp_gain":0,"max_hp_loss":0,"event_name":"Liars Game","floor":7,"gold_loss":0},{"damage_healed":36,"gold_gain":0,"player_choice":"Full Heal","damage_taken":0,"max_hp_gain":0,"max_hp_loss":0,"event_name":"Wheel of Change","floor":10,"gold_loss":0},{"damage_healed":0,"gold_gain":0,"player_choice":"Ignored","damage_taken":0,"max_hp_gain":0,"max_hp_loss":0,"event_name":"The Mausoleum","floor":24,"gold_loss":0}],"is_beta":true,"boss_relics":[{"not_picked":["FrozenCore","Velvet Choker"],"picked":"Philosopher\u0027s Stone"}],"items_purged_floors":[4],"is_endless":false,"potions_floor_spawned":[1,5,11,16,19],"killed_by":"Cultist and Chosen","ascension_level":20}