{"gold_per_floor":[112,112,112,126,143,170,170,184,184,196,196,196,210,240,240,343,343,362,380,400,417,135,135,145,145],"floor_reached":25,"playtime":1322,"items_purged":[],"score":260,"play_id":"68ce1c58-a08c-438e-9d81-ef6c58324efa","local_time":"20191017112810","is_ascension_mode":true,"campfire_choices":[{"floor":7,"key":"REST"},{"floor":11,"key":"REST"},{"floor":15,"key":"REST"},{"floor":23,"key":"REST"}],"neow_cost":"NONE","seed_source_timestamp":531103001414000,"circlet_count":0,"master_deck":["Strike_B","Strike_B","Strike_B","Strike_B","Defend_B","Defend_B","Defend_B","Defend_B","Zap","Dualcast","Echo Form","Chaos","Chaos+1","Conserve Battery","White Noise","Leap","Loop","Doom and Gloom","Rainbow","Static Discharge","Heatsinks+1","Cold Snap","Reprogram","Hologram+1"],"relics":["Cracked Core","Pen Nib","Gremlin Horn","Shovel","Lizard Tail","Runic Capacitor"],"potions_floor_usage":[8,14,21],"damage_taken":[{"damage":0,"enemies":"Cultist","floor":1,"turns":4},{"damage":12,"enemies":"Jaw Worm","floor":4,"turns":4},{"damage":14,"enemies":"Small Slimes","floor":5,"turns":3},{"damage":30,"enemies":"Lagavulin","floor":6,"turns":8},{"damage":11,"enemies":"3 Louse","floor":8,"turns":3},{"damage":14,"enemies":"Red Slaver","floor":10,"turns":3},{"damage":12,"enemies":"2 Fungi Beasts","floor":13,"turns":4},{"damage":14,"enemies":"3 Sentries","floor":14,"turns":5},{"damage":14,"enemies":"Hexaghost","floor":16,"turns":9},{"damage":32,"enemies":"3 Byrds","floor":18,"turns":6},{"damage":7,"enemies":"Chosen","floor":19,"turns":4},{"damage":32,"enemies":"Snake Plant","floor":20,"turns":3},{"damage":18,"enemies":"3 Cultists","floor":21,"turns":5},{"damage":34,"enemies":"Centurion and Healer","floor":24,"turns":7},{"damage":9,"enemies":"Book of Stabbing","floor":25,"turns":2}],"seed_played":"4365177855124769063","potions_obtained":[{"floor":4,"key":"Explosive Potion"},{"floor":8,"key":"AttackPotion"},{"floor":14,"key":"Fire Potion"},{"floor":16,"key":"Dexterity Potion"},{"floor":18,"key":"Ancient Potion"}],"is_trial":false,"path_per_floor":["M","$","?","M","M","E","R","M","T","M","R","?","M","E","R","B",null,"M","M","M","M","$","R","M","E"],"character_chosen":"DEFECT","items_purchased":["Runic Capacitor","Reprogram"],"campfire_rested":4,"item_purchase_floors":[22,22],"current_hp_per_floor":[75,75,75,63,49,19,41,30,30,16,38,38,26,12,34,20,75,43,36,4,23,23,45,11,2],"gold":145,"neow_bonus":"ONE_RANDOM_RARE_CARD","is_prod":false,"is_daily":false,"chose_seed":false,"campfire_upgraded":0,"win_rate":0,"timestamp":1571304490,"path_taken":["M","$","?","M","M","E","R","M","T","?","R","?","M","E","R","BOSS","M","?","?","M","$","R","M","E"],"build_version":"2019-07-17","purchased_purges":0,"victory":false,"max_hp_per_floor":[75,75,75,75,75,75,75,75,75,75,75,75,75,75,75,75,75,75,75,75,75,75,75,75,75],"card_choices":[{"not_picked":["Ball Lightning","Rip and Tear"],"picked":"Chaos","floor":1},{"not_picked":["Steam","Auto Shields"],"picked":"Chaos","floor":4},{"not_picked":["Barrage","Skim","Stack"],"picked":"SKIP","floor":5},{"not_picked":["Steam","Redo"],"picked":"Conserve Battery","floor":6},{"not_picked":["Rebound","Turbo"],"picked":"White Noise","floor":8},{"not_picked":["Gash","Melter"],"picked":"Leap","floor":10},{"not_picked":["Lockon","Leap"],"picked":"Loop","floor":13},{"not_picked":["Beam Cell","Sweeping Beam"],"picked":"Doom and Gloom","floor":14},{"not_picked":["Meteor Strike","Machine Learning"],"picked":"Rainbow","floor":16},{"not_picked":["Defragment","Hello World"],"picked":"Static Discharge","floor":18},{"not_picked":["Rebound","Conserve Battery"],"picked":"Heatsinks+1","floor":19},{"not_picked":["Turbo","Gash"],"picked":"Cold Snap","floor":20},{"not_picked":["Gash","Beam Cell+1","Rebound"],"picked":"SKIP","floor":21},{"not_picked":["Ball Lightning","Turbo"],"picked":"Hologram+1","floor":24}],"player_experience":372424,"relics_obtained":[{"floor":6,"key":"Pen Nib"},{"floor":9,"key":"Gremlin Horn"},{"floor":14,"key":"Shovel"}],"event_choices":[{"damage_healed":0,"gold_gain":0,"player_choice":"Full Heal","damage_taken":0,"max_hp_gain":0,"max_hp_loss":0,"event_name":"Wheel of Change","floor":3,"gold_loss":0},{"damage_healed":0,"gold_gain":0,"player_choice":"Upgraded","damage_taken":0,"max_hp_gain":0,"max_hp_loss":0,"event_name":"Upgrade Shrine","floor":12,"gold_loss":0,"cards_upgraded":["Chaos"]}],"is_beta":false,"boss_relics":[{"not_picked":["Black Star","Coffee Dripper"],"picked":"Lizard Tail"}],"items_purged_floors":[],"is_endless":false,"potions_floor_spawned":[4,8,14,16,18,19],"killed_by":"Book of Stabbing","ascension_level":4}