{"gold_per_floor":[117,117,117,142,165,165,206,220,220,239,45,22,43,86,86,206,206,221,320,320,51,51,79,79,90,117,117,117,130,130,162,162,267,267,280,280,380,394,40,40,51,51,51,51,51,61,61,79,79,79,79,79,8,8],"floor_reached":54,"playtime":3010,"items_purged":["Defend_G+1"],"score":774,"play_id":"7915516d-dcbe-439c-b4d0-fe63d0aba791","local_time":"20191016193817","is_ascension_mode":true,"campfire_choices":[{"floor":6,"key":"REST"},{"floor":15,"key":"REST"},{"floor":24,"key":"REST"},{"floor":27,"key":"REST"},{"data":"Blade Dance","floor":32,"key":"SMITH"},{"floor":40,"key":"RECALL"},{"data":"A Thousand Cuts","floor":42,"key":"SMITH"},{"data":"Panache","floor":45,"key":"SMITH"},{"data":"Panache","floor":49,"key":"SMITH"},{"data":"Panache","floor":52,"key":"SMITH"}],"neow_cost":"PERCENT_DAMAGE","seed_source_timestamp":472421623702400,"circlet_count":0,"master_deck":["Defend_G+1","Defend_G+1","Defend_G+1","Defend_G+1","Survivor","Neutralize","Choke","Backflip+1","Backstab","Blade Dance","Blade Dance","Panache+1","Blade Dance+1","Dash","Deflect","A Thousand Cuts+1","Outmaneuver+1","Panache+1","Footwork","Prepared","Dodge and Roll+1","Bite","Bite","Bite","Bite","Bite","Panache+1","Blur","After Image+1","Outmaneuver","Deflect+1","Well Laid Plans+1","Acrobatics","Trip","Parasite","Sucker Punch+1","Footwork+1"],"relics":["Ring of the Snake","Ice Cream","Bloody Idol","War Paint","Anchor","Singing Bowl","Empty Cage","Frozen Egg 2","Tough Bandages","Bird Faced Urn","Bottled Lightning","StoneCalendar"],"potions_floor_usage":[7,16,25,33,50],"damage_taken":[{"damage":0,"enemies":"Jaw Worm","floor":1,"turns":5},{"damage":0,"enemies":"2 Louse","floor":4,"turns":2},{"damage":0,"enemies":"Small Slimes","floor":5,"turns":3},{"damage":22,"enemies":"Gremlin Nob","floor":7,"turns":5},{"damage":0,"enemies":"2 Fungi Beasts","floor":8,"turns":3},{"damage":0,"enemies":"3 Louse","floor":10,"turns":2},{"damage":0,"enemies":"Red Slaver","floor":13,"turns":2},{"damage":31,"enemies":"3 Sentries","floor":14,"turns":9},{"damage":23,"enemies":"The Guardian","floor":16,"turns":14},{"damage":17,"enemies":"Chosen","floor":18,"turns":6},{"damage":36,"enemies":"Slavers","floor":23,"turns":5},{"damage":19,"enemies":"Shell Parasite","floor":25,"turns":4},{"damage":13,"enemies":"Centurion and Healer","floor":29,"turns":6},{"damage":3,"enemies":"Gremlin Leader","floor":31,"turns":6},{"damage":27,"enemies":"Automaton","floor":33,"turns":9},{"damage":9,"enemies":"3 Shapes","floor":35,"turns":6},{"damage":5,"enemies":"Mind Bloom Boss Battle","floor":37,"turns":9},{"damage":0,"enemies":"Orb Walker","floor":38,"turns":4},{"damage":31,"enemies":"Sphere and 2 Shapes","floor":41,"turns":7},{"damage":3,"enemies":"Writhing Mass","floor":46,"turns":7},{"damage":2,"enemies":"Jaw Worm Horde","floor":48,"turns":4},{"damage":29,"enemies":"Time Eater","floor":50,"turns":10},{"damage":87,"enemies":"Shield and Spear","floor":54,"turns":5}],"seed_played":"-4497923125026562249","potions_obtained":[{"floor":1,"key":"GamblersBrew"},{"floor":8,"key":"SteroidPotion"},{"floor":14,"key":"Ancient Potion"},{"floor":16,"key":"SpeedPotion"},{"floor":18,"key":"Swift Potion"},{"floor":29,"key":"Swift Potion"},{"floor":31,"key":"SteroidPotion"},{"floor":33,"key":"FearPotion"},{"floor":46,"key":"Dexterity Potion"}],"is_trial":false,"path_per_floor":["M","?","?","M","M","R","E","M","T","M","$","$","M","E","R","B",null,"M","?","?","$","?","E","R","M","T","R","?","M","?","E","R","B",null,"M","T","?","M","$","R","M","R","T","?","R","M","$","M","R","B",null,"R","$","E"],"character_chosen":"THE_SILENT","items_purchased":["Panache","Blade Dance","Panache","Footwork","Bottled Lightning","Well Laid Plans+1","Footwork+1"],"campfire_rested":4,"item_purchase_floors":[11,12,21,21,39,39,53],"current_hp_per_floor":[49,49,49,49,49,65,43,43,43,43,43,43,43,12,31,8,65,48,48,48,48,48,17,36,24,29,48,48,50,50,64,64,46,67,65,65,67,69,69,69,57,57,57,57,57,69,69,71,71,59,71,71,71,0],"gold":8,"neow_bonus":"ONE_RARE_RELIC","is_prod":false,"is_daily":false,"chose_seed":false,"campfire_upgraded":5,"win_rate":0,"timestamp":1571247497,"path_taken":["M","?","?","M","M","R","E","M","T","M","?","$","M","E","R","BOSS","M","?","?","$","?","E","R","M","T","R","?","M","?","E","R","BOSS","M","?","?","M","$","R","M","R","T","?","R","M","$","M","R","BOSS","R","$","E"],"build_version":"2019-07-17","purchased_purges":1,"victory":false,"max_hp_per_floor":[70,70,65,65,65,65,65,65,65,65,65,65,65,65,65,65,65,65,65,65,65,65,65,65,65,65,65,65,67,67,67,67,67,67,67,67,67,69,69,69,69,69,69,69,69,69,69,71,71,71,71,71,71,71],"card_choices":[{"not_picked":["Predator","Distraction"],"picked":"Choke","floor":1},{"not_picked":["Catalyst","Sucker Punch","Reflex"],"picked":"SKIP","floor":4},{"not_picked":["Flying Knee","Catalyst"],"picked":"Backflip","floor":5},{"not_picked":["Deadly Poison","Dodge and Roll"],"picked":"Backstab","floor":7},{"not_picked":["Dodge and Roll","Bane"],"picked":"Blade Dance","floor":8},{"not_picked":["Flechettes","Deadly Poison"],"picked":"Blade Dance","floor":10},{"not_picked":["Reflex","Crippling Poison"],"picked":"Dash","floor":13},{"not_picked":["Backstab","Crippling Poison"],"picked":"Deflect","floor":14},{"not_picked":["Unload","Storm of Steel"],"picked":"A Thousand Cuts","floor":16},{"not_picked":["Backflip","Predator"],"picked":"Outmaneuver+1","floor":18},{"not_picked":["Escape Plan+1","Noxious Fumes"],"picked":"Prepared","floor":23},{"not_picked":["Deadly Poison+1","Quick Slash"],"picked":"Dodge and Roll+1","floor":25},{"not_picked":["Poisoned Stab","Heel Hook","Sucker Punch"],"picked":"Singing Bowl","floor":29},{"not_picked":["Wraith Form v2","Eviscerate"],"picked":"Blur","floor":31},{"not_picked":["Corpse Explosion","Venomology"],"picked":"After Image+1","floor":33},{"not_picked":["Distraction","Choke"],"picked":"Outmaneuver","floor":35},{"not_picked":["Poisoned Stab","Underhanded Strike"],"picked":"Deflect+1","floor":37},{"not_picked":["Dodge and Roll","Endless Agony","Eviscerate"],"picked":"Singing Bowl","floor":38},{"not_picked":["Reflex+1","Concentrate+1"],"picked":"Acrobatics","floor":41},{"not_picked":["Purity","Violence"],"picked":"Trip","floor":44},{"not_picked":["Caltrops+1","Concentrate"],"picked":"Sucker Punch+1","floor":46},{"not_picked":["Poisoned Stab+1","Tactician+1","Prepared"],"picked":"Singing Bowl","floor":48}],"player_experience":361163,"relics_obtained":[{"floor":7,"key":"War Paint"},{"floor":9,"key":"Anchor"},{"floor":14,"key":"Singing Bowl"},{"floor":23,"key":"Blood Vial"},{"floor":31,"key":"Frozen Egg 2"},{"floor":36,"key":"Tough Bandages"},{"floor":37,"key":"Bird Faced Urn"},{"floor":43,"key":"StoneCalendar"}],"event_choices":[{"damage_healed":0,"gold_gain":0,"player_choice":"Ignored","damage_taken":0,"max_hp_gain":0,"max_hp_loss":0,"event_name":"Liars Game","floor":2,"gold_loss":0},{"damage_healed":0,"gold_gain":0,"player_choice":"Lose Max HP","damage_taken":0,"relics_obtained":["Golden Idol"],"max_hp_gain":0,"max_hp_loss":5,"event_name":"Golden Idol","floor":3,"gold_loss":0},{"damage_healed":0,"gold_gain":99,"player_choice":"Stole From Cult","damage_taken":0,"max_hp_gain":0,"max_hp_loss":0,"event_name":"Nest","floor":19,"gold_loss":0},{"damage_healed":0,"gold_gain":0,"player_choice":"Simplicity","damage_taken":0,"max_hp_gain":0,"max_hp_loss":0,"event_name":"Back to Basics","floor":20,"gold_loss":0,"cards_upgraded":["Strike_G","Strike_G","Strike_G","Defend_G","Defend_G","Defend_G","Defend_G"]},{"damage_healed":0,"gold_gain":0,"player_choice":"Gave Idol","damage_taken":0,"relics_obtained":["Bloody Idol"],"max_hp_gain":0,"max_hp_loss":0,"event_name":"Forgotten Altar","floor":22,"relics_lost":["Golden Idol"],"gold_loss":0},{"damage_healed":0,"gold_gain":0,"player_choice":"Became a vampire (Vial)","damage_taken":0,"max_hp_gain":0,"max_hp_loss":0,"event_name":"Vampires","floor":28,"relics_lost":["Blood Vial"],"gold_loss":0,"cards_obtained":["Bite","Bite","Bite","Bite","Bite"]},{"damage_healed":0,"gold_gain":0,"player_choice":"Copied","damage_taken":0,"max_hp_gain":0,"max_hp_loss":0,"event_name":"Duplicator","floor":30,"gold_loss":0,"cards_obtained":["Panache"]},{"damage_healed":0,"gold_gain":0,"player_choice":"Fight","damage_taken":0,"max_hp_gain":0,"max_hp_loss":0,"event_name":"MindBloom","floor":37,"gold_loss":0},{"damage_healed":0,"gold_gain":0,"player_choice":"Memory 1","damage_taken":0,"max_hp_gain":0,"max_hp_loss":0,"event_name":"SensoryStone","floor":44,"gold_loss":0}],"is_beta":false,"boss_relics":[{"not_picked":["Lizard Tail","Orrery"],"picked":"Empty Cage"},{"not_picked":["Coffee Dripper","Cursed Key","Pandora\u0027s Box"]}],"items_purged_floors":[39],"is_endless":false,"potions_floor_spawned":[1,8,14,16,18,29,31,33,38,46],"killed_by":"Shield and Spear","ascension_level":2}