{"gold_per_floor":[109,124,138,138,149,149,179,179,179,194,224,224,149,169,169,241,241,254,254,270,270,296,296,313,342,389,389,430,12,12,52,52,134,134,154,60,87,114,129,129,168,195,195,195,219,53,53,53,53,53,53],"floor_reached":52,"playtime":2263,"items_purged":["Strike_B"],"score":1850,"play_id":"4cf4f811-24d8-42be-b8fa-d9eb3b88c8ea","local_time":"20190927154104","is_ascension_mode":true,"campfire_choices":[{"data":"Zap","floor":6.0,"key":"SMITH"},{"data":"Dualcast","floor":8.0,"key":"SMITH"},{"data":"Hologram","floor":12.0,"key":"SMITH"},{"floor":15.0,"key":"REST"},{"data":"Defragment","floor":23.0,"key":"SMITH"},{"data":"Blizzard","floor":27.0,"key":"SMITH"},{"data":"Coolheaded","floor":32.0,"key":"SMITH"},{"data":"Fission","floor":40.0,"key":"SMITH"},{"data":"Coolheaded","floor":49.0,"key":"SMITH"}],"neow_cost":"NONE","seed_source_timestamp":427846804213651,"circlet_count":0,"master_deck":["AscendersBane","Defend_B","Defend_B+1","Defend_B","Defend_B","Zap+1","Dualcast+1","Cold Snap","Reinforced Body+1","Reboot","Hologram+1","Undo","Gash","Echo Form","Blizzard+1","Defragment+1","Ghostly","Ghostly","Ghostly","Hologram","Loop","Defragment","Coolheaded+1","Fission+1","Redo+1","Purity","Coolheaded+1","Sunder","Compile Driver","Heatsinks+1","Hologram"],"special_seed":0,"relics":["Cracked Core","NeowsBlessing","War Paint","Mercury Hourglass","Matryoshka","Nuclear Battery","Dream Catcher","Oddly Smooth Stone","HornCleat","Juzu Bracelet","CeramicFish","Meat on the Bone","Ornamental Fan","SacredBark","Bronze Scales","Regal Pillow","Bag of Preparation"],"potions_floor_usage":[51,51],"damage_taken":[{"damage":0.0,"enemies":"Cultist","floor":1.0,"turns":1.0},{"damage":0.0,"enemies":"Small Slimes","floor":2.0,"turns":1.0},{"damage":0.0,"enemies":"Jaw Worm","floor":3.0,"turns":1.0},{"damage":13.0,"enemies":"Large Slime","floor":5.0,"turns":5.0},{"damage":32.0,"enemies":"Gremlin Nob","floor":7.0,"turns":4.0},{"damage":0.0,"enemies":"3 Louse","floor":10.0,"turns":3.0},{"damage":8.0,"enemies":"Lagavulin","floor":11.0,"turns":6.0},{"damage":0.0,"enemies":"Blue Slaver","floor":14.0,"turns":3.0},{"damage":28.0,"enemies":"Slime Boss","floor":16.0,"turns":8.0},{"damage":5.0,"enemies":"3 Byrds","floor":18.0,"turns":3.0},{"damage":17.0,"enemies":"2 Thieves","floor":20.0,"turns":4.0},{"damage":2.0,"enemies":"Chosen and Byrds","floor":24.0,"turns":5.0},{"damage":3.0,"enemies":"Slavers","floor":25.0,"turns":7.0},{"damage":4.0,"enemies":"Book of Stabbing","floor":28.0,"turns":7.0},{"damage":10.0,"enemies":"Slavers","floor":31.0,"turns":7.0},{"damage":11.0,"enemies":"Champ","floor":33.0,"turns":14.0},{"damage":0.0,"enemies":"3 Shapes","floor":35.0,"turns":5.0},{"damage":14.0,"enemies":"Orb Walker","floor":37.0,"turns":7.0},{"damage":9.0,"enemies":"Sphere and 2 Shapes","floor":38.0,"turns":9.0},{"damage":15.0,"enemies":"Jaw Worm Horde","floor":39.0,"turns":4.0},{"damage":1.0,"enemies":"Reptomancer","floor":41.0,"turns":10.0},{"damage":0.0,"enemies":"Spire Growth","floor":42.0,"turns":8.0},{"damage":3.0,"enemies":"4 Shapes","floor":45.0,"turns":5.0},{"damage":6.0,"enemies":"Donu and Deca","floor":50.0,"turns":14.0},{"damage":17,"enemies":"Time Eater","floor":51,"turns":18}],"seed_played":"-3752694348305731451","potions_obtained":[{"floor":5.0,"key":"Energy Potion"},{"floor":11.0,"key":"FocusPotion"},{"floor":20.0,"key":"EntropicBrew"},{"floor":24.0,"key":"Ancient Potion"},{"floor":35.0,"key":"DuplicationPotion"}],"is_trial":false,"path_per_floor":["M","M","M","?","M","R","E","R","T","M","E","R","?","M","R","B",null,"M","?","M","?","T","R","M","E","T","R","E","$","?","E","R","B",null,"M","$","M","M","M","R","E","M","T","?","M","$","?","?","R","B","B",null],"character_chosen":"DEFECT","items_purchased":["Meat on the Bone","Defragment","Purity","Bag of Preparation"],"campfire_rested":1,"item_purchase_floors":[29,29,36,46],"current_hp_per_floor":[64,64,64,64,51,51,19,19,19,19,11,11,11,11,32,4,54,49,49,32,32,32,32,30,27,27,27,23,23,18,20,20,21,32,32,32,18,21,18,18,29,29,29,29,26,26,26,26,26,20,15],"gold":53,"neow_bonus":"THREE_ENEMY_KILL","is_prod":false,"is_daily":false,"chose_seed":false,"campfire_upgraded":8,"win_rate":0,"timestamp":1569570064,"path_taken":["M","?","?","?","M","R","E","R","T","M","E","R","?","M","R","BOSS","M","?","M","?","?","R","?","E","T","R","E","$","?","E","R","BOSS","M","?","M","M","M","R","E","M","T","?","M","$","?","?","R","BOSS","BOSS"],"build_version":"2019-09-26","purchased_purges":1,"victory":true,"max_hp_per_floor":[71,71,71,71,71,71,71,71,71,71,71,71,71,71,71,71,71,71,71,71,35,35,35,35,35,35,35,35,35,35,35,35,35,35,35,35,35,35,35,35,35,35,35,35,35,35,35,35,35,35,35],"card_choices":[{"not_picked":["Sweeping Beam","Go for the Eyes","Steam"],"picked":"SKIP","floor":1.0},{"not_picked":["Blizzard","Double Energy"],"picked":"Cold Snap","floor":2.0},{"not_picked":["Steam","Gash"],"picked":"Reinforced Body","floor":3.0},{"not_picked":["Conserve Battery","Go for the Eyes"],"picked":"Ball Lightning","floor":5.0},{"not_picked":["Reinforced Body","Rip and Tear"],"picked":"Reboot","floor":7.0},{"not_picked":["Conserve Battery","Aggregate"],"picked":"Hologram","floor":10.0},{"not_picked":["Rip and Tear","Hologram"],"picked":"Undo","floor":11.0},{"not_picked":["Chill","Fusion"],"picked":"Gash","floor":14.0},{"not_picked":["Meteor Strike","Fission"],"picked":"Echo Form","floor":16.0},{"not_picked":["Cold Snap","Chill"],"picked":"Blizzard","floor":18.0},{"not_picked":["Consume","Sweeping Beam"],"picked":"Defragment","floor":20.0},{"not_picked":["Go for the Eyes","Genetic Algorithm","Lockon"],"picked":"SKIP","floor":24.0},{"not_picked":["Rebound+1","Leap"],"picked":"Hologram","floor":25.0},{"not_picked":["Static Discharge","Sweeping Beam"],"picked":"Loop","floor":28.0},{"not_picked":["Undo","Lockon"],"picked":"Coolheaded","floor":31.0},{"not_picked":["All For One","Creative AI"],"picked":"Fission","floor":33.0},{"not_picked":["Streamline","Hologram"],"picked":"Redo+1","floor":35.0},{"not_picked":["Conserve Battery","Stack"],"picked":"Coolheaded","floor":37.0},{"not_picked":["Lockon","Sunder","Steam Power"],"picked":"SKIP","floor":38.0},{"not_picked":["Lockon","Steam Power"],"picked":"Sunder","floor":38.0},{"not_picked":["Go for the Eyes","Streamline+1","Creative AI"],"picked":"SKIP","floor":39.0},{"not_picked":["Go for the Eyes","Streamline+1","Creative AI"],"picked":"SKIP","floor":39.0},{"not_picked":["Gash+1","Tempest+1"],"picked":"Compile Driver","floor":41.0},{"not_picked":["Sunder","Scrape"],"picked":"Heatsinks+1","floor":42.0},{"not_picked":["Self Repair","Coolheaded"],"picked":"Hologram","floor":45.0}],"player_experience":1026916,"relics_obtained":[{"floor":7.0,"key":"War Paint"},{"floor":9.0,"key":"Mercury Hourglass"},{"floor":11.0,"key":"Matryoshka"},{"floor":22.0,"key":"Dream Catcher"},{"floor":22.0,"key":"Oddly Smooth Stone"},{"floor":25.0,"key":"HornCleat"},{"floor":26.0,"key":"Juzu Bracelet"},{"floor":28.0,"key":"CeramicFish"},{"floor":31.0,"key":"Ornamental Fan"},{"floor":41.0,"key":"Bronze Scales"},{"floor":43.0,"key":"Regal Pillow"}],"event_choices":[{"damage_healed":0.0,"max_hp_gain":0.0,"max_hp_loss":0.0,"gold_gain":0.0,"event_name":"Liars Game","player_choice":"Ignored","floor":4.0,"gold_loss":0.0,"damage_taken":0.0},{"cards_removed":["Strike_B"],"damage_healed":0.0,"max_hp_gain":0.0,"max_hp_loss":0.0,"gold_gain":0.0,"event_name":"The Cleric","player_choice":"Card Removal","floor":13.0,"gold_loss":75.0,"damage_taken":0.0},{"cards_removed":["Strike_B"],"damage_healed":0.0,"max_hp_gain":0.0,"max_hp_loss":0.0,"gold_gain":0.0,"event_name":"Back to Basics","player_choice":"Elegance","floor":19.0,"gold_loss":0.0,"damage_taken":0.0},{"damage_healed":0.0,"max_hp_gain":0.0,"max_hp_loss":36.0,"gold_gain":0.0,"event_name":"Ghosts","player_choice":"Became a Ghost","floor":21.0,"gold_loss":0.0,"damage_taken":0.0,"cards_obtained":["Ghostly","Ghostly","Ghostly"]},{"damage_healed":0.0,"max_hp_gain":0.0,"max_hp_loss":0.0,"gold_gain":0.0,"event_name":"Wheel of Change","player_choice":"Damaged","floor":30.0,"gold_loss":0.0,"damage_taken":5.0},{"damage_healed":0.0,"max_hp_gain":0.0,"max_hp_loss":0.0,"gold_gain":0.0,"event_name":"Match and Keep!","player_choice":"0 cards matched","floor":44.0,"gold_loss":0.0,"damage_taken":0.0,"cards_obtained":[]},{"cards_removed":["Strike_B"],"damage_healed":0.0,"max_hp_gain":0.0,"max_hp_loss":0.0,"gold_gain":0.0,"event_name":"Purifier","player_choice":"Purged","floor":47.0,"gold_loss":0.0,"damage_taken":0.0},{"cards_removed":["Ball Lightning"],"damage_healed":0.0,"max_hp_gain":0.0,"max_hp_loss":0.0,"gold_gain":0.0,"event_name":"Falling","player_choice":"Removed Attack","floor":48.0,"gold_loss":0.0,"damage_taken":0.0}],"is_beta":true,"boss_relics":[{"not_picked":["FrozenCore","Sozu"],"picked":"Nuclear Battery"},{"not_picked":["Velvet Choker","Philosopher\u0027s Stone"],"picked":"SacredBark"}],"items_purged_floors":[29],"is_endless":false,"potions_floor_spawned":[5,7,11,20,24,25,35,38,41],"ascension_level":20}