{"gold_per_floor":[110,110,126,126,144,177,177,189,189,208,56,67,67,84,84,185,185,202,202,218,218,245,245],"floor_reached":23,"playtime":879,"items_purged":[],"score":193,"play_id":"95da4114-dce0-4db5-83e6-72c046e8a099","local_time":"20191003151128","is_ascension_mode":false,"campfire_choices":[{"data":"Sunder","floor":7,"key":"SMITH"},{"floor":13,"key":"REST"},{"floor":15,"key":"REST"}],"neow_cost":"NONE","seed_source_timestamp":579560324721900,"circlet_count":0,"master_deck":["Strike_B","Strike_B","Strike_B","Strike_B","Defend_B+1","Defend_B","Defend_B+1","Defend_B","Zap+1","Dualcast","Defragment","Sunder+1","Leap","Gash","White Noise","Steam","Defragment","Genetic Algorithm","Creative AI","Necronomicurse","Storm"],"relics":["Cracked Core","Peace Pipe","Dodecahedron","Cables","Vajra","Necronomicon","Happy Flower"],"potions_floor_usage":[16,20,23],"damage_taken":[{"damage":0,"enemies":"Small Slimes","floor":1,"turns":2},{"damage":2,"enemies":"2 Louse","floor":3,"turns":2},{"damage":0,"enemies":"Cultist","floor":5,"turns":3},{"damage":25,"enemies":"Gremlin Nob","floor":6,"turns":5},{"damage":0,"enemies":"Looter","floor":8,"turns":3},{"damage":12,"enemies":"3 Louse","floor":10,"turns":2},{"damage":3,"enemies":"Blue Slaver","floor":12,"turns":3},{"damage":0,"enemies":"Gremlin Gang","floor":14,"turns":4},{"damage":36,"enemies":"The Guardian","floor":16,"turns":11},{"damage":30,"enemies":"3 Byrds","floor":18,"turns":4},{"damage":13,"enemies":"Shell Parasite","floor":20,"turns":4},{"damage":13,"enemies":"Book of Stabbing","floor":23,"turns":2}],"seed_played":"9197361774627396889","potions_obtained":[{"floor":1,"key":"LiquidBronze"},{"floor":8,"key":"Block Potion"},{"floor":12,"key":"Regen Potion"},{"floor":14,"key":"LiquidBronze"},{"floor":16,"key":"Energy Potion"},{"floor":20,"key":"Block Potion"}],"is_trial":false,"path_per_floor":["M","?","M","?","M","E","R","M","T","M","$","M","R","M","R","B",null,"M","?","M","?","T","E"],"character_chosen":"DEFECT","items_purchased":["Vajra"],"campfire_rested":2,"item_purchase_floors":[11],"current_hp_per_floor":[75,60,58,58,58,33,33,33,33,21,21,18,40,40,62,40,75,45,29,16,2,2,0],"gold":245,"neow_bonus":"UPGRADE_CARD","is_prod":false,"is_daily":false,"chose_seed":false,"campfire_upgraded":1,"win_rate":0.0,"timestamp":1570108288,"path_taken":["M","?","M","?","M","E","R","M","T","M","$","M","R","?","R","BOSS","M","?","M","?","?","E"],"build_version":"2019-07-17","purchased_purges":0,"victory":false,"max_hp_per_floor":[75,75,75,75,75,75,75,75,75,75,75,75,75,75,75,75,75,75,75,75,80,80,80],"card_choices":[{"not_picked":["Storm","Redo"],"picked":"Defragment","floor":1},{"not_picked":["Beam Cell","Force Field"],"picked":"Sunder","floor":3},{"not_picked":["Scrape","Stack"],"picked":"Leap","floor":5},{"not_picked":["Go for the Eyes","Undo"],"picked":"Gash","floor":6},{"not_picked":["Undo","Conserve Battery"],"picked":"White Noise","floor":8},{"not_picked":["Core Surge","Recycle"],"picked":"Steam","floor":10},{"not_picked":["Reinforced Body","Turbo"],"picked":"Defragment","floor":12},{"not_picked":["Undo","Conserve Battery"],"picked":"Genetic Algorithm","floor":14},{"not_picked":["Core Surge","Meteor Strike"],"picked":"Creative AI","floor":16},{"not_picked":["Coolheaded","Compile Driver","Leap"],"picked":"SKIP","floor":18},{"not_picked":["Turbo+1","Conserve Battery"],"picked":"Storm","floor":20}],"player_experience":155122,"relics_obtained":[{"floor":6,"key":"Dodecahedron"},{"floor":9,"key":"Cables"},{"floor":19,"key":"Necronomicon"},{"floor":22,"key":"Happy Flower"}],"event_choices":[{"damage_healed":0,"gold_gain":0,"player_choice":"Entered Light","damage_taken":15,"max_hp_gain":0,"max_hp_loss":0,"event_name":"Shining Light","floor":2,"gold_loss":0,"cards_upgraded":["Defend_B","Defend_B"]},{"damage_healed":0,"gold_gain":0,"player_choice":"Gave Potion","damage_taken":0,"relics_obtained":["Peace Pipe"],"max_hp_gain":0,"max_hp_loss":0,"event_name":"WeMeetAgain","floor":4,"gold_loss":0},{"damage_healed":0,"gold_gain":0,"player_choice":"Obtained Book","damage_taken":16,"max_hp_gain":0,"max_hp_loss":0,"event_name":"Cursed Tome","floor":19,"gold_loss":0},{"damage_healed":0,"gold_gain":0,"player_choice":"Shed Blood","damage_taken":19,"max_hp_gain":5,"max_hp_loss":0,"event_name":"Forgotten Altar","floor":21,"gold_loss":0}],"is_beta":false,"boss_relics":[{"not_picked":["Runic Dome","FrozenCore","Velvet Choker"]}],"items_purged_floors":[],"is_endless":false,"potions_floor_spawned":[1,8,12,14,16,20],"killed_by":"Book of Stabbing","ascension_level":0}