{"gold_per_floor":[113,132,132,132,132,168,168,239,239,107,126,126,159,172,172,172],"floor_reached":16,"playtime":283,"items_purged":["Strike_R+1"],"score":266,"play_id":"4766d38c-501f-4da2-83ef-7c588962b96b","local_time":"20190927172348","is_ascension_mode":true,"campfire_choices":[{"data":"Armaments","floor":12,"key":"SMITH"},{"data":"Fire Breathing","floor":15,"key":"SMITH"}],"neow_cost":"NONE","seed_source_timestamp":436671910724541,"circlet_count":0,"master_deck":["AscendersBane","Strike_R+1","Strike_R+1","Strike_R+1","Defend_R","Defend_R","Defend_R","Defend_R","Bash","Burning Pact","Armaments+1","Fire Breathing+1","Immolate"],"special_seed":0,"relics":["Burning Blood","NeowsBlessing","Golden Idol","Toy Ornithopter","PreservedInsect","Whetstone","Juzu Bracelet"],"potions_floor_usage":[8,14,16,16],"damage_taken":[{"damage":0.0,"enemies":"2 Louse","floor":1.0,"turns":1.0},{"damage":0.0,"enemies":"Small Slimes","floor":2.0,"turns":1.0},{"damage":0,"enemies":"3 Sentries","floor":6,"turns":1},{"damage":32,"enemies":"Gremlin Nob","floor":8,"turns":4},{"damage":0,"enemies":"Jaw Worm","floor":11,"turns":5},{"damage":32,"enemies":"Lagavulin","floor":13,"turns":10},{"damage":9,"enemies":"Large Slime","floor":14,"turns":4},{"damage":0,"enemies":"Slime Boss","floor":16,"turns":3}],"seed_played":"-5713591987092586898","potions_obtained":[{"floor":1.0,"key":"LiquidBronze"},{"floor":2.0,"key":"ElixirPotion"},{"floor":11,"key":"SkillPotion"},{"floor":14,"key":"Ancient Potion"}],"is_trial":false,"path_per_floor":["M","M","?","?","?","E","?","?","T","$","M","R","E","M","R","B"],"character_chosen":"IRONCLAD","items_purchased":["Armaments"],"campfire_rested":0,"item_purchase_floors":[10],"current_hp_per_floor":[74,75,75,68,48,54,59,38,38,38,44,44,18,20,20,30],"gold":172,"neow_bonus":"THREE_ENEMY_KILL","is_prod":false,"is_daily":false,"chose_seed":false,"campfire_upgraded":2,"win_rate":0,"timestamp":1569576228,"path_taken":["M","M","?","?","?","E","?","?","T","$","M","R","E","M","R","BOSS"],"build_version":"2019-09-26","purchased_purges":1,"victory":false,"max_hp_per_floor":[75,75,75,68,68,68,73,73,73,73,73,73,73,73,73,73],"card_choices":[{"not_picked":["Sentinel","Rage","Iron Wave"],"picked":"SKIP","floor":1.0},{"not_picked":["Flex","Combust","Cleave"],"picked":"SKIP","floor":2.0},{"not_picked":["Flex","Searing Blow","Corruption"],"picked":"SKIP","floor":6},{"not_picked":["Reckless Charge","Carnage"],"picked":"Burning Pact","floor":8},{"not_picked":["Blood for Blood","Rupture"],"picked":"Fire Breathing","floor":11},{"not_picked":["Headbutt","Thunderclap"],"picked":"Immolate","floor":13},{"not_picked":["Flex","Clothesline","Iron Wave"],"picked":"SKIP","floor":14}],"player_experience":1033700,"relics_obtained":[{"floor":6,"key":"Toy Ornithopter"},{"floor":8,"key":"PreservedInsect"},{"floor":9,"key":"Whetstone"},{"floor":13,"key":"Juzu Bracelet"}],"event_choices":[{"cards_removed":["Strike_R"],"damage_healed":0,"gold_gain":0,"player_choice":"Forget","damage_taken":0,"max_hp_gain":0,"max_hp_loss":0,"event_name":"Living Wall","floor":3,"gold_loss":0},{"damage_healed":0,"gold_gain":0,"player_choice":"Lose Max HP","damage_taken":0,"relics_obtained":["Golden Idol"],"max_hp_gain":0,"max_hp_loss":7,"event_name":"Golden Idol","floor":4,"gold_loss":0},{"damage_healed":0,"gold_gain":0,"player_choice":"Entered Light","damage_taken":20,"max_hp_gain":0,"max_hp_loss":0,"event_name":"Shining Light","floor":5,"gold_loss":0,"cards_upgraded":["Strike_R","Strike_R"]},{"damage_healed":0,"gold_gain":0,"player_choice":"Donut","damage_taken":0,"max_hp_gain":5,"max_hp_loss":0,"event_name":"Big Fish","floor":7,"gold_loss":0},{"damage_healed":0,"gold_gain":30,"player_choice":"Searched \u00273\u0027 times","damage_taken":0,"max_hp_gain":0,"max_hp_loss":0,"event_name":"Dead Adventurer","floor":8,"gold_loss":0}],"is_beta":true,"boss_relics":[],"items_purged_floors":[10],"is_endless":false,"potions_floor_spawned":[1,2,11,14],"killed_by":"Slime Boss","ascension_level":20}