{"gold_per_floor":[115,9,9,9,9,9,9,25,49,100,100,150,150,180,180,282,282,297,328,115,130,178,178],"floor_reached":23,"playtime":504,"items_purged":["Strike_B"],"score":444,"play_id":"e89ad964-c4b9-441d-b5d3-97771f4a4e65","local_time":"20190925110212","is_ascension_mode":true,"campfire_choices":[{"data":"Zap","floor":6,"key":"SMITH"},{"data":"Consume","floor":11,"key":"SMITH"},{"data":"Dualcast","floor":13,"key":"SMITH"},{"data":"Coolheaded","floor":15,"key":"SMITH"}],"neow_cost":"NONE","seed_source_timestamp":240769139646580,"circlet_count":0,"master_deck":["AscendersBane","Defend_B","Defend_B","Defend_B","Defend_B","Zap+1","Dualcast+1","Hologram","Flash of Steel","Consume+1","Coolheaded+1","Lockon","Ball Lightning","Biased Cognition","Recycle","Skim","Scrape","Cold Snap","Coolheaded"],"relics":["Cracked Core","NeowsBlessing","Golden Idol","Lantern","DataDisk","CeramicFish","Smiling Mask","Empty Cage","Red Mask"],"potions_floor_usage":[19,22],"damage_taken":[{"damage":0,"enemies":"Small Slimes","floor":1,"turns":1},{"damage":0,"enemies":"Jaw Worm","floor":8,"turns":1},{"damage":0,"enemies":"Gremlin Nob","floor":10,"turns":1},{"damage":25,"enemies":"3 Sentries","floor":12,"turns":8},{"damage":0,"enemies":"Cultist","floor":14,"turns":3},{"damage":28,"enemies":"Slime Boss","floor":16,"turns":9},{"damage":18,"enemies":"Shell Parasite","floor":18,"turns":3},{"damage":0,"enemies":"3 Byrds","floor":19,"turns":2},{"damage":4,"enemies":"Snecko","floor":21,"turns":4},{"damage":0,"enemies":"Masked Bandits","floor":22,"turns":2},{"damage":30,"enemies":"Slavers","floor":23,"turns":3}],"seed_played":"6169190810481615255","potions_obtained":[{"floor":8,"key":"SteroidPotion"},{"floor":10,"key":"LiquidBronze"},{"floor":18,"key":"PowerPotion"}],"is_trial":false,"path_per_floor":["M","$","?","?","$","R","?","M","T","E","R","E","R","M","R","B",null,"M","M","$","M","?","E"],"character_chosen":"DEFECT","items_purchased":["Flash of Steel","Skim","Scrape","Cold Snap"],"campfire_rested":0,"item_purchase_floors":[2,20,20,20],"current_hp_per_floor":[64,64,64,64,64,64,64,64,64,64,64,39,39,39,39,11,51,33,33,33,29,29,0],"gold":178,"neow_bonus":"THREE_ENEMY_KILL","is_prod":false,"is_daily":false,"chose_seed":false,"campfire_upgraded":4,"win_rate":0,"timestamp":1569380532,"path_taken":["M","$","?","?","?","R","?","M","T","E","R","E","R","?","R","BOSS","M","M","$","M","?","E"],"build_version":"2019-09-24","purchased_purges":1,"victory":false,"max_hp_per_floor":[71,71,64,64,64,64,64,64,64,64,64,64,64,64,64,64,64,64,64,64,64,64,64],"card_choices":[{"not_picked":["Beam Cell","Fusion"],"picked":"Hologram","floor":1},{"not_picked":["Rebound","Chill"],"picked":"Consume","floor":8},{"not_picked":["Consume","Barrage"],"picked":"Coolheaded","floor":10},{"not_picked":["Rebound","Genetic Algorithm"],"picked":"Lockon","floor":12},{"not_picked":["Reinforced Body","Go for the Eyes"],"picked":"Ball Lightning","floor":14},{"not_picked":["Buffer","Rainbow"],"picked":"Biased Cognition","floor":16},{"not_picked":["Beam Cell","Sweeping Beam","Ball Lightning"],"picked":"SKIP","floor":18},{"not_picked":["BootSequence","Genetic Algorithm"],"picked":"Recycle","floor":19},{"not_picked":["Aggregate","Blizzard","Rebound"],"picked":"SKIP","floor":21},{"not_picked":["Hologram","Loop"],"picked":"Coolheaded","floor":22}],"player_experience":982993,"relics_obtained":[{"floor":9,"key":"DataDisk"},{"floor":10,"key":"CeramicFish"},{"floor":12,"key":"Smiling Mask"},{"floor":22,"key":"Red Mask"}],"event_choices":[{"damage_healed":0,"gold_gain":0,"player_choice":"Lose Max HP","damage_taken":0,"relics_obtained":["Golden Idol"],"max_hp_gain":0,"max_hp_loss":7,"event_name":"Golden Idol","floor":3,"gold_loss":0},{"damage_healed":0,"gold_gain":0,"cards_transformed":["Strike_B"],"player_choice":"Change","damage_taken":0,"max_hp_gain":0,"max_hp_loss":0,"event_name":"Living Wall","floor":4,"gold_loss":0,"cards_obtained":["BootSequence"]},{"cards_removed":["BootSequence"],"damage_healed":0,"gold_gain":0,"player_choice":"Gave Card","damage_taken":0,"relics_obtained":["Lantern"],"max_hp_gain":0,"max_hp_loss":0,"event_name":"WeMeetAgain","floor":7,"gold_loss":0},{"damage_healed":0,"gold_gain":0,"player_choice":"Fought Bandits","damage_taken":0,"max_hp_gain":0,"max_hp_loss":0,"event_name":"Masked Bandits","floor":22,"gold_loss":0}],"is_beta":true,"boss_relics":[{"not_picked":["SacredBark","Ectoplasm"],"picked":"Empty Cage"}],"items_purged_floors":[20],"is_endless":false,"potions_floor_spawned":[8,10,14,18],"killed_by":"Slavers","ascension_level":20}