{"gold_per_floor":[109,122,137,137,148,173,173,18,18,52,52,63,63,83,83,184,234,253,273,307,307,320,320,337,337,413,413,426,439,7,25,25,25],"floor_reached":33,"playtime":2670,"items_purged":[],"score":312,"play_id":"c5a52397-cbd5-45de-afbf-9b6120efe71c","local_time":"20181228180712","is_ascension_mode":true,"campfire_choices":[{"floor":7,"key":"REST"},{"floor":11,"key":"REST"},{"floor":15,"key":"REST"},{"floor":23,"key":"REST"},{"floor":25,"key":"REST"},{"floor":27,"key":"REST"},{"floor":32,"key":"REST"}],"neow_cost":"NONE","seed_source_timestamp":604030513134759,"circlet_count":0,"master_deck":["Defend_G","Defend_G","Defend_G","Defend_G","Defend_G","Strike_G","Strike_G","Strike_G","Strike_G","Strike_G","Survivor","Neutralize","Bouncing Flask+1","Dagger Throw","Choke","Noxious Fumes","Masterful Stab","Slice","Sucker Punch+1","Riddle With Holes","Corpse Explosion","Slice","Deflect","Well Laid Plans","Dagger Spray+1","Backflip","Riddle With Holes","Outmaneuver+1","PiercingWail+1","Escape Plan+1","Caltrops"],"relics":["Ring of the Snake","Darkstone Periapt","Ginger","Bag of Preparation","Nunchaku","Potion Belt","Tiny House","Red Mask","Toxic Egg 2","Strawberry","Lantern"],"potions_floor_usage":[6,18,22,22,24,29,31,31],"damage_taken":[{"damage":0,"enemies":"Small Slimes","floor":1,"turns":3},{"damage":2,"enemies":"Jaw Worm","floor":2,"turns":5},{"damage":0,"enemies":"2 Louse","floor":3,"turns":2},{"damage":9,"enemies":"Exordium Thugs","floor":5,"turns":5},{"damage":27,"enemies":"3 Sentries","floor":6,"turns":8},{"damage":13,"enemies":"Lagavulin","floor":10,"turns":5},{"damage":2,"enemies":"2 Fungi Beasts","floor":12,"turns":3},{"damage":1,"enemies":"Gremlin Gang","floor":14,"turns":3},{"damage":44,"enemies":"The Guardian","floor":16,"turns":8},{"damage":14,"enemies":"Shell Parasite","floor":18,"turns":4},{"damage":22,"enemies":"Spheric Guardian","floor":19,"turns":4},{"damage":31,"enemies":"Masked Bandits","floor":20,"turns":4},{"damage":6,"enemies":"Cultist and Chosen","floor":22,"turns":4},{"damage":3,"enemies":"Chosen and Byrds","floor":24,"turns":3},{"damage":5,"enemies":"3 Cultists","floor":28,"turns":3},{"damage":65,"enemies":"Shelled Parasite and Fungi","floor":29,"turns":6},{"damage":9,"enemies":"Snake Plant","floor":31,"turns":5},{"damage":68,"enemies":"Automaton","floor":33,"turns":8}],"seed_played":"-8082146719916301579","potions_obtained":[{"floor":2,"key":"Fire Potion"},{"floor":14,"key":"SteroidPotion"},{"floor":16,"key":"AttackPotion"},{"floor":17,"key":"FairyPotion"},{"floor":19,"key":"FearPotion"},{"floor":20,"key":"Fire Potion"},{"floor":22,"key":"Energy Potion"},{"floor":28,"key":"SteroidPotion"}],"is_trial":false,"path_per_floor":["M","M","M","?","M","E","R","$","T","E","R","M","?","M","R","B",null,"M","M","?","?","M","R","M","R","T","R","M","M","$","M","R","B"],"character_chosen":"THE_SILENT","items_purchased":["Bag of Preparation","Strawberry","Lantern","Block Potion","Escape Plan+1"],"campfire_rested":7,"item_purchase_floors":[8,30,30,30,30],"current_hp_per_floor":[77,75,75,63,54,27,50,50,50,37,60,58,58,57,77,33,82,68,46,15,15,9,33,30,54,54,78,73,8,15,6,32,0],"gold":25,"neow_bonus":"TEN_PERCENT_HP_BONUS","is_prod":false,"is_daily":false,"chose_seed":false,"campfire_upgraded":0,"win_rate":0,"timestamp":1546013232,"path_taken":["M","M","M","?","M","E","R","$","T","E","R","M","?","M","R","BOSS","M","M","?","?","M","R","M","R","T","R","M","M","$","M","R","BOSS"],"build_version":"2018-12-20","purchased_purges":0,"victory":false,"max_hp_per_floor":[77,77,77,77,77,77,77,77,77,77,77,77,77,77,77,77,82,82,82,82,82,82,82,82,82,82,82,82,82,89,89,89,89],"card_choices":[{"not_picked":["Backflip","Blade Dance"],"picked":"Bouncing Flask","floor":1},{"not_picked":["Blade Dance","Footwork"],"picked":"Dagger Throw","floor":2},{"not_picked":["Tactician","Prepared"],"picked":"Choke","floor":3},{"not_picked":["Terror","Die Die Die"],"picked":"Noxious Fumes","floor":5},{"not_picked":["Quick Slash","Reflex"],"picked":"Masterful Stab","floor":6},{"not_picked":["Dodge and Roll","Bane"],"picked":"Slice","floor":10},{"not_picked":["Dagger Spray","Quick Slash"],"picked":"Sucker Punch","floor":12},{"not_picked":["Bane","Quick Slash"],"picked":"Riddle With Holes","floor":14},{"not_picked":["Burst","Night Terror"],"picked":"Corpse Explosion","floor":16},{"not_picked":["Dagger Throw","Sucker Punch"],"picked":"Slice","floor":17},{"not_picked":["Prepared","Dagger Spray"],"picked":"Deflect","floor":18},{"not_picked":["Heel Hook","Poisoned Stab+1"],"picked":"Well Laid Plans","floor":19},{"not_picked":["Quick Slash","Deflect"],"picked":"Dagger Spray+1","floor":20},{"not_picked":["Prepared","Dodge and Roll"],"picked":"Backflip","floor":22},{"not_picked":["Quick Slash","Well Laid Plans"],"picked":"Riddle With Holes","floor":24},{"not_picked":["Backflip+1","Die Die Die"],"picked":"Outmaneuver+1","floor":28},{"not_picked":["Dagger Spray","Bane"],"picked":"PiercingWail+1","floor":29},{"not_picked":["Well Laid Plans","Underhanded Strike"],"picked":"Caltrops","floor":31}],"player_experience":82568,"relics_obtained":[{"floor":6,"key":"Ginger"},{"floor":9,"key":"Nunchaku"},{"floor":10,"key":"Potion Belt"},{"floor":20,"key":"Red Mask"},{"floor":26,"key":"Toxic Egg 2"}],"event_choices":[{"damage_healed":0,"gold_gain":0,"player_choice":"Success","damage_taken":12,"relics_obtained":["Darkstone Periapt"],"max_hp_gain":0,"max_hp_loss":0,"event_name":"Scrap Ooze","floor":4,"gold_loss":0},{"damage_healed":0,"gold_gain":0,"player_choice":"Grow","damage_taken":0,"max_hp_gain":0,"max_hp_loss":0,"event_name":"Living Wall","floor":13,"gold_loss":0,"cards_upgraded":["Bouncing Flask"]},{"damage_healed":0,"gold_gain":0,"player_choice":"Fought Bandits","damage_taken":0,"max_hp_gain":0,"max_hp_loss":0,"event_name":"Masked Bandits","floor":20,"gold_loss":0},{"damage_healed":0,"gold_gain":0,"player_choice":"Ignored","damage_taken":0,"max_hp_gain":0,"max_hp_loss":0,"event_name":"Vampires","floor":21,"gold_loss":0}],"is_beta":false,"boss_relics":[{"not_picked":["Velvet Choker","Runic Pyramid"],"picked":"Tiny House"}],"items_purged_floors":[],"is_endless":false,"potions_floor_spawned":[2,14,16,19,20,22,28],"killed_by":"Automaton","ascension_level":2}