{"gold_per_floor":[113,123,298,308,308,308,327,327,327,353,369,384,115,133,133,237,237,255,267,267,280,294,294,350,350,404,404,37,48,48,147,147,248,298,315,329,329,341,341,341,359,359,359,359],"floor_reached":44,"playtime":3225,"items_purged":["Doubt","Writhe"],"score":522,"play_id":"4c9e4591-79e4-432b-9649-b5ae5d61ce55","local_time":"20190118170722","is_ascension_mode":true,"campfire_choices":[{"floor":6,"key":"REST"},{"data":"Noxious Fumes","floor":8,"key":"SMITH"},{"floor":15,"key":"REST"},{"floor":23,"key":"REST"},{"floor":30,"key":"REST"},{"data":"Bouncing Flask","floor":32,"key":"SMITH"},{"floor":40,"key":"REST"}],"neow_cost":"NONE","seed_source_timestamp":411566072114261,"circlet_count":0,"master_deck":["Defend_G","Defend_G","Defend_G","Defend_G","Defend_G","Strike_G","Strike_G","Strike_G","Strike_G","Survivor","Neutralize","Cloak And Dagger","Deadly Poison","Noxious Fumes+1","Backstab","Flying Knee","Blur","Crippling Poison","Burst+1","Crippling Poison","Bouncing Flask+1","Corpse Explosion","Bane","Deadly Poison","Poisoned Stab+1","Footwork","Venomology","Prepared","Poisoned Stab","Crippling Poison+1","Phantasmal Killer","Deadly Poison","PiercingWail+1","Dagger Throw","Writhe","Quick Slash","Dash+1","Deflect"],"relics":["Ring of the Snake","Incense Burner","StoneCalendar","Eternal Feather","Tiny Chest","Bronze Scales","Dream Catcher","PreservedInsect","Tiny House","Ninja Scroll","Du-Vu Doll"],"potions_floor_usage":[10,19,21,24,24,29,35,36,38,38,41,44,44],"damage_taken":[{"damage":3,"enemies":"Jaw Worm","floor":1,"turns":4},{"damage":7,"enemies":"2 Louse","floor":2,"turns":3},{"damage":0,"enemies":"Small Slimes","floor":4,"turns":4},{"damage":1,"enemies":"Red Slaver","floor":7,"turns":5},{"damage":23,"enemies":"Gremlin Nob","floor":10,"turns":4},{"damage":0,"enemies":"2 Fungi Beasts","floor":11,"turns":4},{"damage":4,"enemies":"3 Louse","floor":12,"turns":4},{"damage":4,"enemies":"Blue Slaver","floor":14,"turns":4},{"damage":6,"enemies":"Hexaghost","floor":16,"turns":7},{"damage":3,"enemies":"Shell Parasite","floor":18,"turns":4},{"damage":0,"enemies":"3 Byrds","floor":19,"turns":3},{"damage":22,"enemies":"Sentry and Sphere","floor":21,"turns":5},{"damage":18,"enemies":"Snake Plant","floor":22,"turns":4},{"damage":33,"enemies":"Gremlin Leader","floor":24,"turns":7},{"damage":24,"enemies":"Snecko","floor":29,"turns":6},{"damage":53,"enemies":"Collector","floor":33,"turns":9},{"damage":8,"enemies":"3 Shapes","floor":35,"turns":5},{"damage":19,"enemies":"Orb Walker","floor":36,"turns":4},{"damage":37,"enemies":"Writhing Mass","floor":38,"turns":5},{"damage":24,"enemies":"Sphere and 2 Shapes","floor":41,"turns":6},{"damage":58,"enemies":"Spire Growth","floor":44,"turns":6}],"seed_played":"573959502639082292","potions_obtained":[{"floor":4,"key":"Poison Potion"},{"floor":10,"key":"Dexterity Potion"},{"floor":11,"key":"Block Potion"},{"floor":16,"key":"SpeedPotion"},{"floor":21,"key":"FearPotion"},{"floor":24,"key":"FearPotion"},{"floor":34,"key":"AttackPotion"},{"floor":36,"key":"Energy Potion"},{"floor":38,"key":"AttackPotion"}],"is_trial":false,"path_per_floor":["M","M","?","M","?","R","M","R","T","E","M","M","$","M","R","B",null,"M","M","?","M","M","R","E","?","T","?","$","M","R","?","R","B",null,"M","M","?","M","?","R","M","T","T","M"],"character_chosen":"THE_SILENT","items_purchased":["Burst","Crippling Poison","Prepared","PreservedInsect","EntropicBrew"],"campfire_rested":5,"item_purchase_floors":[13,13,28,28,28],"current_hp_per_floor":[74,67,67,67,67,77,76,76,76,53,53,49,49,45,68,62,77,74,74,74,52,34,72,39,39,39,39,39,15,56,56,74,21,82,74,55,76,39,39,82,58,58,58,0],"gold":359,"neow_bonus":"TEN_PERCENT_HP_BONUS","is_prod":false,"is_daily":false,"chose_seed":false,"campfire_upgraded":2,"win_rate":0,"timestamp":1547824042,"path_taken":["M","M","?","M","?","R","M","R","T","E","M","M","$","M","R","BOSS","M","M","?","?","M","R","E","?","T","?","?","M","R","?","R","BOSS","M","M","?","M","?","R","M","?","T","M"],"build_version":"2019-01-17v2","purchased_purges":2,"victory":false,"max_hp_per_floor":[77,77,77,77,77,77,77,77,77,77,77,77,77,77,77,77,77,77,77,77,77,77,77,77,77,77,77,77,77,77,77,77,77,82,82,82,82,82,82,82,82,82,82,82],"card_choices":[{"not_picked":["Reflex","Underhanded Strike"],"picked":"Cloak And Dagger","floor":1},{"not_picked":["Finisher","Slice"],"picked":"Deadly Poison","floor":2},{"not_picked":["Poisoned Stab","PiercingWail"],"picked":"Noxious Fumes","floor":4},{"not_picked":["Distraction","Dash"],"picked":"Backstab","floor":7},{"not_picked":["Caltrops","Underhanded Strike"],"picked":"Flying Knee","floor":10},{"not_picked":["Deflect","Blade Dance"],"picked":"Blur","floor":11},{"not_picked":["Calculated Gamble","Backflip"],"picked":"Crippling Poison","floor":12},{"not_picked":["Flying Knee","Blade Dance"],"picked":"Bouncing Flask","floor":14},{"not_picked":["Storm of Steel","Unload"],"picked":"Corpse Explosion","floor":16},{"not_picked":["Skewer","Acrobatics"],"picked":"Bane","floor":18},{"not_picked":["Endless Agony+1","Prepared"],"picked":"Deadly Poison","floor":19},{"not_picked":["Bane","Blade Dance"],"picked":"Poisoned Stab","floor":21},{"not_picked":["Backflip","Concentrate"],"picked":"Footwork","floor":22},{"not_picked":["Backflip+1","Riddle With Holes+1"],"picked":"Venomology","floor":24},{"not_picked":["Accuracy","Endless Agony+1"],"picked":"Poisoned Stab","floor":29},{"not_picked":["Dagger Spray+1","Setup"],"picked":"Crippling Poison+1","floor":30},{"not_picked":["Doppelganger","Glass Knife"],"picked":"Phantasmal Killer","floor":33},{"not_picked":["Caltrops","Accuracy"],"picked":"Deadly Poison","floor":34},{"not_picked":["Distraction","Blade Dance+1"],"picked":"PiercingWail+1","floor":35},{"not_picked":["Caltrops+1","Underhanded Strike"],"picked":"Dagger Throw","floor":36},{"not_picked":["Choke+1","Outmaneuver+1"],"picked":"Quick Slash","floor":38},{"not_picked":["Infinite Blades","Dodge and Roll"],"picked":"Dash+1","floor":40},{"not_picked":["Choke+1","Masterful Stab+1"],"picked":"Deflect","floor":41}],"player_experience":142599,"relics_obtained":[{"floor":9,"key":"Incense Burner"},{"floor":10,"key":"StoneCalendar"},{"floor":24,"key":"Tiny Chest"},{"floor":26,"key":"Dream Catcher"},{"floor":42,"key":"Ninja Scroll"},{"floor":43,"key":"Du-Vu Doll"}],"event_choices":[{"damage_healed":0,"gold_gain":175,"player_choice":"AGREE","damage_taken":0,"max_hp_gain":0,"max_hp_loss":0,"event_name":"Liars Game","floor":3,"gold_loss":0,"cards_obtained":["Doubt"]},{"damage_healed":0,"gold_gain":0,"player_choice":"Ignored","damage_taken":0,"max_hp_gain":0,"max_hp_loss":0,"event_name":"Shining Light","floor":5,"gold_loss":0},{"damage_healed":0,"gold_gain":0,"player_choice":"Upgraded","damage_taken":0,"max_hp_gain":0,"max_hp_loss":0,"event_name":"Upgrade Shrine","floor":20,"gold_loss":0,"cards_upgraded":["Burst"]},{"damage_healed":0,"gold_gain":0,"player_choice":"Opened","damage_taken":0,"relics_obtained":["Bronze Scales"],"max_hp_gain":0,"max_hp_loss":0,"event_name":"The Mausoleum","floor":25,"gold_loss":0,"cards_obtained":["Writhe"]},{"damage_healed":0,"gold_gain":0,"player_choice":"Ignored","damage_taken":0,"max_hp_gain":0,"max_hp_loss":0,"event_name":"Cursed Tome","floor":27,"gold_loss":0},{"damage_healed":0,"gold_gain":99,"player_choice":"Stole From Cult","damage_taken":0,"max_hp_gain":0,"max_hp_loss":0,"event_name":"Nest","floor":31,"gold_loss":0},{"damage_healed":21,"gold_gain":0,"player_choice":"Writhe","damage_taken":0,"max_hp_gain":0,"max_hp_loss":0,"event_name":"Winding Halls","floor":37,"gold_loss":0,"cards_obtained":["Writhe"]},{"cards_removed":["Strike_G"],"damage_healed":0,"gold_gain":0,"player_choice":"Removed Attack","damage_taken":0,"max_hp_gain":0,"max_hp_loss":0,"event_name":"Falling","floor":39,"gold_loss":0}],"is_beta":false,"boss_relics":[{"not_picked":["Empty Cage","Pandora\u0027s Box"],"picked":"Eternal Feather"},{"not_picked":["HoveringKite","Orrery"],"picked":"Tiny House"}],"items_purged_floors":[13,28],"is_endless":false,"potions_floor_spawned":[4,10,11,16,21,24,33,36,38],"killed_by":"Spire Growth","ascension_level":3}