{"gold_per_floor":[112,112,124,124,124,143,143,68,139,139,39,39,50,65,65,65],"floor_reached":16,"playtime":410,"items_purged":["Strike_G","Defend_G"],"score":99,"play_id":"c9cd6d95-4b00-4418-a54a-e7dbf969bad6","local_time":"20191013074852","is_ascension_mode":true,"campfire_choices":[{"data":"Calculated Gamble","floor":7,"key":"SMITH"},{"floor":15,"key":"REST"}],"neow_cost":"NONE","seed_source_timestamp":173253964600100,"circlet_count":0,"master_deck":["Strike_G","Strike_G+1","Strike_G","Strike_G","Defend_G","Defend_G","Defend_G","Defend_G","Survivor+1","Neutralize","Calculated Gamble+1"],"relics":["Ring of the Snake","NeowsBlessing","Sundial","Blue Candle"],"potions_floor_usage":[16],"damage_taken":[{"damage":0,"enemies":"2 Louse","floor":1,"turns":1},{"damage":0,"enemies":"Jaw Worm","floor":3,"turns":1},{"damage":0,"enemies":"Small Slimes","floor":6,"turns":1},{"damage":8,"enemies":"Exordium Thugs","floor":13,"turns":8},{"damage":10,"enemies":"Large Slime","floor":14,"turns":9},{"damage":37,"enemies":"The Guardian","floor":16,"turns":8}],"seed_played":"-7439247306201349132","potions_obtained":[{"floor":1,"key":"EssenceOfSteel"},{"floor":6,"key":"Block Potion"}],"is_trial":false,"path_per_floor":["M","$","M","?","?","M","R","$","T","?","$","?","M","M","R","B"],"character_chosen":"THE_SILENT","items_purchased":[],"campfire_rested":1,"item_purchase_floors":[],"current_hp_per_floor":[70,70,70,70,75,75,75,75,75,68,68,53,45,35,57,20],"gold":65,"neow_bonus":"THREE_ENEMY_KILL","is_prod":false,"is_daily":false,"chose_seed":false,"campfire_upgraded":1,"win_rate":0,"timestamp":1570945732,"path_taken":["M","$","M","?","?","M","R","$","T","?","$","?","?","M","R","BOSS"],"build_version":"2019-07-17","purchased_purges":2,"victory":false,"max_hp_per_floor":[70,70,70,70,75,75,75,75,75,75,75,75,75,75,75,75],"card_choices":[{"not_picked":["Catalyst","Reflex","Expertise"],"picked":"SKIP","floor":1},{"not_picked":["Flying Knee","Slice"],"picked":"Calculated Gamble","floor":3},{"not_picked":["Backflip","Poisoned Stab","Bane"],"picked":"SKIP","floor":6},{"not_picked":["Calculated Gamble","Cloak And Dagger","Poisoned Stab"],"picked":"SKIP","floor":13},{"not_picked":["Deadly Poison","Flying Knee","Doppelganger"],"picked":"SKIP","floor":14}],"player_experience":324833,"relics_obtained":[{"floor":9,"key":"Sundial"}],"event_choices":[{"damage_healed":0,"gold_gain":0,"player_choice":"Ignored","damage_taken":0,"max_hp_gain":0,"max_hp_loss":0,"event_name":"Liars Game","floor":4,"gold_loss":0},{"damage_healed":0,"gold_gain":0,"player_choice":"Donut","damage_taken":0,"max_hp_gain":5,"max_hp_loss":0,"event_name":"Big Fish","floor":5,"gold_loss":0},{"damage_healed":0,"gold_gain":0,"player_choice":"Success","damage_taken":7,"relics_obtained":["Blue Candle"],"max_hp_gain":0,"max_hp_loss":0,"event_name":"Scrap Ooze","floor":10,"gold_loss":0},{"damage_healed":0,"gold_gain":0,"player_choice":"Entered Light","damage_taken":15,"max_hp_gain":0,"max_hp_loss":0,"event_name":"Shining Light","floor":12,"gold_loss":0,"cards_upgraded":["Strike_G","Survivor"]}],"is_beta":false,"boss_relics":[],"items_purged_floors":[8,11],"is_endless":false,"potions_floor_spawned":[1,6],"killed_by":"The Guardian","ascension_level":2}