{"gold_per_floor":[114,114,128,128,53,81,99,126,161,173,31,31,43,62,62,140,140,153,68,68,68,79,79],"floor_reached":23,"playtime":484,"items_purged":["Strike_B","Strike_B"],"score":448,"play_id":"c778071e-3540-425b-9abf-0235e055d3a3","local_time":"20190925130346","is_ascension_mode":true,"campfire_choices":[{"data":"Chaos","floor":10,"key":"SMITH"},{"data":"Darkness","floor":12,"key":"SMITH"},{"data":"Dualcast","floor":15,"key":"SMITH"}],"neow_cost":"NONE","seed_source_timestamp":248082558816586,"circlet_count":0,"master_deck":["AscendersBane","Strike_B","Defend_B","Defend_B","Defend_B","Defend_B","Zap","Dualcast+1","Chaos+1","Double Energy","Darkness+1","Turbo","Ball Lightning","Coolheaded","Capacitor","Recycle","Rainbow","Hologram","Undo","Seek"],"relics":["Cracked Core","NeowsBlessing","DataDisk","MawBank","Smiling Mask","Black Star","PreservedInsect"],"potions_floor_usage":[8,16],"damage_taken":[{"damage":0,"enemies":"Jaw Worm","floor":1,"turns":1},{"damage":0,"enemies":"2 Louse","floor":3,"turns":1},{"damage":0,"enemies":"3 Sentries","floor":6,"turns":1},{"damage":1,"enemies":"Cultist","floor":7,"turns":3},{"damage":11,"enemies":"Lagavulin","floor":8,"turns":7},{"damage":5,"enemies":"3 Louse","floor":13,"turns":3},{"damage":10,"enemies":"2 Fungi Beasts","floor":14,"turns":3},{"damage":31,"enemies":"Hexaghost","floor":16,"turns":8},{"damage":26,"enemies":"3 Byrds","floor":18,"turns":6},{"damage":13,"enemies":"Chosen","floor":22,"turns":5},{"damage":0,"enemies":"Slavers","floor":23,"turns":1}],"seed_played":"-5500168091236855452","potions_obtained":[{"floor":1,"key":"GamblersBrew"},{"floor":6,"key":"Block Potion"}],"is_trial":false,"path_per_floor":["M","?","M","?","$","E","M","E","T","R","$","R","M","M","R","B",null,"M","?","?","?","M","E"],"character_chosen":"DEFECT","items_purchased":["Coolheaded","Capacitor"],"campfire_rested":0,"item_purchase_floors":[11,11],"current_hp_per_floor":[64,69,69,76,76,76,75,64,64,64,64,64,59,49,49,18,62,36,36,36,36,23,23],"gold":79,"neow_bonus":"THREE_ENEMY_KILL","is_prod":false,"is_daily":false,"chose_seed":false,"campfire_upgraded":3,"win_rate":0,"timestamp":1569387826,"path_taken":["M","?","M","?","$","E","?","E","T","R","$","R","M","M","R","BOSS","M","?","?","?","M","E"],"build_version":"2019-09-24","purchased_purges":2,"victory":false,"max_hp_per_floor":[71,76,76,76,76,76,76,76,76,76,76,76,76,76,76,76,76,76,76,76,76,76,76],"card_choices":[{"not_picked":["Barrage","Conserve Battery"],"picked":"Chaos","floor":1},{"not_picked":["Hologram","Gash"],"picked":"Double Energy","floor":3},{"not_picked":["Lockon","Coolheaded"],"picked":"Darkness","floor":6},{"not_picked":["Lockon","Stack"],"picked":"Turbo","floor":7},{"not_picked":["Double Energy","Gash"],"picked":"Ball Lightning","floor":8},{"not_picked":["White Noise","Go for the Eyes"],"picked":"Recycle","floor":13},{"not_picked":["Leap","Stack","Barrage"],"picked":"SKIP","floor":14},{"not_picked":["Machine Learning","Reboot"],"picked":"Rainbow","floor":16},{"not_picked":["Sweeping Beam","Turbo"],"picked":"Hologram","floor":18},{"not_picked":["Redo","Ball Lightning"],"picked":"Seek","floor":22}],"player_experience":989426,"relics_obtained":[{"floor":6,"key":"DataDisk"},{"floor":8,"key":"MawBank"},{"floor":9,"key":"Smiling Mask"}],"event_choices":[{"damage_healed":0,"gold_gain":0,"player_choice":"Donut","damage_taken":0,"max_hp_gain":5,"max_hp_loss":0,"event_name":"Big Fish","floor":2,"gold_loss":0},{"damage_healed":7,"gold_gain":0,"player_choice":"Full Heal","damage_taken":0,"max_hp_gain":0,"max_hp_loss":0,"event_name":"Wheel of Change","floor":4,"gold_loss":0},{"damage_healed":0,"gold_gain":0,"player_choice":"Obtained Relic","damage_taken":0,"relics_obtained":["PreservedInsect"],"max_hp_gain":0,"max_hp_loss":0,"event_name":"Addict","floor":19,"gold_loss":85},{"cards_removed":["Strike_B"],"damage_healed":0,"gold_gain":0,"player_choice":"Elegance","damage_taken":0,"max_hp_gain":0,"max_hp_loss":0,"event_name":"Back to Basics","floor":20,"gold_loss":0},{"damage_healed":0,"gold_gain":0,"player_choice":"Read","damage_taken":0,"max_hp_gain":0,"max_hp_loss":0,"event_name":"The Library","floor":21,"gold_loss":0,"cards_obtained":["Undo"]}],"is_beta":true,"boss_relics":[{"not_picked":["Busted Crown","SacredBark"],"picked":"Black Star"}],"items_purged_floors":[5,11],"is_endless":false,"potions_floor_spawned":[1,6,7],"killed_by":"Slavers","ascension_level":20}