{"gold_per_floor":[117,117,131,142,58,86,96,96,174,200,211,228,248,0,0,0],"floor_reached":16,"playtime":952,"items_purged":[],"score":148,"play_id":"b133b487-9d24-4940-b531-e6fa4e504cc6","local_time":"20190214230112","is_ascension_mode":true,"campfire_choices":[{"floor":8,"key":"REST"},{"floor":15,"key":"REST"}],"neow_cost":"NONE","seed_source_timestamp":81403283757391,"circlet_count":0,"master_deck":["Defend_G","Defend_G","Defend_G","Defend_G","Defend_G","Strike_G","Strike_G","Strike_G","Strike_G","Strike_G","Survivor","Neutralize","Sucker Punch","Neutralize","Doppelganger","Leg Sweep","Blur","Bouncing Flask","Deadly Poison","Blur","Prepared","Deadly Poison","Quick Slash","Bouncing Flask","Dagger Throw"],"relics":["Ring of the Snake","Unceasing Top","Gremlin Horn","Art of War","Meat on the Bone"],"potions_floor_usage":[11,13],"damage_taken":[{"damage":2,"enemies":"2 Louse","floor":1,"turns":4},{"damage":0,"enemies":"Cultist","floor":3,"turns":4},{"damage":0,"enemies":"Small Slimes","floor":4,"turns":5},{"damage":41,"enemies":"Gremlin Nob","floor":6,"turns":5},{"damage":11,"enemies":"Gremlin Gang","floor":7,"turns":8},{"damage":17,"enemies":"Lagavulin","floor":10,"turns":7},{"damage":21,"enemies":"Exordium Thugs","floor":11,"turns":5},{"damage":0,"enemies":"Large Slime","floor":12,"turns":8},{"damage":0,"enemies":"Blue Slaver","floor":13,"turns":3},{"damage":23,"enemies":"Slime Boss","floor":16,"turns":8}],"seed_played":"6869448024472325450","potions_obtained":[{"floor":4,"key":"LiquidBronze"},{"floor":7,"key":"GamblersBrew"},{"floor":10,"key":"SkillPotion"},{"floor":12,"key":"Fire Potion"}],"is_trial":false,"path_per_floor":["M","?","M","M","$","E","M","R","T","E","M","M","M","$","R","B"],"character_chosen":"THE_SILENT","items_purchased":["Bouncing Flask","Deadly Poison","Meat on the Bone"],"campfire_rested":2,"item_purchase_floors":[5,5,14],"current_hp_per_floor":[68,68,68,68,68,27,16,39,39,22,1,1,1,1,24,1],"gold":0,"neow_bonus":"TEN_PERCENT_HP_BONUS","is_prod":false,"is_daily":false,"chose_seed":false,"campfire_upgraded":0,"win_rate":0,"timestamp":1550178072,"path_taken":["M","?","M","M","$","E","M","R","T","E","M","M","?","?","R","BOSS"],"build_version":"2019-01-23","purchased_purges":0,"victory":false,"max_hp_per_floor":[77,77,77,77,77,77,77,77,77,77,77,77,77,77,77,77],"card_choices":[{"not_picked":["Concentrate","Infinite Blades"],"picked":"Sucker Punch","floor":1},{"not_picked":["Blade Dance","Quick Slash"],"picked":"Leg Sweep","floor":3},{"not_picked":["Sucker Punch","Quick Slash"],"picked":"Blur","floor":4},{"not_picked":["Sucker Punch","Reflex"],"picked":"Blur","floor":6},{"not_picked":["Expertise","Underhanded Strike"],"picked":"Prepared","floor":7},{"not_picked":["PiercingWail","Dagger Spray"],"picked":"Deadly Poison","floor":10},{"not_picked":["Choke","Dodge and Roll"],"picked":"Quick Slash","floor":11},{"not_picked":["Accuracy","Bane"],"picked":"Bouncing Flask","floor":12},{"not_picked":["Prepared","Die Die Die"],"picked":"Dagger Throw","floor":13}],"player_experience":215094,"relics_obtained":[{"floor":6,"key":"Unceasing Top"},{"floor":9,"key":"Gremlin Horn"},{"floor":10,"key":"Art of War"}],"event_choices":[{"damage_healed":0,"gold_gain":0,"player_choice":"2 cards matched","damage_taken":0,"max_hp_gain":0,"max_hp_loss":0,"event_name":"Match and Keep!","floor":2,"gold_loss":0,"cards_obtained":["Neutralize","Doppelganger"]}],"is_beta":false,"boss_relics":[],"items_purged_floors":[],"is_endless":false,"potions_floor_spawned":[4,7,10,12],"killed_by":"Slime Boss","ascension_level":6}