{"gold_per_floor":[114,114,114,131,144,179,197,197,273,301,301,148,148,168,168,267,267,284,36,68,85,85,85],"floor_reached":23,"playtime":2114,"items_purged":["Strike_G","Defend_G"],"score":239,"play_id":"a6999b90-7cbf-4395-9087-efbd152fe00b","local_time":"20191016230448","is_ascension_mode":true,"campfire_choices":[{"data":"Bouncing Flask","floor":11,"key":"SMITH"},{"data":"Tools of the Trade","floor":13,"key":"SMITH"},{"data":"Noxious Fumes","floor":15,"key":"SMITH"}],"neow_cost":"NONE","seed_source_timestamp":515403986902200,"circlet_count":0,"master_deck":["Strike_G","Strike_G","Strike_G","Defend_G","Defend_G","Defend_G","Survivor","Neutralize","Well Laid Plans+1","Poisoned Stab","Tools of the Trade+1","Bouncing Flask+1","Tactician","Noxious Fumes+1","Envenom","Dodge and Roll+1","Blur","Noxious Fumes","Sucker Punch+1","Footwork"],"relics":["Ring of the Snake","Paper Crane","Tiny Chest","Lantern","Empty Cage","Red Mask","MutagenicStrength"],"potions_floor_usage":[6,6,16,20,20,23],"damage_taken":[{"damage":0,"enemies":"2 Louse","floor":1,"turns":4},{"damage":0,"enemies":"Jaw Worm","floor":4,"turns":6},{"damage":0,"enemies":"Cultist","floor":5,"turns":3},{"damage":27,"enemies":"3 Sentries","floor":6,"turns":13},{"damage":0,"enemies":"2 Fungi Beasts","floor":7,"turns":3},{"damage":12,"enemies":"Lagavulin","floor":10,"turns":10},{"damage":2,"enemies":"Large Slime","floor":14,"turns":5},{"damage":30,"enemies":"Slime Boss","floor":16,"turns":8},{"damage":0,"enemies":"Chosen","floor":18,"turns":4},{"damage":68,"enemies":"Masked Bandits","floor":20,"turns":6},{"damage":4,"enemies":"Shell Parasite","floor":21,"turns":6},{"damage":13,"enemies":"Slavers","floor":23,"turns":2}],"seed_played":"-2889357970683491759","potions_obtained":[{"floor":1,"key":"Swift Potion"},{"floor":5,"key":"Poison Potion"},{"floor":6,"key":"Weak Potion"},{"floor":14,"key":"AttackPotion"},{"floor":16,"key":"Weak Potion"},{"floor":20,"key":"Dexterity Potion"},{"floor":21,"key":"Fire Potion"}],"is_trial":false,"path_per_floor":["M","?","?","M","M","E","M","?","T","E","R","$","R","M","R","B",null,"M","$","?","M","?","E"],"character_chosen":"THE_SILENT","items_purchased":["Noxious Fumes","Blur","Noxious Fumes"],"campfire_rested":0,"item_purchase_floors":[12,19,19],"current_hp_per_floor":[77,82,82,82,82,55,55,55,55,43,43,43,43,41,41,11,82,82,82,14,10,10,0],"gold":85,"neow_bonus":"TEN_PERCENT_HP_BONUS","is_prod":false,"is_daily":false,"chose_seed":false,"campfire_upgraded":3,"win_rate":0,"timestamp":1571288688,"path_taken":["M","?","?","M","M","E","?","?","T","E","R","$","R","M","R","BOSS","M","$","?","M","?","E"],"build_version":"2019-07-17","purchased_purges":2,"victory":false,"max_hp_per_floor":[77,82,82,82,82,82,82,82,82,82,82,82,82,82,82,82,82,82,82,82,82,82,82],"card_choices":[{"not_picked":["Terror","Underhanded Strike"],"picked":"Well Laid Plans","floor":1},{"not_picked":["Tactician","Dagger Spray"],"picked":"Poisoned Stab","floor":4},{"not_picked":["Slice","Skewer"],"picked":"Tools of the Trade","floor":5},{"not_picked":["Blade Dance","Flying Knee"],"picked":"Bouncing Flask","floor":6},{"not_picked":["Blade Dance","Riddle With Holes","Calculated Gamble"],"picked":"SKIP","floor":7},{"not_picked":["Blade Dance","Riddle With Holes","Calculated Gamble"],"picked":"SKIP","floor":7},{"not_picked":["Deflect","Prepared"],"picked":"Tactician","floor":10},{"not_picked":["Backstab","Accuracy","Underhanded Strike"],"picked":"SKIP","floor":14},{"not_picked":["Tools of the Trade","Glass Knife"],"picked":"Envenom","floor":16},{"not_picked":["PiercingWail","Prepared"],"picked":"Dodge and Roll+1","floor":18},{"not_picked":["Backflip","Expertise"],"picked":"Sucker Punch+1","floor":20},{"not_picked":["Bane","Dodge and Roll"],"picked":"Footwork","floor":21}],"player_experience":64337,"relics_obtained":[{"floor":6,"key":"Paper Crane"},{"floor":9,"key":"Tiny Chest"},{"floor":10,"key":"Lantern"},{"floor":20,"key":"Red Mask"}],"event_choices":[{"damage_healed":0,"gold_gain":0,"player_choice":"Donut","damage_taken":0,"max_hp_gain":5,"max_hp_loss":0,"event_name":"Big Fish","floor":2,"gold_loss":0},{"damage_healed":0,"gold_gain":0,"player_choice":"Forge","damage_taken":0,"max_hp_gain":0,"max_hp_loss":0,"event_name":"Accursed Blacksmith","floor":3,"gold_loss":0,"cards_upgraded":["Well Laid Plans"]},{"damage_healed":0,"gold_gain":0,"player_choice":"Ignored","damage_taken":0,"max_hp_gain":0,"max_hp_loss":0,"event_name":"Liars Game","floor":8,"gold_loss":0},{"damage_healed":0,"gold_gain":0,"player_choice":"Fought Bandits","damage_taken":0,"max_hp_gain":0,"max_hp_loss":0,"event_name":"Masked Bandits","floor":20,"gold_loss":0},{"damage_healed":0,"gold_gain":0,"player_choice":"Inject Mutagens","damage_taken":0,"relics_obtained":["MutagenicStrength"],"max_hp_gain":0,"max_hp_loss":0,"event_name":"Drug Dealer","floor":22,"gold_loss":0}],"is_beta":false,"boss_relics":[{"not_picked":["Black Star","HoveringKite"],"picked":"Empty Cage"}],"items_purged_floors":[12,19],"is_endless":false,"potions_floor_spawned":[1,5,6,14,16,20,21],"killed_by":"Slavers","ascension_level":4}