{"gold_per_floor":[113,113,113,38,48,48,75,94,94,119,38,38,3,30,30,128,128,138,413,427,427],"floor_reached":21,"playtime":1104,"items_purged":["Regret"],"score":308,"play_id":"9a08b365-231a-47d5-8dfe-61e3a8d808b7","local_time":"20191015140049","is_ascension_mode":true,"campfire_choices":[{"data":"1","floor":6,"key":"LIFT"},{"data":"Accuracy","floor":12,"key":"SMITH"},{"data":"2","floor":15,"key":"LIFT"}],"neow_cost":"NONE","seed_source_timestamp":103593015389500,"circlet_count":0,"master_deck":["Strike_G","Strike_G","Strike_G","Defend_G","Defend_G","Defend_G","Defend_G","Defend_G","Survivor","Neutralize","Cloak And Dagger","Infinite Blades","Footwork","Footwork","Accuracy+1","Well Laid Plans","Backflip","After Image","Dagger Spray+1","Regret","Cloak And Dagger"],"relics":["Ring of the Snake","NeowsBlessing","Bag of Marbles","Girya","Peace Pipe","Dead Branch","Meat on the Bone","Art of War","Empty Cage"],"potions_floor_usage":[10,14,14,16,21,21,21],"damage_taken":[{"damage":0,"enemies":"Jaw Worm","floor":1,"turns":1},{"damage":0,"enemies":"Small Slimes","floor":5,"turns":1},{"damage":0,"enemies":"3 Sentries","floor":7,"turns":1},{"damage":0,"enemies":"Cultist","floor":8,"turns":3},{"damage":22,"enemies":"Lagavulin","floor":10,"turns":5},{"damage":13,"enemies":"3 Sentries","floor":14,"turns":7},{"damage":27,"enemies":"The Guardian","floor":16,"turns":11},{"damage":0,"enemies":"3 Byrds","floor":18,"turns":5},{"damage":10,"enemies":"Spheric Guardian","floor":20,"turns":5},{"damage":50,"enemies":"Masked Bandits","floor":21,"turns":5}],"seed_played":"4770120156052890390","potions_obtained":[{"floor":1,"key":"LiquidBronze"},{"floor":5,"key":"Fire Potion"},{"floor":7,"key":"LiquidBronze"},{"floor":10,"key":"Weak Potion"},{"floor":16,"key":"SpeedPotion"},{"floor":18,"key":"Explosive Potion"},{"floor":20,"key":"Swift Potion"}],"is_trial":false,"path_per_floor":["M","?","T","$","M","R","E","M","T","E","$","R","$","E","R","B",null,"M","?","M","?"],"character_chosen":"THE_SILENT","items_purchased":["Accuracy","Well Laid Plans"],"campfire_rested":0,"item_purchase_floors":[11,13],"current_hp_per_floor":[63,63,63,63,63,63,63,63,63,41,41,41,41,40,40,25,59,59,59,49,0],"gold":427,"neow_bonus":"THREE_ENEMY_KILL","is_prod":false,"is_daily":false,"chose_seed":false,"campfire_upgraded":1,"win_rate":0,"timestamp":1571162449,"path_taken":["M","?","?","$","M","R","E","M","T","E","?","R","$","E","R","BOSS","M","?","?","?"],"build_version":"2019-07-17","purchased_purges":1,"victory":false,"max_hp_per_floor":[70,70,70,70,70,70,70,70,70,70,70,70,70,70,70,70,70,70,70,70,70],"card_choices":[{"not_picked":["Masterful Stab","Underhanded Strike"],"picked":"Cloak And Dagger","floor":1},{"not_picked":["Heel Hook","Dodge and Roll"],"picked":"Infinite Blades","floor":5},{"not_picked":["Eviscerate","Sucker Punch","Glass Knife"],"picked":"SKIP","floor":7},{"not_picked":["PiercingWail","Poisoned Stab"],"picked":"Footwork","floor":8},{"not_picked":["Calculated Gamble","Die Die Die"],"picked":"Footwork","floor":10},{"not_picked":["Underhanded Strike","All Out Attack"],"picked":"Backflip","floor":14},{"not_picked":["Venomology","Wraith Form v2"],"picked":"After Image","floor":16},{"not_picked":["Slice","Bane"],"picked":"Dagger Spray+1","floor":18},{"not_picked":["Deadly Poison","Finisher"],"picked":"Cloak And Dagger","floor":20}],"player_experience":221005,"relics_obtained":[{"floor":3,"key":"Girya"},{"floor":7,"key":"Peace Pipe"},{"floor":9,"key":"Dead Branch"},{"floor":10,"key":"Meat on the Bone"},{"floor":14,"key":"Art of War"}],"event_choices":[{"damage_healed":0,"gold_gain":0,"player_choice":"Box","damage_taken":0,"relics_obtained":["Bag of Marbles"],"max_hp_gain":0,"max_hp_loss":0,"event_name":"Big Fish","floor":2,"gold_loss":0,"cards_obtained":["Regret"]},{"damage_healed":0,"gold_gain":275,"player_choice":"Desecrate","damage_taken":0,"max_hp_gain":0,"max_hp_loss":0,"event_name":"Golden Shrine","floor":19,"gold_loss":0,"cards_obtained":["Regret"]},{"damage_healed":0,"gold_gain":0,"player_choice":"Fought Bandits","damage_taken":0,"max_hp_gain":0,"max_hp_loss":0,"event_name":"Masked Bandits","floor":21,"gold_loss":0}],"is_beta":false,"boss_relics":[{"not_picked":["Snecko Eye","Eternal Feather"],"picked":"Empty Cage"}],"items_purged_floors":[4],"is_endless":false,"potions_floor_spawned":[1,5,7,10,16,18,20],"killed_by":"Masked Bandits","ascension_level":8}