{"gold_per_floor":[363,363,363,378,378,378,378,249,249,274,274,302,318,393,393,465,465,479,479,499,499,204,204,119,138,138,138,138],"floor_reached":28,"playtime":628,"items_purged":["Strike_B","Strike_B"],"score":444,"play_id":"e92bdadf-4ed9-4de9-8337-8ceec4176aac","local_time":"20190923161240","is_ascension_mode":true,"campfire_choices":[{"data":"Darkness","floor":6.0,"key":"SMITH"},{"floor":11.0,"key":"REST"},{"data":"Coolheaded","floor":15.0,"key":"SMITH"},{"floor":23.0,"key":"REST"},{"data":"Dualcast","floor":27.0,"key":"SMITH"}],"neow_cost":"TEN_PERCENT_HP_LOSS","seed_source_timestamp":86391740333266,"circlet_count":0,"master_deck":["AscendersBane","Strike_B","Strike_B+1","Defend_B","Defend_B","Defend_B","Defend_B","Zap+1","Dualcast+1","Sunder+1","Darkness+1","Coolheaded+1","Turbo","Capacitor","Echo Form","Heatsinks","Auto Shields+1","Skim","Beam Cell","Conserve Battery"],"special_seed":0,"relics":["Cracked Core","Regal Pillow","Orichalcum","WingedGreaves","InkBottle","Philosopher\u0027s Stone","Strawberry","Pen Nib"],"potions_floor_usage":[28],"damage_taken":[{"damage":5.0,"enemies":"Small Slimes","floor":1.0,"turns":3.0},{"damage":0.0,"enemies":"2 Louse","floor":4.0,"turns":2.0},{"damage":32.0,"enemies":"3 Sentries","floor":10.0,"turns":8.0},{"damage":15.0,"enemies":"Lagavulin","floor":12.0,"turns":5.0},{"damage":0.0,"enemies":"Cultist","floor":13.0,"turns":3.0},{"damage":13.0,"enemies":"The Guardian","floor":16.0,"turns":9.0},{"damage":16.0,"enemies":"Spheric Guardian","floor":18.0,"turns":4.0},{"damage":29.0,"enemies":"Shell Parasite","floor":20.0,"turns":4.0},{"damage":27.0,"enemies":"3 Cultists","floor":25.0,"turns":6.0},{"damage":22,"enemies":"Snake Plant","floor":28,"turns":5}],"seed_played":"4044719521645680553","potions_obtained":[{"floor":1.0,"key":"SpeedPotion"},{"floor":16.0,"key":"SteroidPotion"}],"is_trial":false,"path_per_floor":["M","?","?","M","?","R","?","$","T","E","R","E","M","?","R","B",null,"M","?","M","?","$","R","?","M","T","R","M"],"character_chosen":"DEFECT","items_purchased":["FocusPotion","Skim","Beam Cell","AttackPotion"],"campfire_rested":2,"item_purchase_floors":[8,22,22,22],"current_hp_per_floor":[59,40,40,40,61,61,50,50,50,18,52,37,37,26,26,13,51,35,35,6,6,6,40,47,20,20,20,0],"gold":138,"neow_bonus":"TWO_FIFTY_GOLD","is_prod":false,"is_daily":false,"chose_seed":false,"campfire_upgraded":3,"win_rate":0,"timestamp":1569226360,"path_taken":["M","?","?","?","?","R","?","$","T","E","R","E","M","?","R","BOSS","M","?","?","?","$","R","?","M","T","R","M"],"build_version":"2019-09-20","purchased_purges":2,"victory":false,"max_hp_per_floor":[64,64,64,64,64,64,64,64,64,64,64,64,64,64,64,64,64,64,64,64,64,64,64,71,71,71,71,71],"card_choices":[{"not_picked":["Loop","White Noise"],"picked":"Sunder","floor":1.0},{"not_picked":["Go for the Eyes","Sweeping Beam"],"picked":"Darkness","floor":4.0},{"not_picked":["Barrage","Tempest"],"picked":"Coolheaded","floor":10.0},{"not_picked":["Tempest","White Noise"],"picked":"Turbo","floor":12.0},{"not_picked":["Gash","Blizzard"],"picked":"Capacitor","floor":13.0},{"not_picked":["Amplify","Creative AI"],"picked":"Echo Form","floor":16.0},{"not_picked":["Conserve Battery","Steam"],"picked":"Heatsinks","floor":18.0},{"not_picked":["Barrage","Leap"],"picked":"Auto Shields+1","floor":20.0},{"not_picked":["Force Field","Double Energy"],"picked":"Conserve Battery","floor":25.0}],"player_experience":942720,"relics_obtained":[{"floor":9.0,"key":"Orichalcum"},{"floor":10.0,"key":"WingedGreaves"},{"floor":12.0,"key":"InkBottle"},{"floor":26.0,"key":"Pen Nib"}],"event_choices":[{"damage_healed":0.0,"max_hp_gain":0.0,"max_hp_loss":0.0,"gold_gain":0.0,"event_name":"Shining Light","player_choice":"Entered Light","floor":2.0,"gold_loss":0.0,"damage_taken":19.0,"cards_upgraded":["Sunder","Strike_B"]},{"damage_healed":0.0,"max_hp_gain":0.0,"max_hp_loss":0.0,"gold_gain":0.0,"event_name":"Upgrade Shrine","player_choice":"Upgraded","floor":3.0,"gold_loss":0.0,"damage_taken":0.0,"cards_upgraded":["Zap"]},{"damage_healed":21.0,"max_hp_gain":0.0,"max_hp_loss":0.0,"gold_gain":0.0,"event_name":"Big Fish","player_choice":"Banana","floor":5.0,"gold_loss":0.0,"damage_taken":0.0},{"damage_healed":0.0,"max_hp_gain":0.0,"max_hp_loss":0.0,"gold_gain":0.0,"event_name":"Scrap Ooze","player_choice":"Success","floor":7.0,"gold_loss":0.0,"damage_taken":11.0,"relics_obtained":["Regal Pillow"]},{"damage_healed":0.0,"max_hp_gain":0.0,"max_hp_loss":0.0,"gold_gain":75.0,"event_name":"World of Goop","player_choice":"Gather Gold","floor":14.0,"gold_loss":0.0,"damage_taken":11.0},{"damage_healed":0.0,"max_hp_gain":0.0,"max_hp_loss":0.0,"gold_gain":0.0,"event_name":"N\u0027loth","player_choice":"Ignored","floor":19.0,"gold_loss":0.0,"damage_taken":0.0},{"damage_healed":0.0,"max_hp_gain":0.0,"max_hp_loss":0.0,"gold_gain":0.0,"event_name":"Vampires","player_choice":"Ignored","floor":21.0,"gold_loss":0.0,"damage_taken":0.0},{"damage_healed":0.0,"max_hp_gain":0.0,"max_hp_loss":0.0,"gold_gain":0.0,"event_name":"Addict","player_choice":"Obtained Relic","floor":24.0,"gold_loss":85.0,"damage_taken":0.0,"relics_obtained":["Strawberry"]}],"is_beta":true,"boss_relics":[{"not_picked":["Busted Crown","Inserter"],"picked":"Philosopher\u0027s Stone"}],"items_purged_floors":[8,22],"is_endless":false,"potions_floor_spawned":[1,13,16],"killed_by":"Snake Plant","ascension_level":20}