{"gold_per_floor":[113,130,130,140,158,158,184,37,337,354,107,107,122,142,142,242,292,308,324,324,324,335,367,367],"floor_reached":24,"playtime":1287,"items_purged":[],"score":220,"play_id":"c5c2a2d8-4e62-4d12-aa90-845a3ad4d082","local_time":"20191001161223","is_ascension_mode":false,"campfire_choices":[{"data":"Dualcast","floor":6,"key":"SMITH"},{"floor":15,"key":"REST"}],"neow_cost":"NONE","seed_source_timestamp":410004437731900,"circlet_count":0,"master_deck":["Strike_B","Strike_B","Strike_B","Defend_B","Defend_B","Defend_B+1","Defend_B","Zap+1","Dualcast+1","Gash","Hologram","Hologram","Go for the Eyes","Seek","Gash+1","J.A.X.","Loop","Go for the Eyes"],"relics":["Cracked Core","Meat on the Bone","Happy Flower","Old Coin","Mercury Hourglass","Tiny House","Incense Burner"],"potions_floor_usage":[7,16,16,19],"damage_taken":[{"damage":0,"enemies":"Small Slimes","floor":1,"turns":3},{"damage":0,"enemies":"Cultist","floor":2,"turns":3},{"damage":1,"enemies":"2 Louse","floor":4,"turns":3},{"damage":14,"enemies":"Lots of Slimes","floor":5,"turns":4},{"damage":28,"enemies":"3 Sentries","floor":7,"turns":8},{"damage":13,"enemies":"Large Slime","floor":10,"turns":6},{"damage":7,"enemies":"Blue Slaver","floor":13,"turns":3},{"damage":1,"enemies":"2 Fungi Beasts","floor":14,"turns":2},{"damage":20,"enemies":"The Guardian","floor":16,"turns":11},{"damage":0,"enemies":"Spheric Guardian","floor":18,"turns":3},{"damage":9,"enemies":"2 Thieves","floor":19,"turns":4},{"damage":20,"enemies":"Shelled Parasite and Fungi","floor":22,"turns":5},{"damage":48,"enemies":"Book of Stabbing","floor":23,"turns":6},{"damage":18,"enemies":"Snecko","floor":24,"turns":3}],"seed_played":"1104561480736588666","potions_obtained":[{"floor":4,"key":"Swift Potion"},{"floor":10,"key":"GamblersBrew"},{"floor":13,"key":"Fire Potion"},{"floor":16,"key":"Dexterity Potion"},{"floor":17,"key":"Energy Potion"},{"floor":18,"key":"Block Potion"}],"is_trial":false,"path_per_floor":["M","M","?","M","M","R","E","$","T","M","$","?","M","M","R","B",null,"M","M","?","?","M","E","M"],"character_chosen":"DEFECT","items_purchased":["Happy Flower","Mercury Hourglass"],"campfire_rested":1,"item_purchase_floors":[8,11],"current_hp_per_floor":[75,75,75,74,60,60,32,32,32,31,31,24,29,40,62,42,80,80,71,71,71,51,15,0],"gold":367,"neow_bonus":"UPGRADE_CARD","is_prod":false,"is_daily":false,"chose_seed":false,"campfire_upgraded":1,"win_rate":0.0,"timestamp":1569939143,"path_taken":["M","M","?","M","?","R","E","$","T","M","?","?","?","M","R","BOSS","M","M","?","?","M","E","M"],"build_version":"2019-07-17","purchased_purges":0,"victory":false,"max_hp_per_floor":[75,75,75,75,75,75,75,75,75,75,75,75,75,75,75,75,80,80,80,80,80,80,80,80],"card_choices":[{"not_picked":["Compile Driver","Darkness","Sweeping Beam"],"picked":"SKIP","floor":1},{"not_picked":["Chill","Sunder","Conserve Battery"],"picked":"SKIP","floor":2},{"not_picked":["Sweeping Beam","Genetic Algorithm"],"picked":"Gash","floor":4},{"not_picked":["Blizzard","Glacier","Hello World"],"picked":"SKIP","floor":5},{"not_picked":["Steam","FTL"],"picked":"Hologram","floor":7},{"not_picked":["Hello World","Sweeping Beam"],"picked":"Hologram","floor":10},{"not_picked":["Leap","Redo","Turbo"],"picked":"SKIP","floor":13},{"not_picked":["Amplify","Capacitor"],"picked":"Go for the Eyes","floor":14},{"not_picked":["Biased Cognition","Echo Form"],"picked":"Seek","floor":16},{"not_picked":["Aggregate","Steam"],"picked":"Gash+1","floor":18},{"not_picked":["Rip and Tear","Hello World","Buffer"],"picked":"SKIP","floor":19},{"not_picked":["Melter","Compile Driver"],"picked":"Loop","floor":22},{"not_picked":["Capacitor+1","Conserve Battery"],"picked":"Go for the Eyes","floor":23}],"player_experience":128834,"relics_obtained":[{"floor":7,"key":"Meat on the Bone"},{"floor":9,"key":"Old Coin"},{"floor":23,"key":"Incense Burner"}],"event_choices":[{"cards_removed":["Strike_B"],"damage_healed":0,"gold_gain":0,"player_choice":"Offered Basic","damage_taken":0,"max_hp_gain":0,"max_hp_loss":0,"event_name":"Bonfire Elementals","floor":3,"gold_loss":0},{"damage_healed":0,"gold_gain":0,"player_choice":"Damaged","damage_taken":7,"max_hp_gain":0,"max_hp_loss":0,"event_name":"Wheel of Change","floor":12,"gold_loss":0},{"damage_healed":0,"gold_gain":0,"player_choice":"Obtain J.A.X.","damage_taken":0,"max_hp_gain":0,"max_hp_loss":0,"event_name":"Drug Dealer","floor":20,"gold_loss":0,"cards_obtained":["J.A.X."]},{"damage_healed":0,"gold_gain":0,"player_choice":"Ignored","damage_taken":0,"max_hp_gain":0,"max_hp_loss":0,"event_name":"Ghosts","floor":21,"gold_loss":0}],"is_beta":false,"boss_relics":[{"not_picked":["Ectoplasm","Coffee Dripper"],"picked":"Tiny House"}],"items_purged_floors":[],"is_endless":false,"potions_floor_spawned":[4,10,13,16,18],"killed_by":"Snecko","ascension_level":0}