{"gold_per_floor":[110,123,141,161,171,498,509,509,509,509,533,509,526,541,541,541],"floor_reached":16,"playtime":895,"items_purged":[],"score":117,"play_id":"43ecd653-d51e-4681-8043-4c4148dd57be","local_time":"20191009200234","is_ascension_mode":true,"campfire_choices":[{"data":"True Grit","floor":8,"key":"SMITH"},{"data":"Demon Form","floor":10,"key":"SMITH"},{"floor":15,"key":"REST"}],"neow_cost":"NONE","seed_source_timestamp":382536869480000,"circlet_count":0,"master_deck":["Strike_R","Strike_R","Strike_R","Strike_R","Strike_R","Defend_R","Defend_R","Defend_R","Defend_R","Bash","Metallicize","Anger","Thunderclap","True Grit+1","Demon Form+1","Whirlwind","Dark Embrace"],"relics":["Burning Blood","Old Coin","Gremlin Horn","Odd Mushroom"],"potions_floor_usage":[],"damage_taken":[{"damage":4,"enemies":"Cultist","floor":1,"turns":5},{"damage":8,"enemies":"2 Louse","floor":2,"turns":3},{"damage":1,"enemies":"Small Slimes","floor":3,"turns":4},{"damage":3,"enemies":"2 Fungi Beasts","floor":4,"turns":4},{"damage":9,"enemies":"Looter","floor":5,"turns":4},{"damage":22,"enemies":"Gremlin Nob","floor":6,"turns":4},{"damage":41,"enemies":"Large Slime","floor":7,"turns":7},{"damage":20,"enemies":"The Mushroom Lair","floor":11,"turns":4},{"damage":7,"enemies":"Lots of Slimes","floor":13,"turns":5},{"damage":10,"enemies":"Looter","floor":14,"turns":4},{"damage":43,"enemies":"The Guardian","floor":16,"turns":6}],"seed_played":"8032140851584164713","potions_obtained":[{"floor":1,"key":"GamblersBrew"},{"floor":3,"key":"Ancient Potion"},{"floor":5,"key":"GamblersBrew"},{"floor":6,"key":"FearPotion"}],"is_trial":false,"path_per_floor":["M","M","M","M","M","E","M","R","T","R","?","?","M","M","R","B"],"character_chosen":"IRONCLAD","items_purchased":[],"campfire_rested":1,"item_purchase_floors":[],"current_hp_per_floor":[88,86,88,88,85,69,34,34,34,34,20,20,19,15,41,0],"gold":541,"neow_bonus":"TEN_PERCENT_HP_BONUS","is_prod":false,"is_daily":false,"chose_seed":false,"campfire_upgraded":2,"win_rate":0,"timestamp":1570644154,"path_taken":["M","M","M","M","M","E","M","R","T","R","?","?","M","M","R","BOSS"],"build_version":"2019-07-17","purchased_purges":0,"victory":false,"max_hp_per_floor":[88,88,88,88,88,88,88,88,88,88,88,88,88,88,88,88],"card_choices":[{"not_picked":["Burning Pact","Twin Strike"],"picked":"Metallicize","floor":1},{"not_picked":["Wild Strike","Heavy Blade"],"picked":"Anger","floor":2},{"not_picked":["Twin Strike","Heavy Blade","Headbutt"],"picked":"SKIP","floor":3},{"not_picked":["Clothesline","Perfected Strike"],"picked":"Thunderclap","floor":4},{"not_picked":["Hemokinesis","Havoc","Combust"],"picked":"SKIP","floor":5},{"not_picked":["Wild Strike","Headbutt"],"picked":"True Grit","floor":6},{"not_picked":["Inflame","Dropkick"],"picked":"Demon Form","floor":7},{"not_picked":["Warcry","Pummel"],"picked":"Whirlwind","floor":11},{"not_picked":["Clothesline","Headbutt","Iron Wave"],"picked":"SKIP","floor":13},{"not_picked":["Wild Strike","Warcry"],"picked":"Dark Embrace","floor":14}],"player_experience":273222,"relics_obtained":[{"floor":6,"key":"Old Coin"},{"floor":9,"key":"Gremlin Horn"},{"floor":11,"key":"Odd Mushroom"}],"event_choices":[{"damage_healed":0,"gold_gain":0,"player_choice":"Fought Mushrooms","damage_taken":0,"max_hp_gain":0,"max_hp_loss":0,"event_name":"Mushrooms","floor":11,"gold_loss":0},{"damage_healed":0,"gold_gain":0,"player_choice":"Left Gold","damage_taken":0,"max_hp_gain":0,"max_hp_loss":0,"event_name":"World of Goop","floor":12,"gold_loss":24}],"is_beta":false,"boss_relics":[],"items_purged_floors":[],"is_endless":false,"potions_floor_spawned":[1,3,5,6],"killed_by":"The Guardian","ascension_level":2}