{"path_per_floor":["M","?","?","T","?","R","E","M","T","M","M","E","?","M","R","B",null,"M","M","?","M","$","R","M","R","T","M","E","R","?","?","R","B",null,"M","M","M","?","$","E","M","R","T","M","T"],"character_chosen":"THE_SILENT","items_purchased":["Happy Flower","Infinite Blades","Cloak And Dagger","Backflip","Bottled Lightning","Distraction"],"gold_per_floor":[116,116,116,116,291,291,317,336,361,373,392,427,487,506,506,602,602,613,602,602,619,266,266,283,283,359,377,407,407,307,307,307,411,411,424,437,453,453,1,61,76,76,76,95,95],"floor_reached":46,"campfire_rested":1,"playtime":4029,"current_hp_per_floor":[70,70,70,84,84,84,62,62,62,62,62,54,38,36,36,19,84,79,75,94,65,65,65,65,65,65,48,34,34,34,40,70,17,100,75,72,35,90,90,80,48,48,48,14,14],"items_purged":["Doubt","Deadly Poison"],"gold":95,"play_id":"13182cf3-9fda-4d6d-856a-28ce251f3037","is_prod":false,"is_daily":false,"is_ascension_mode":true,"campfire_upgraded":6,"path_taken":["M","?","?","?","?","R","E","M","T","M","?","E","?","M","R","BOSS","M","?","?","M","$","R","?","R","T","M","E","R","?","?","R","BOSS","M","?","M","?","$","E","M","R","T","M","?","M"],"build_version":"2018-02-01-PROD3","purchased_purges":2,"victory":false,"master_deck":["Defend_G+1","Defend_G+1","Defend_G","Defend_G","Defend_G","Strike_G","Strike_G","Strike_G","Strike_G","Survivor","Neutralize+1","Cloak And Dagger","Venomology+1","Prepared","Dagger Spray","Well Laid Plans","Terror+1","Cloak And Dagger","Poisoned Stab+1","Dagger Spray+1","Infinite Blades","Cloak And Dagger","Bouncing Flask+1","Catalyst+1","J.A.X.","Writhe","Poisoned Stab+1","Backflip+1","Distraction+1","Cloak And Dagger+1"],"max_hp_per_floor":[70,70,70,84,84,84,84,84,84,84,84,84,84,84,84,84,84,84,84,94,94,94,94,94,94,94,94,94,94,94,100,100,100,100,100,100,100,90,90,90,90,90,90,90,90],"relics":["Ring of the Snake","Mango","Snake Skull","War Paint","Anchor","Shuriken","White Beast Statue","Happy Flower","Darkstone Periapt","Ginger","Toxic Egg 2","The Specimen","Bottled Lightning","Tiny Chest","Torii","Molten Egg 2"],"card_choices":[{"not_picked":["Dagger Throw","Flying Knee"],"picked":"Cloak And Dagger"},{"not_picked":["Phantasmal Killer","PiercingWail"],"picked":"Prepared"},{"not_picked":["Flying Knee","Quick Slash"],"picked":"Dagger Spray"},{"not_picked":["Prepared","Deflect"],"picked":"Well Laid Plans"},{"not_picked":["Distraction","Footwork"],"picked":"Terror"},{"not_picked":["Footwork","Slice"],"picked":"Cloak And Dagger"},{"not_picked":["Deadly Poison","Dagger Throw"],"picked":"Poisoned Stab"},{"not_picked":["Night Terror","Tactician"],"picked":"Burst"},{"not_picked":["Calculated Gamble","Eviscerate"],"picked":"Deadly Poison"},{"not_picked":["Flying Knee","Poisoned Stab"],"picked":"Dagger Spray"},{"not_picked":["Dagger Spray","Acrobatics"],"picked":"Bouncing Flask"},{"not_picked":["Bane","Dagger Throw"],"picked":"Catalyst"},{"not_picked":["Backstab","Flechettes"],"picked":"Poisoned Stab"},{"not_picked":["PiercingWail","Well Laid Plans"],"picked":"Cloak And Dagger"}],"player_experience":83193,"potions_floor_usage":[8,11,12,12,13,13,14,16,16,16,16,18,18,19,21,24,24,27,28,33,33,33,33,35,36,36,37,37,40,41,41,44,46],"damage_taken":[{"damage":0,"enemies":"Cultist","floor":1,"turns":4},{"damage":22,"enemies":"3 Sentries","floor":7,"turns":15},{"damage":0,"enemies":"Blue Slaver","floor":8,"turns":4},{"damage":0,"enemies":"2 Louse","floor":10,"turns":2},{"damage":0,"enemies":"2 Fungi Beasts","floor":11,"turns":3},{"damage":8,"enemies":"Lagavulin","floor":12,"turns":6},{"damage":16,"enemies":"Gremlin Nob","floor":13,"turns":5},{"damage":5,"enemies":"Looter","floor":14,"turns":3},{"damage":35,"enemies":"Slime Boss","floor":16,"turns":7},{"damage":5,"enemies":"Chosen","floor":18,"turns":6},{"damage":4,"enemies":"2 Thieves","floor":19,"turns":4},{"damage":29,"enemies":"Snecko","floor":21,"turns":6},{"damage":0,"enemies":"Snake Plant","floor":24,"turns":4},{"damage":17,"enemies":"Centurion and Healer","floor":27,"turns":5},{"damage":14,"enemies":"Book of Stabbing","floor":28,"turns":5},{"damage":53,"enemies":"Automaton","floor":33,"turns":7},{"damage":25,"enemies":"3 Darklings","floor":35,"turns":5},{"damage":3,"enemies":"Orb Walker","floor":36,"turns":4},{"damage":37,"enemies":"Sphere and 2 Shapes","floor":37,"turns":5},{"damage":10,"enemies":"Giant Head","floor":40,"turns":5},{"damage":32,"enemies":"4 Shapes","floor":41,"turns":7},{"damage":34,"enemies":"3 Darklings","floor":44,"turns":4},{"damage":26,"enemies":"Maw","floor":46,"turns":4}],"event_choices":[{"event_name":"The Woman in Blue","player_choice":"Bought 0 Potions","floor":2,"damage_taken":0},{"event_name":"Living Wall","player_choice":"Change","floor":3,"damage_taken":0},{"event_name":"Liars Game","player_choice":"agreed","floor":5,"damage_taken":0},{"event_name":"Dead Adventurer","player_choice":"Searched \u00271\u0027 times","floor":13,"damage_taken":0},{"event_name":"Bonfire Elementals","player_choice":"RARE","floor":20,"damage_taken":0},{"event_name":"Drug Dealer","player_choice":"Got JAXXED","floor":30,"damage_taken":0},{"event_name":"The Mausoleum","player_choice":"Yes","floor":31,"damage_taken":0},{"event_name":"The Moai Head","player_choice":"Heal","floor":38,"damage_taken":0}],"boss_relics":[{"not_picked":["Philosopher\u0027s Stone","Velvet Choker"],"picked":"White Beast Statue"},{"not_picked":["Runic Dome","Question Card"],"picked":"The Specimen"}],"potions_floor_spawned":[7,8,12,14,16,18,19,21,24,27,28,33,35,36,37,40,41,44],"seed_played":"-2206987431089755836","killed_by":"Maw","ascension_level":2,"is_trial":false}