{"gold_per_floor":[99,99,99,99,99,99,99,99,99,99,69,69,69,69,69,69,69,69,0,0,0,0,0],"floor_reached":23,"playtime":1275,"items_purged":[],"score":246,"play_id":"6da9e9d1-d4ea-46c6-998a-baf0e858029f","local_time":"20190208185337","is_ascension_mode":true,"campfire_choices":[{"floor":8,"key":"REST"},{"floor":15,"key":"REST"}],"neow_cost":"NONE","seed_source_timestamp":2234344170006211,"circlet_count":0,"master_deck":["Defend_G","Defend_G","Defend_G","Defend_G","Defend_G","Strike_G","Strike_G","Strike_G","Strike_G","Strike_G","Survivor","Neutralize","Slice","Acrobatics","Noxious Fumes","Quick Slash","Dash","Deadly Poison","Calculated Gamble","Catalyst","Cloak And Dagger","Cloak And Dagger","Unload","Decay","Parasite","Clumsy","Blur+1","Well Laid Plans","Terror","RitualDagger"],"relics":["Ectoplasm","Juzu Bracelet","Bronze Scales","Shuriken","Calling Bell","Tiny Chest","Paper Crane","Calipers","Pen Nib"],"potions_floor_usage":[18],"damage_taken":[{"damage":1,"enemies":"Small Slimes","floor":1,"turns":4},{"damage":0,"enemies":"Jaw Worm","floor":2,"turns":4},{"damage":0,"enemies":"Cultist","floor":3,"turns":3},{"damage":7,"enemies":"3 Louse","floor":4,"turns":5},{"damage":19,"enemies":"3 Sentries","floor":6,"turns":11},{"damage":15,"enemies":"Large Slime","floor":7,"turns":8},{"damage":16,"enemies":"Lagavulin","floor":10,"turns":6},{"damage":2,"enemies":"Looter","floor":11,"turns":2},{"damage":0,"enemies":"Lots of Slimes","floor":13,"turns":3},{"damage":1,"enemies":"Red Slaver","floor":14,"turns":3},{"damage":38,"enemies":"Hexaghost","floor":16,"turns":8},{"damage":2,"enemies":"3 Byrds","floor":18,"turns":3},{"damage":15,"enemies":"2 Thieves","floor":19,"turns":4},{"damage":59,"enemies":"Gremlin Leader","floor":23,"turns":5}],"seed_played":"-6988244748338560531","potions_obtained":[{"floor":3,"key":"FairyPotion"},{"floor":6,"key":"LiquidBronze"},{"floor":7,"key":"Fire Potion"},{"floor":16,"key":"FearPotion"},{"floor":18,"key":"FearPotion"}],"is_trial":false,"path_per_floor":["M","M","M","M","?","E","M","R","T","E","M","?","M","M","R","B",null,"M","M","T","?","?","E"],"character_chosen":"THE_SILENT","items_purchased":[],"campfire_rested":2,"item_purchase_floors":[],"current_hp_per_floor":[69,69,69,62,62,43,28,49,49,33,31,31,31,30,51,13,70,68,53,53,53,47,0],"gold":0,"neow_bonus":"BOSS_RELIC","is_prod":false,"is_daily":false,"chose_seed":false,"campfire_upgraded":0,"win_rate":0,"timestamp":1549644817,"path_taken":["M","M","M","M","?","E","M","R","T","E","M","?","M","M","R","BOSS","M","M","?","?","?","E"],"build_version":"2019-01-23","purchased_purges":0,"victory":false,"max_hp_per_floor":[70,70,70,70,70,70,70,70,70,70,70,70,70,70,70,70,70,70,70,70,70,70,70],"card_choices":[{"not_picked":["Dodge and Roll","Bane"],"picked":"Slice","floor":1},{"not_picked":["Dodge and Roll","Distraction"],"picked":"Acrobatics","floor":2},{"not_picked":["Expertise","Deflect"],"picked":"Noxious Fumes","floor":3},{"not_picked":["Eviscerate","Flying Knee"],"picked":"Quick Slash","floor":4},{"not_picked":["Caltrops","PiercingWail"],"picked":"Dash","floor":6},{"not_picked":["Slice","All Out Attack"],"picked":"Deadly Poison","floor":7},{"not_picked":["Venomology","Sucker Punch"],"picked":"Calculated Gamble","floor":10},{"not_picked":["Backflip","Quick Slash"],"picked":"Catalyst","floor":11},{"not_picked":["Outmaneuver","Quick Slash"],"picked":"Cloak And Dagger","floor":13},{"not_picked":["Outmaneuver","Riddle With Holes"],"picked":"Cloak And Dagger","floor":14},{"not_picked":["Grand Finale","Glass Knife"],"picked":"Unload","floor":16},{"not_picked":["Infinite Blades","Escape Plan"],"picked":"Blur+1","floor":18},{"not_picked":["Poisoned Stab","Deflect"],"picked":"Well Laid Plans","floor":19}],"player_experience":192641,"relics_obtained":[{"floor":6,"key":"Juzu Bracelet"},{"floor":9,"key":"Bronze Scales"},{"floor":10,"key":"Shuriken"},{"floor":17,"key":"Tiny Chest"},{"floor":17,"key":"Paper Crane"},{"floor":17,"key":"Calipers"},{"floor":20,"key":"Pen Nib"}],"event_choices":[{"damage_healed":0,"gold_gain":0,"player_choice":"Leave","damage_taken":0,"max_hp_gain":0,"max_hp_loss":0,"event_name":"The Cleric","floor":5,"gold_loss":0},{"damage_healed":0,"gold_gain":0,"player_choice":"Ignored","damage_taken":0,"max_hp_gain":0,"max_hp_loss":0,"event_name":"Purifier","floor":12,"gold_loss":0},{"damage_healed":0,"gold_gain":0,"player_choice":"Read","damage_taken":0,"max_hp_gain":0,"max_hp_loss":0,"event_name":"The Library","floor":21,"gold_loss":0,"cards_obtained":["Terror"]},{"damage_healed":0,"gold_gain":0,"player_choice":"Joined the Cult","damage_taken":6,"max_hp_gain":0,"max_hp_loss":0,"event_name":"Nest","floor":22,"gold_loss":0,"cards_obtained":["RitualDagger"]}],"is_beta":false,"boss_relics":[{"not_picked":["Busted Crown","Runic Dome"],"picked":"Calling Bell"}],"items_purged_floors":[],"is_endless":false,"potions_floor_spawned":[3,6,7,11,16,18,19],"killed_by":"Gremlin Leader","ascension_level":4}