{"gold_per_floor":[110,128,140,160,178,206,206,237,314,314],"floor_reached":10,"playtime":287,"items_purged":[],"score":116,"play_id":"f6a3fa31-87a1-47ed-8709-3148fb982462","local_time":"20191013202857","is_ascension_mode":true,"campfire_choices":[{"floor":7,"key":"REST"}],"neow_cost":"NONE","seed_source_timestamp":178490259999900,"circlet_count":0,"master_deck":["Strike_B","Strike_B","Strike_B","Strike_B","Defend_B","Defend_B","Defend_B","Defend_B","Zap","Dualcast","Gash","Gash","Fusion","Conserve Battery","Heatsinks","Core Surge","Sunder"],"relics":["Cracked Core","NeowsBlessing","DataDisk","Centennial Puzzle","Cables"],"potions_floor_usage":[8],"damage_taken":[{"damage":0,"enemies":"2 Louse","floor":1,"turns":1},{"damage":0,"enemies":"Small Slimes","floor":2,"turns":1},{"damage":0,"enemies":"Cultist","floor":3,"turns":1},{"damage":8,"enemies":"Red Slaver","floor":4,"turns":3},{"damage":8,"enemies":"2 Fungi Beasts","floor":5,"turns":4},{"damage":51,"enemies":"Lagavulin","floor":6,"turns":7},{"damage":20,"enemies":"Gremlin Nob","floor":8,"turns":4},{"damage":10,"enemies":"3 Sentries","floor":10,"turns":1}],"seed_played":"-8213708297177236558","potions_obtained":[{"floor":2,"key":"Strength Potion"},{"floor":3,"key":"LiquidBronze"},{"floor":4,"key":"SpeedPotion"}],"is_trial":false,"path_per_floor":["M","M","M","M","M","E","R","E","T","?"],"character_chosen":"DEFECT","items_purchased":[],"campfire_rested":1,"item_purchase_floors":[],"current_hp_per_floor":[68,68,68,60,52,1,23,3,3,0],"gold":314,"neow_bonus":"THREE_ENEMY_KILL","is_prod":false,"is_daily":false,"chose_seed":false,"campfire_upgraded":0,"win_rate":0,"timestamp":1570991337,"path_taken":["M","M","M","M","M","E","R","E","T","?"],"build_version":"2019-07-17","purchased_purges":0,"victory":false,"max_hp_per_floor":[75,75,75,75,75,75,75,75,75,75],"card_choices":[{"not_picked":["Conserve Battery","Coolheaded"],"picked":"Gash","floor":1},{"not_picked":["Steam Power","Recycle"],"picked":"Gash","floor":2},{"not_picked":["Darkness","Consume"],"picked":"Fusion","floor":3},{"not_picked":["Stack","Redo"],"picked":"Conserve Battery","floor":4},{"not_picked":["Genetic Algorithm","Barrage"],"picked":"Heatsinks","floor":5},{"not_picked":["Ball Lightning","Blizzard"],"picked":"Core Surge","floor":6},{"not_picked":["Heatsinks","Undo"],"picked":"Sunder","floor":8}],"player_experience":416946,"relics_obtained":[{"floor":6,"key":"DataDisk"},{"floor":8,"key":"Centennial Puzzle"},{"floor":9,"key":"Cables"}],"event_choices":[{"damage_healed":0,"gold_gain":0,"player_choice":"Searched \u00272\u0027 times","damage_taken":0,"max_hp_gain":0,"max_hp_loss":0,"event_name":"Dead Adventurer","floor":10,"gold_loss":0}],"is_beta":false,"boss_relics":[],"items_purged_floors":[],"is_endless":false,"potions_floor_spawned":[2,3,4],"killed_by":"3 Sentries","ascension_level":9}