{"gold_per_floor":[111,111,111,129,129,129,161,161,161,161,161,188,201,214,214,309,309,327,340,176,195,110,110,120,131,157,171,171,184,197,296,296,296],"floor_reached":33,"playtime":1555,"items_purged":[],"score":340,"play_id":"44bd730d-c07b-4e91-af54-520798e4a2a5","local_time":"20191010140002","is_ascension_mode":true,"campfire_choices":[{"floor":6,"key":"RECALL"},{"data":"Infinite Blades","floor":8,"key":"SMITH"},{"data":"Neutralize","floor":10,"key":"SMITH"},{"data":"Corpse Explosion","floor":15,"key":"SMITH"},{"floor":23,"key":"REST"},{"floor":28,"key":"REST"},{"floor":32,"key":"REST"}],"neow_cost":"NONE","seed_source_timestamp":13362018308100,"circlet_count":0,"master_deck":["Strike_G+1","Strike_G","Strike_G+1","Strike_G","Defend_G","Defend_G","Defend_G","Defend_G","Defend_G","Survivor","Neutralize+1","Blade Dance+1","Infinite Blades+1","Blade Dance","Blur","Corpse Explosion+1","A Thousand Cuts","Cloak And Dagger","Blur","Adrenaline","Deflect+1","Deflect+1","Well Laid Plans","Bane+1","Accuracy"],"relics":["Ring of the Snake","NeowsBlessing","Dream Catcher","Bottled Tornado","PreservedInsect","Mango","WristBlade","Snake Skull","Whetstone"],"potions_floor_usage":[18,18,25,30,33],"damage_taken":[{"damage":0,"enemies":"Jaw Worm","floor":1,"turns":1},{"damage":0,"enemies":"Cultist","floor":4,"turns":1},{"damage":0,"enemies":"3 Sentries","floor":7,"turns":1},{"damage":14,"enemies":"Lagavulin","floor":12,"turns":7},{"damage":0,"enemies":"2 Louse","floor":13,"turns":2},{"damage":0,"enemies":"Large Slime","floor":14,"turns":5},{"damage":13,"enemies":"The Guardian","floor":16,"turns":12},{"damage":16,"enemies":"Chosen","floor":18,"turns":5},{"damage":11,"enemies":"2 Thieves","floor":19,"turns":2},{"damage":44,"enemies":"Cultist and Chosen","floor":21,"turns":5},{"damage":0,"enemies":"Centurion and Healer","floor":24,"turns":3},{"damage":5,"enemies":"Shelled Parasite and Fungi","floor":25,"turns":5},{"damage":13,"enemies":"Cultist and Chosen","floor":27,"turns":5},{"damage":16,"enemies":"Snecko","floor":29,"turns":5},{"damage":23,"enemies":"Shelled Parasite and Fungi","floor":30,"turns":4},{"damage":53,"enemies":"Champ","floor":33,"turns":8}],"seed_played":"-5798763908867538449","potions_obtained":[{"floor":1,"key":"Swift Potion"},{"floor":4,"key":"FearPotion"},{"floor":12,"key":"Energy Potion"},{"floor":19,"key":"Poison Potion"},{"floor":24,"key":"Energy Potion"},{"floor":30,"key":"Swift Potion"}],"is_trial":false,"path_per_floor":["M","$","?","M","?","R","E","R","T","R","?","E","M","M","R","B",null,"M","M","$","M","?","R","M","M","T","M","R","M","M","?","R","B"],"character_chosen":"THE_SILENT","items_purchased":["Adrenaline"],"campfire_rested":3,"item_purchase_floors":[20],"current_hp_per_floor":[70,70,70,70,70,70,70,70,70,70,63,63,63,63,63,50,84,68,57,57,13,13,38,38,33,33,20,45,29,6,6,31,0],"gold":296,"neow_bonus":"THREE_ENEMY_KILL","is_prod":false,"is_daily":false,"chose_seed":false,"campfire_upgraded":3,"win_rate":0,"timestamp":1570708802,"path_taken":["M","$","?","?","?","R","E","R","T","R","?","E","M","M","R","BOSS","M","M","$","M","?","R","M","M","T","M","R","M","M","?","R","BOSS"],"build_version":"2019-07-17","purchased_purges":0,"victory":false,"max_hp_per_floor":[70,70,70,70,70,70,70,70,70,70,70,84,84,84,84,84,84,84,84,84,84,84,84,84,84,84,84,84,84,84,84,84,84],"card_choices":[{"not_picked":["Distraction","Bane"],"picked":"Blade Dance","floor":1},{"not_picked":["Quick Slash","Bouncing Flask","Sucker Punch"],"picked":"SKIP","floor":4},{"not_picked":["Slice","Choke"],"picked":"Infinite Blades","floor":7},{"not_picked":["Tactician","Outmaneuver"],"picked":"Blade Dance","floor":12},{"not_picked":["Deflect","Underhanded Strike"],"picked":"Blur","floor":13},{"not_picked":["PiercingWail","Sucker Punch"],"picked":"Corpse Explosion","floor":14},{"not_picked":["Night Terror","Die Die Die"],"picked":"A Thousand Cuts","floor":16},{"not_picked":["Deadly Poison","Concentrate+1"],"picked":"Cloak And Dagger","floor":18},{"not_picked":["Bouncing Flask","Dagger Throw+1"],"picked":"Blur","floor":19},{"not_picked":["PiercingWail","Bane"],"picked":"Deflect+1","floor":21},{"not_picked":["Masterful Stab","Underhanded Strike"],"picked":"Deflect+1","floor":24},{"not_picked":["Poisoned Stab","Blade Dance","Riddle With Holes+1"],"picked":"SKIP","floor":25},{"not_picked":["Bouncing Flask+1","Catalyst"],"picked":"Well Laid Plans","floor":27},{"not_picked":["PiercingWail","Dagger Spray+1","All Out Attack"],"picked":"SKIP","floor":29},{"not_picked":["Dash","Unload"],"picked":"Bane+1","floor":30},{"not_picked":["Riddle With Holes+1","Terror"],"picked":"Accuracy","floor":32}],"player_experience":286419,"relics_obtained":[{"floor":7,"key":"Dream Catcher"},{"floor":9,"key":"Bottled Tornado"},{"floor":12,"key":"Mango"},{"floor":26,"key":"Whetstone"}],"event_choices":[{"cards_removed":["Strike_G"],"damage_healed":0,"gold_gain":0,"player_choice":"Purged","damage_taken":0,"max_hp_gain":0,"max_hp_loss":0,"event_name":"Purifier","floor":3,"gold_loss":0},{"damage_healed":0,"gold_gain":0,"player_choice":"Grow","damage_taken":0,"max_hp_gain":0,"max_hp_loss":0,"event_name":"Living Wall","floor":5,"gold_loss":0,"cards_upgraded":["Blade Dance"]},{"damage_healed":0,"gold_gain":0,"player_choice":"Success","damage_taken":7,"relics_obtained":["PreservedInsect"],"max_hp_gain":0,"max_hp_loss":0,"event_name":"Scrap Ooze","floor":11,"gold_loss":0},{"damage_healed":0,"gold_gain":0,"player_choice":"Obtained Relic","damage_taken":0,"relics_obtained":["Snake Skull"],"max_hp_gain":0,"max_hp_loss":0,"event_name":"Addict","floor":22,"gold_loss":85},{"damage_healed":0,"gold_gain":99,"player_choice":"Stole From Cult","damage_taken":0,"max_hp_gain":0,"max_hp_loss":0,"event_name":"Nest","floor":31,"gold_loss":0}],"is_beta":false,"boss_relics":[{"not_picked":["Lizard Tail","Coffee Dripper"],"picked":"WristBlade"}],"items_purged_floors":[],"is_endless":false,"potions_floor_spawned":[1,4,12,19,24,30],"killed_by":"Champ","ascension_level":2}