{"gold_per_floor":[114,164,174,186,31,31,42,42,42,73,85,85,31,47,47,120,120,136,136,169,169,179,205,205,205,205,205,122,148,38,50,50,121,121,134,44,54,67,289,289,309,320,347,347,361,378,408,424,424,424,424,424,424,36,62,62],"floor_reached":56,"playtime":1873,"items_purged":["Corruption"],"score":2413,"play_id":"6e8b882c-2247-438b-bdb0-4defedefce60","local_time":"20190922232210","is_ascension_mode":true,"campfire_choices":[{"data":"Dark Embrace","floor":6.0,"key":"SMITH"},{"data":"Corruption","floor":8.0,"key":"SMITH"},{"data":"Body Slam","floor":12.0,"key":"SMITH"},{"data":"Offering","floor":15.0,"key":"SMITH"},{"floor":25.0,"key":"REST"},{"data":"Second Wind","floor":27.0,"key":"SMITH"},{"data":"Armaments","floor":32.0,"key":"SMITH"},{"data":"Barricade","floor":40.0,"key":"SMITH"},{"floor":44.0,"key":"REST"},{"floor":49.0,"key":"RECALL"},{"data":"Feel No Pain","floor":53.0,"key":"SMITH"}],"neow_cost":"NONE","seed_source_timestamp":24106436604464,"circlet_count":0,"master_deck":["AscendersBane","Bash","Dropkick","Shrug It Off+1","Corruption+1","Dark Embrace+1","Flex","Second Wind+1","Offering+1","Ghostly Armor","Body Slam+1","Dropkick","True Grit","Evolve+1","Armaments+1","Barricade+1","Good Instincts","Shrug It Off","Parasite","Shrug It Off+1","Feel No Pain+1","Armaments","Feel No Pain","Shrug It Off","Armaments"],"special_seed":0,"relics":["Pandora\u0027s Box","Pear","CaptainsWheel","Empty Cage","Red Mask","Akabeko","Matryoshka","Lantern","SlaversCollar","Orichalcum","Paper Frog","InkBottle","Toy Ornithopter"],"potions_floor_usage":[],"damage_taken":[{"damage":4.0,"enemies":"Jaw Worm","floor":1.0,"turns":2.0},{"damage":0.0,"enemies":"Cultist","floor":3.0,"turns":3.0},{"damage":2.0,"enemies":"2 Louse","floor":4.0,"turns":3.0},{"damage":10.0,"enemies":"Exordium Thugs","floor":7.0,"turns":3.0},{"damage":6.0,"enemies":"Lagavulin","floor":10.0,"turns":4.0},{"damage":3.0,"enemies":"Looter","floor":11.0,"turns":2.0},{"damage":8.0,"enemies":"Large Slime","floor":14.0,"turns":3.0},{"damage":6.0,"enemies":"Slime Boss","floor":16.0,"turns":2.0},{"damage":6.0,"enemies":"3 Byrds","floor":18.0,"turns":3.0},{"damage":19.0,"enemies":"Masked Bandits","floor":20.0,"turns":4.0},{"damage":6.0,"enemies":"Shell Parasite","floor":22.0,"turns":1.0},{"damage":15.0,"enemies":"Slavers","floor":23.0,"turns":3.0},{"damage":6.0,"enemies":"Gremlin Leader","floor":29.0,"turns":2.0},{"damage":6.0,"enemies":"Snake Plant","floor":31.0,"turns":1.0},{"damage":6.0,"enemies":"Champ","floor":33.0,"turns":3.0},{"damage":23.0,"enemies":"3 Darklings","floor":35.0,"turns":6.0},{"damage":6.0,"enemies":"Orb Walker","floor":37.0,"turns":2.0},{"damage":17.0,"enemies":"Sphere and 2 Shapes","floor":38.0,"turns":4.0},{"damage":0.0,"enemies":"Spire Growth","floor":41.0,"turns":4.0},{"damage":6.0,"enemies":"4 Shapes","floor":42.0,"turns":1.0},{"damage":6.0,"enemies":"Writhing Mass","floor":45.0,"turns":3.0},{"damage":6.0,"enemies":"3 Darklings","floor":46.0,"turns":2.0},{"damage":13.0,"enemies":"Nemesis","floor":47.0,"turns":3.0},{"damage":6.0,"enemies":"Sphere and 2 Shapes","floor":48.0,"turns":2.0},{"damage":14.0,"enemies":"Time Eater","floor":50.0,"turns":6.0},{"damage":0.0,"enemies":"Awakened One","floor":51.0,"turns":4.0},{"damage":55.0,"enemies":"Shield and Spear","floor":55.0,"turns":3.0},{"damage":0,"enemies":"The Heart","floor":56,"turns":1}],"seed_played":"-1327460082821037379","potions_obtained":[{"floor":1.0,"key":"Ancient Potion"},{"floor":4.0,"key":"SkillPotion"},{"floor":22.0,"key":"LiquidBronze"},{"floor":23.0,"key":"AttackPotion"},{"floor":31.0,"key":"SpeedPotion"},{"floor":35.0,"key":"Strength Potion"},{"floor":42.0,"key":"SpeedPotion"},{"floor":45.0,"key":"Regen Potion"},{"floor":46.0,"key":"LiquidBronze"}],"is_trial":false,"path_per_floor":["M","?","M","M","$","R","M","R","T","E","M","R","$","M","R","B",null,"M","?","?","?","M","E","?","R","T","R","$","E","?","M","R","B",null,"M","$","M","M","?","R","M","M","T","R","M","M","E","M","R","B","B",null,"R","$","E","B"],"character_chosen":"IRONCLAD","items_purchased":["Ghostly Armor","Fire Potion","Evolve","Good Instincts","Feel No Pain","Shrug It Off","Ancient Potion","InkBottle","Armaments"],"campfire_rested":2,"item_purchase_floors":[5,13,28,36,54,54,54,54,54],"current_hp_per_floor":[64,57,57,55,55,55,45,45,55,49,46,46,46,38,38,32,72,66,66,47,47,41,26,26,51,51,51,51,45,45,39,39,33,72,49,49,43,26,26,26,26,20,20,45,39,38,25,19,19,5,5,65,65,65,10,10],"gold":62,"neow_bonus":"BOSS_RELIC","is_prod":false,"is_daily":false,"chose_seed":false,"campfire_upgraded":8,"win_rate":0,"timestamp":1569165730,"path_taken":["M","?","?","M","$","R","M","R","T","E","M","R","?","M","R","BOSS","M","?","?","?","?","E","?","R","T","R","$","E","?","?","R","BOSS","M","$","M","M","?","R","M","M","T","R","M","M","E","M","R","BOSS","BOSS","R","$","E","BOSS"],"build_version":"2019-09-20","purchased_purges":1,"victory":false,"max_hp_per_floor":[75,75,75,75,75,75,75,75,85,85,85,85,85,85,85,85,85,85,85,85,85,85,85,85,85,85,85,85,85,85,85,85,85,85,85,85,85,85,85,85,85,85,85,85,85,85,85,85,85,85,85,85,85,85,85,85],"card_choices":[{"not_picked":["Anger","Searing Blow"],"picked":"Second Wind","floor":1.0},{"not_picked":["Clothesline","Perfected Strike","Pommel Strike"],"picked":"SKIP","floor":3.0},{"not_picked":["Dual Wield","Carnage"],"picked":"Offering","floor":4.0},{"not_picked":["Whirlwind","Flex","Twin Strike"],"picked":"SKIP","floor":7.0},{"not_picked":["Reaper","Flex","Clothesline"],"picked":"SKIP","floor":10.0},{"not_picked":["Dropkick","Iron Wave"],"picked":"Body Slam","floor":11.0},{"not_picked":["Warcry","Twin Strike","Havoc"],"picked":"SKIP","floor":14.0},{"not_picked":["Havoc","Perfected Strike","Wild Strike"],"picked":"SKIP","floor":18.0},{"not_picked":["Headbutt","Searing Blow+1"],"picked":"Dropkick","floor":20.0},{"not_picked":["Anger+1","Dark Embrace","Heavy Blade"],"picked":"SKIP","floor":22.0},{"not_picked":["Flame Barrier","Infernal Blade"],"picked":"True Grit","floor":23.0},{"not_picked":["True Grit","Bludgeon","Bloodletting"],"picked":"SKIP","floor":29.0},{"not_picked":["Battle Trance","Havoc+1"],"picked":"Armaments","floor":31.0},{"not_picked":["Reaper","Immolate"],"picked":"Barricade","floor":33.0},{"not_picked":["Flex","Thunderclap+1","Headbutt"],"picked":"SKIP","floor":35.0},{"not_picked":["Inflame","Anger+1"],"picked":"Shrug It Off","floor":37.0},{"not_picked":["Heavy Blade","Searing Blow+1","Juggernaut"],"picked":"SKIP","floor":38.0},{"not_picked":["Uppercut+1","Cleave","Havoc"],"picked":"SKIP","floor":41.0},{"not_picked":["Twin Strike+1","True Grit","Body Slam+1"],"picked":"SKIP","floor":42.0},{"not_picked":["Dual Wield","Rupture+1"],"picked":"Shrug It Off+1","floor":45.0},{"not_picked":["Spot Weakness+1","Clothesline+1","Clash"],"picked":"SKIP","floor":46.0},{"not_picked":["Pummel","Havoc"],"picked":"Feel No Pain","floor":47.0},{"not_picked":["Wild Strike","Twin Strike"],"picked":"Armaments","floor":48.0},{"not_picked":["Heavy Blade+1","Anger","Clothesline"],"picked":"SKIP","floor":55.0}],"player_experience":922926,"relics_obtained":[{"floor":9.0,"key":"Pear"},{"floor":10.0,"key":"CaptainsWheel"},{"floor":20.0,"key":"Red Mask"},{"floor":23.0,"key":"Akabeko"},{"floor":26.0,"key":"Matryoshka"},{"floor":29.0,"key":"Lantern"},{"floor":43.0,"key":"Orichalcum"},{"floor":47.0,"key":"Paper Frog"},{"floor":55.0,"key":"Toy Ornithopter"}],"event_choices":[{"damage_healed":0.0,"max_hp_gain":0.0,"max_hp_loss":0.0,"gold_gain":50.0,"event_name":"FaceTrader","player_choice":"Touch","floor":2.0,"gold_loss":0.0,"damage_taken":7.0},{"damage_healed":0.0,"max_hp_gain":0.0,"max_hp_loss":0.0,"gold_gain":0.0,"event_name":"Beggar","player_choice":"Ignored","floor":19.0,"gold_loss":0.0,"damage_taken":0.0},{"damage_healed":0.0,"max_hp_gain":0.0,"max_hp_loss":0.0,"gold_gain":0.0,"event_name":"Masked Bandits","player_choice":"Fought Bandits","floor":20.0,"gold_loss":0.0,"damage_taken":0.0},{"damage_healed":0.0,"max_hp_gain":0.0,"max_hp_loss":0.0,"gold_gain":0.0,"event_name":"Accursed Blacksmith","player_choice":"Forge","floor":21.0,"gold_loss":0.0,"damage_taken":0.0,"cards_upgraded":["Shrug It Off"]},{"damage_healed":0.0,"max_hp_gain":0.0,"max_hp_loss":0.0,"gold_gain":0.0,"event_name":"Cursed Tome","player_choice":"Ignored","floor":24.0,"gold_loss":0.0,"damage_taken":0.0},{"cards_removed":["Fiend Fire"],"damage_healed":0.0,"max_hp_gain":0.0,"max_hp_loss":0.0,"gold_gain":0.0,"event_name":"Designer","player_choice":"Upgrade and Remove","floor":30.0,"gold_loss":110.0,"damage_taken":0.0,"cards_upgraded":["Evolve"]},{"damage_healed":0.0,"max_hp_gain":0.0,"max_hp_loss":0.0,"gold_gain":222.0,"event_name":"Tomb of Lord Red Mask","player_choice":"Wore Mask","floor":39.0,"gold_loss":0.0,"damage_taken":0.0}],"is_beta":true,"boss_relics":[{"not_picked":["Coffee Dripper","Runic Cube"],"picked":"Empty Cage"},{"not_picked":["Velvet Choker","Philosopher\u0027s Stone"],"picked":"SlaversCollar"}],"items_purged_floors":[5],"is_endless":false,"potions_floor_spawned":[1,4,7,11,16,22,23,31,33,35,42,45,46,48],"killed_by":"The Heart","ascension_level":20}