{"gold_per_floor":[116,116,116,128,128,128,141,141,141,157,183,198,198,228,228,327,327,341,256,290,344,344,374,374,408,408,408,87,106,119,132,132,227,227,237,459,474,168,168,168,43,43,43,43,71,119,231,258,270,282],"floor_reached":51,"playtime":3492,"items_purged":["Strike_R"],"score":898,"play_id":"e398cae6-5dcc-4a41-990c-3726cce61611","local_time":"20191005131414","is_ascension_mode":true,"campfire_choices":[{"data":"Body Slam","floor":6.0,"key":"SMITH"},{"data":"Bash","floor":8.0,"key":"SMITH"},{"data":"Body Slam","floor":13.0,"key":"SMITH"},{"data":"Clothesline","floor":15.0,"key":"SMITH"},{"data":"Offering","floor":24,"key":"SMITH"},{"data":"Shrug It Off","floor":27,"key":"SMITH"},{"data":"Rage","floor":32,"key":"SMITH"},{"data":"Flame Barrier","floor":40,"key":"SMITH"},{"data":"Body Slam","floor":42,"key":"SMITH"},{"data":"Shrug It Off","floor":44,"key":"SMITH"},{"data":"Defend_R","floor":49,"key":"PURGE"}],"neow_cost":"NONE","seed_source_timestamp":0,"circlet_count":0,"master_deck":["Strike_R","Strike_R+1","Defend_R+1","Defend_R","Defend_R","Bash+1","Body Slam+1","Body Slam+1","Shrug It Off+1","Clothesline+1","Offering+1","Thunderclap","Rage+1","Flame Barrier+1","Shrug It Off+1","Body Slam+1","Shrug It Off+1"],"special_seed":0,"relics":["Burning Blood","Sundial","Gremlin Horn","Meat on the Bone","Bag of Preparation","Empty Cage","Matryoshka","Red Mask","Mercury Hourglass","Boot","Regal Pillow","Centennial Puzzle","Omamori","Nunchaku","Coffee Dripper","Mango","Blood Vial","Mummified Hand","MawBank","Peace Pipe"],"potions_floor_usage":[25,30,33,33,50,50,50],"damage_taken":[{"damage":3.0,"enemies":"Jaw Worm","floor":1.0,"turns":4.0},{"damage":0.0,"enemies":"Cultist","floor":4.0,"turns":3.0},{"damage":4.0,"enemies":"2 Louse","floor":7.0,"turns":3.0},{"damage":0.0,"enemies":"Exordium Wildlife","floor":10.0,"turns":3.0},{"damage":37.0,"enemies":"3 Sentries","floor":11.0,"turns":10.0},{"damage":0.0,"enemies":"Blue Slaver","floor":12.0,"turns":4.0},{"damage":14.0,"enemies":"Lagavulin","floor":14.0,"turns":5.0},{"damage":33.0,"enemies":"The Guardian","floor":16.0,"turns":12.0},{"damage":0,"enemies":"Chosen","floor":18,"turns":4},{"damage":6,"enemies":"Masked Bandits","floor":20,"turns":2},{"damage":7,"enemies":"Slavers","floor":23,"turns":4},{"damage":70,"enemies":"Gremlin Leader","floor":25,"turns":8},{"damage":0,"enemies":"3 Byrds","floor":29,"turns":1},{"damage":4,"enemies":"Snecko","floor":30,"turns":3},{"damage":6,"enemies":"Centurion and Healer","floor":31,"turns":6},{"damage":72,"enemies":"Champ","floor":33,"turns":10},{"damage":0,"enemies":"3 Shapes","floor":35,"turns":5},{"damage":6,"enemies":"Orb Walker","floor":37,"turns":2},{"damage":6,"enemies":"Reptomancer","floor":45,"turns":2},{"damage":6,"enemies":"Mind Bloom Boss Battle","floor":47,"turns":2},{"damage":6,"enemies":"4 Shapes","floor":48,"turns":1},{"damage":119,"enemies":"Time Eater","floor":50,"turns":15}],"seed_played":"-2976492971673780851","potions_obtained":[{"floor":4.0,"key":"SneckoOil"},{"floor":11.0,"key":"Ancient Potion"},{"floor":12.0,"key":"GamblersBrew"},{"floor":29,"key":"Block Potion"},{"floor":30,"key":"BloodPotion"},{"floor":35,"key":"Weak Potion"}],"is_trial":false,"path_per_floor":["M","?","T","M","?","R","M","R","T","M","E","M","R","E","R","B",null,"M","?","?","T","?","E","R","E","T","R","$","M","M","M","R","B",null,"M","?","M","$","?","R","$","R","T","R","E","T","?","M","R","B",null],"character_chosen":"IRONCLAD","items_purchased":["Rage","Flame Barrier","Fruit Juice","Mango","Body Slam","BloodPotion"],"campfire_rested":0,"item_purchase_floors":[28,28,28,38,41,41],"current_hp_per_floor":[88,70,70,76,81,81,83,83,83,89,58,64,64,56,56,41,93,93,93,93,93,93,92,92,40,40,40,40,58,65,65,65,35,98,98,98,98,112,112,112,112,112,112,112,112,112,112,112,112,39],"gold":294,"neow_bonus":"TEN_PERCENT_HP_BONUS","is_prod":false,"is_daily":false,"chose_seed":false,"campfire_upgraded":10,"win_rate":0,"timestamp":1570302854,"path_taken":["M","?","?","?","?","R","M","R","T","M","E","M","R","E","R","BOSS","BOSS","M","?","?","?","?","E","R","E","T","R","$","M","M","M","R","BOSS","M","?","M","$","?","R","?","R","T","R","E","?","?","M","R","BOSS"],"build_version":"2019-07-17","purchased_purges":1,"victory":true,"max_hp_per_floor":[88,88,88,88,93,93,93,93,93,93,93,93,93,93,93,93,93,93,93,93,93,93,93,93,93,93,93,93,93,98,98,98,98,98,98,98,98,112,112,112,112,112,112,112,112,112,112,112,112,112],"card_choices":[{"not_picked":["Wild Strike","True Grit","Clash"],"picked":"SKIP","floor":1.0},{"not_picked":["Clothesline","Combust"],"picked":"Body Slam","floor":4.0},{"not_picked":["Pommel Strike","Flex","Carnage"],"picked":"SKIP","floor":7.0},{"not_picked":["Anger","Wild Strike"],"picked":"Body Slam","floor":10.0},{"not_picked":["Clash","Twin Strike"],"picked":"Shrug It Off","floor":11.0},{"not_picked":["Limit Break","Bloodletting"],"picked":"Clothesline","floor":12.0},{"not_picked":["Inflame","Combust","Thunderclap"],"picked":"SKIP","floor":14.0},{"not_picked":["Brutality","Demon Form"],"picked":"Offering","floor":16},{"not_picked":["Flex","Infernal Blade"],"picked":"Thunderclap","floor":18},{"not_picked":["Fiend Fire","Sever Soul","Warcry"],"picked":"SKIP","floor":23},{"not_picked":["Twin Strike","Sever Soul","Armaments"],"picked":"SKIP","floor":25},{"not_picked":["Shockwave","Heavy Blade","Headbutt"],"picked":"SKIP","floor":29},{"not_picked":["Heavy Blade","Sword Boomerang","Perfected Strike"],"picked":"SKIP","floor":30},{"not_picked":["Perfected Strike","Flex"],"picked":"Shrug It Off","floor":31},{"not_picked":["Berserk","Dark Embrace"],"picked":"Juggernaut","floor":33},{"not_picked":["Power Through","Perfected Strike+1","Flex"],"picked":"SKIP","floor":35},{"not_picked":["Thunderclap+1","Iron Wave","Cleave+1"],"picked":"SKIP","floor":37},{"not_picked":["Wild Strike","Warcry+1","Infernal Blade"],"picked":"SKIP","floor":45},{"not_picked":["Ghostly Armor","Thunderclap+1"],"picked":"Shrug It Off+1","floor":48}],"player_experience":38175,"relics_obtained":[{"floor":3.0,"key":"Sundial"},{"floor":9.0,"key":"Gremlin Horn"},{"floor":11.0,"key":"Meat on the Bone"},{"floor":14.0,"key":"Bag of Preparation"},{"floor":20,"key":"Red Mask"},{"floor":21,"key":"Mercury Hourglass"},{"floor":21,"key":"Boot"},{"floor":23,"key":"Regal Pillow"},{"floor":25,"key":"Centennial Puzzle"},{"floor":26,"key":"Omamori"},{"floor":26,"key":"Nunchaku"},{"floor":43,"key":"Blood Vial"},{"floor":45,"key":"Mummified Hand"},{"floor":46,"key":"MawBank"},{"floor":47,"key":"Peace Pipe"}],"event_choices":[{"damage_healed":0.0,"max_hp_gain":0.0,"max_hp_loss":0.0,"gold_gain":0.0,"event_name":"Shining Light","player_choice":"Entered Light","floor":2.0,"gold_loss":0.0,"damage_taken":18.0,"cards_upgraded":["Strike_R","Defend_R"]},{"damage_healed":0.0,"max_hp_gain":5.0,"max_hp_loss":0.0,"gold_gain":0.0,"event_name":"Big Fish","player_choice":"Donut","floor":5.0,"gold_loss":0.0,"damage_taken":0.0},{"damage_healed":0,"gold_gain":0,"player_choice":"Obtained Relic","damage_taken":0,"relics_obtained":["Matryoshka"],"max_hp_gain":0,"max_hp_loss":0,"event_name":"Addict","floor":19,"gold_loss":85},{"damage_healed":0,"gold_gain":0,"player_choice":"Fought Bandits","damage_taken":0,"max_hp_gain":0,"max_hp_loss":0,"event_name":"Masked Bandits","floor":20,"gold_loss":0},{"damage_healed":0,"gold_gain":0,"player_choice":"Ignored","damage_taken":0,"max_hp_gain":0,"max_hp_loss":0,"event_name":"Ghosts","floor":22,"gold_loss":0},{"damage_healed":0,"gold_gain":222,"player_choice":"Wore Mask","damage_taken":0,"max_hp_gain":0,"max_hp_loss":0,"event_name":"Tomb of Lord Red Mask","floor":36,"gold_loss":0},{"cards_removed":["Juggernaut"],"damage_healed":0,"gold_gain":0,"player_choice":"Removed Power","damage_taken":0,"max_hp_gain":0,"max_hp_loss":0,"event_name":"Falling","floor":39,"gold_loss":0},{"damage_healed":0,"gold_gain":0,"player_choice":"Fight","damage_taken":0,"max_hp_gain":0,"max_hp_loss":0,"event_name":"MindBloom","floor":47,"gold_loss":0}],"is_beta":false,"boss_relics":[{"not_picked":["Eternal Feather","Black Blood"],"picked":"Empty Cage"},{"not_picked":["Black Star","Runic Pyramid"],"picked":"Coffee Dripper"}],"items_purged_floors":[28],"is_endless":false,"potions_floor_spawned":[4,11,12,29,30,35,45],"ascension_level":3}