{"gold_per_floor":[117,117,135,154,154,154,188,188,188,188,205,224,224,224,224,320,320,331,344,107,125,137,137],"floor_reached":23,"playtime":1210,"items_purged":["Defend_G"],"score":212,"play_id":"c549dac4-afe2-411c-9ef1-cc59ecf96dc4","local_time":"20191013073641","is_ascension_mode":true,"campfire_choices":[{"data":"Endless Agony","floor":6,"key":"SMITH"},{"data":"Choke","floor":8,"key":"SMITH"},{"floor":10,"key":"RECALL"},{"floor":15,"key":"REST"}],"neow_cost":"NONE","seed_source_timestamp":171720934312600,"circlet_count":0,"master_deck":["Strike_G","Strike_G","Strike_G","Defend_G","Defend_G","Defend_G","Survivor","Neutralize","Endless Agony+1","Footwork","Choke+1","Escape Plan","Calculated Gamble"],"relics":["Ring of the Snake","NeowsBlessing","Singing Bowl","Question Card","WristBlade","Membership Card"],"potions_floor_usage":[11,16,21,22,23,23],"damage_taken":[{"damage":0,"enemies":"Small Slimes","floor":1,"turns":1},{"damage":0,"enemies":"Cultist","floor":3,"turns":1},{"damage":0,"enemies":"2 Louse","floor":4,"turns":1},{"damage":23,"enemies":"Gremlin Nob","floor":7,"turns":4},{"damage":15,"enemies":"Gremlin Gang","floor":11,"turns":5},{"damage":1,"enemies":"Exordium Wildlife","floor":12,"turns":4},{"damage":24,"enemies":"The Guardian","floor":16,"turns":13},{"damage":20,"enemies":"2 Thieves","floor":18,"turns":3},{"damage":19,"enemies":"Chosen","floor":19,"turns":5},{"damage":16,"enemies":"Centurion and Healer","floor":21,"turns":7},{"damage":21,"enemies":"Snecko","floor":22,"turns":5},{"damage":8,"enemies":"Book of Stabbing","floor":23,"turns":2}],"seed_played":"5148036903810295215","potions_obtained":[{"floor":1,"key":"Regen Potion"},{"floor":7,"key":"Strength Potion"},{"floor":11,"key":"SkillPotion"},{"floor":12,"key":"LiquidBronze"},{"floor":19,"key":"Block Potion"},{"floor":21,"key":"Fire Potion"},{"floor":22,"key":"SkillPotion"}],"is_trial":false,"path_per_floor":["M","?","M","M","?","R","E","R","T","R","M","M","?","?","R","B",null,"M","M","$","M","M","E"],"character_chosen":"THE_SILENT","items_purchased":["Membership Card"],"campfire_rested":1,"item_purchase_floors":[20],"current_hp_per_floor":[70,70,70,70,70,70,47,47,47,47,34,35,35,28,50,28,76,58,41,41,27,6,0],"gold":137,"neow_bonus":"THREE_ENEMY_KILL","is_prod":false,"is_daily":false,"chose_seed":false,"campfire_upgraded":2,"win_rate":0,"timestamp":1570945001,"path_taken":["M","?","M","?","?","R","E","R","T","R","?","M","?","?","R","BOSS","M","M","$","M","M","E"],"build_version":"2019-07-17","purchased_purges":1,"victory":false,"max_hp_per_floor":[70,70,70,70,70,70,70,70,70,70,72,74,74,74,74,76,76,78,80,80,82,82,82],"card_choices":[{"not_picked":["Distraction","Terror"],"picked":"Endless Agony","floor":1},{"not_picked":["Setup","Deadly Poison"],"picked":"Footwork","floor":3},{"not_picked":["Slice","Footwork"],"picked":"Choke","floor":4},{"not_picked":["Choke","Acrobatics"],"picked":"Escape Plan","floor":7},{"not_picked":["Caltrops","Blade Dance","Outmaneuver","Concentrate"],"picked":"Singing Bowl","floor":11},{"not_picked":["Setup","Dagger Spray","Acrobatics","Underhanded Strike"],"picked":"Singing Bowl","floor":12},{"not_picked":["Unload","Corpse Explosion","Doppelganger","Malaise"],"picked":"Singing Bowl","floor":16},{"not_picked":["Setup","Dagger Throw+1","Slice","Backflip"],"picked":"Singing Bowl","floor":18},{"not_picked":["Dash","Blade Dance+1","Quick Slash","Heel Hook"],"picked":"Singing Bowl","floor":19},{"not_picked":["Eviscerate+1","Concentrate","Flechettes","Dodge and Roll"],"picked":"Singing Bowl","floor":21},{"not_picked":["Flying Knee+1","Escape Plan","Tactician+1"],"picked":"Calculated Gamble","floor":22}],"player_experience":323334,"relics_obtained":[{"floor":7,"key":"Question Card"}],"event_choices":[{"cards_removed":["Strike_G"],"damage_healed":0,"gold_gain":0,"player_choice":"Purged","damage_taken":0,"max_hp_gain":0,"max_hp_loss":0,"event_name":"Purifier","floor":2,"gold_loss":0},{"damage_healed":0,"gold_gain":0,"player_choice":"Gave Potion","damage_taken":0,"relics_obtained":["Singing Bowl"],"max_hp_gain":0,"max_hp_loss":0,"event_name":"WeMeetAgain","floor":5,"gold_loss":0},{"cards_removed":["Strike_G"],"damage_healed":0,"gold_gain":0,"player_choice":"Forget","damage_taken":0,"max_hp_gain":0,"max_hp_loss":0,"event_name":"Living Wall","floor":13,"gold_loss":0},{"cards_removed":["Defend_G"],"damage_healed":0,"gold_gain":0,"player_choice":"Card Removal","damage_taken":7,"max_hp_gain":0,"max_hp_loss":0,"event_name":"Golden Wing","floor":14,"gold_loss":0}],"is_beta":false,"boss_relics":[{"not_picked":["Cursed Key","White Beast Statue"],"picked":"WristBlade"}],"items_purged_floors":[20],"is_endless":false,"potions_floor_spawned":[1,7,11,12,19,21,22],"killed_by":"Book of Stabbing","ascension_level":2}