{"gold_per_floor":[113,130,55,68,68,93,93,93,120,120],"floor_reached":10,"playtime":208,"items_purged":[],"score":132,"play_id":"222e28bb-6364-435b-aae4-f767f825d10c","local_time":"20190924222005","is_ascension_mode":true,"campfire_choices":[{"data":"Searing Blow","floor":7.0,"key":"SMITH"}],"neow_cost":"NONE","seed_source_timestamp":195291712785492,"circlet_count":0,"master_deck":["AscendersBane","Strike_R","Strike_R","Strike_R","Strike_R","Defend_R","Defend_R","Defend_R","Defend_R","Bash","True Grit","Reckless Charge","Searing Blow+1"],"special_seed":0,"relics":["Burning Blood","NeowsBlessing","Regal Pillow","Boot","Bag of Marbles","Smiling Mask"],"potions_floor_usage":[],"damage_taken":[{"damage":0.0,"enemies":"Jaw Worm","floor":1.0,"turns":1.0},{"damage":0.0,"enemies":"Small Slimes","floor":2.0,"turns":2.0},{"damage":0.0,"enemies":"Cultist","floor":4.0,"turns":1.0},{"damage":28.0,"enemies":"3 Sentries","floor":6.0,"turns":10.0},{"damage":38,"enemies":"Exordium Wildlife","floor":10,"turns":7}],"seed_played":"-2500405434342815197","potions_obtained":[{"floor":2.0,"key":"DuplicationPotion"},{"floor":4.0,"key":"AttackPotion"}],"is_trial":false,"path_per_floor":["M","M","?","M","?","E","R","?","T","M"],"character_chosen":"IRONCLAD","items_purchased":[],"campfire_rested":0,"item_purchase_floors":[],"current_hp_per_floor":[74,75,75,75,49,27,27,27,27,0],"gold":120,"neow_bonus":"THREE_ENEMY_KILL","is_prod":false,"is_daily":false,"chose_seed":false,"campfire_upgraded":1,"win_rate":0,"timestamp":1569334805,"path_taken":["M","M","?","M","?","E","R","?","T","?"],"build_version":"2019-09-23","purchased_purges":0,"victory":false,"max_hp_per_floor":[75,75,75,75,75,75,75,75,75,75],"card_choices":[{"not_picked":["Flex","Rupture"],"picked":"True Grit","floor":1.0},{"not_picked":["Thunderclap","Whirlwind"],"picked":"Body Slam","floor":2.0},{"not_picked":["Clash","Sword Boomerang"],"picked":"Reckless Charge","floor":4.0},{"not_picked":["Evolve","Shockwave"],"picked":"Searing Blow","floor":6.0}],"player_experience":977742,"relics_obtained":[{"floor":6.0,"key":"Boot"},{"floor":9.0,"key":"Smiling Mask"}],"event_choices":[{"cards_removed":["Strike_R"],"damage_healed":0.0,"max_hp_gain":0.0,"max_hp_loss":0.0,"gold_gain":0.0,"event_name":"The Cleric","player_choice":"Card Removal","floor":3.0,"gold_loss":75.0,"damage_taken":0.0},{"damage_healed":0.0,"max_hp_gain":0.0,"max_hp_loss":0.0,"gold_gain":0.0,"event_name":"Scrap Ooze","player_choice":"Success","floor":5.0,"gold_loss":0.0,"damage_taken":26.0,"relics_obtained":["Regal Pillow"]},{"cards_removed":["Body Slam"],"damage_healed":0.0,"max_hp_gain":0.0,"max_hp_loss":0.0,"gold_gain":0.0,"event_name":"WeMeetAgain","player_choice":"Gave Card","floor":8.0,"gold_loss":0.0,"damage_taken":0.0,"relics_obtained":["Bag of Marbles"]}],"is_beta":true,"boss_relics":[],"items_purged_floors":[],"is_endless":false,"potions_floor_spawned":[2,4],"killed_by":"Exordium Wildlife","ascension_level":20}