{"gold_per_floor":[218,218,234,27,40,40,67,79,104,129,33,33,33,33,33,128,128,140,157,107,124,135,135,95,95,145,165,165,165,165,175,175,175],"floor_reached":33,"playtime":1269,"items_purged":[],"score":306,"play_id":"244727b2-1603-4316-bf71-02dfee132889","local_time":"20191018153746","is_ascension_mode":true,"campfire_choices":[{"data":"Zap","floor":6,"key":"SMITH"},{"data":"Hologram","floor":15,"key":"SMITH"},{"floor":23,"key":"REST"},{"data":"Streamline","floor":25,"key":"SMITH"},{"data":"Hologram","floor":28,"key":"SMITH"},{"data":"Beam Cell","floor":32,"key":"SMITH"}],"neow_cost":"NONE","seed_source_timestamp":632533956846100,"circlet_count":0,"master_deck":["Strike_B+1","Strike_B","Strike_B","Defend_B+1","Defend_B","Defend_B+1","Defend_B+1","Zap+1","Dualcast","FTL","Leap","Self Repair","Hologram+1","Hyperbeam","Beam Cell+1","Scrape","Streamline+1","Madness","Leap","Hologram+1","FTL+1","Turbo+1","Beam Cell","Rebound"],"relics":["Cracked Core","Bronze Scales","Happy Flower","War Paint","Regal Pillow","Black Star","MutagenicStrength"],"potions_floor_usage":[8,19,27,31,33],"damage_taken":[{"damage":4,"enemies":"Jaw Worm","floor":1,"turns":3},{"damage":1,"enemies":"Cultist","floor":3,"turns":4},{"damage":0,"enemies":"2 Louse","floor":5,"turns":2},{"damage":40,"enemies":"Gremlin Nob","floor":7,"turns":4},{"damage":6,"enemies":"Gremlin Gang","floor":8,"turns":3},{"damage":11,"enemies":"Lagavulin","floor":10,"turns":7},{"damage":23,"enemies":"Hexaghost","floor":16,"turns":7},{"damage":22,"enemies":"2 Thieves","floor":18,"turns":2},{"damage":12,"enemies":"3 Byrds","floor":19,"turns":1},{"damage":10,"enemies":"3 Cultists","floor":21,"turns":3},{"damage":20,"enemies":"Centurion and Healer","floor":22,"turns":7},{"damage":9,"enemies":"Chosen and Byrds","floor":27,"turns":3},{"damage":4,"enemies":"Shelled Parasite and Fungi","floor":31,"turns":3},{"damage":61,"enemies":"Collector","floor":33,"turns":6}],"seed_played":"-558674261840368782","potions_obtained":[{"floor":1,"key":"Energy Potion"},{"floor":3,"key":"PowerPotion"},{"floor":19,"key":"Poison Potion"},{"floor":21,"key":"SpeedPotion"},{"floor":22,"key":"Ancient Potion"},{"floor":27,"key":"SteroidPotion"}],"is_trial":false,"path_per_floor":["M","?","M","$","M","R","E","M","T","E","$","?","$","?","R","B",null,"M","M","$","M","M","R","?","R","T","M","R","?","?","M","R","B"],"character_chosen":"DEFECT","items_purchased":["Leap","Bronze Scales","Scrape","Streamline","Hologram"],"campfire_rested":1,"item_purchase_floors":[4,4,11,11,20],"current_hp_per_floor":[71,71,70,70,70,70,37,31,31,27,27,52,52,52,52,29,75,60,48,48,38,25,62,62,62,62,53,53,53,53,56,56,0],"gold":175,"neow_bonus":"HUNDRED_GOLD","is_prod":false,"is_daily":false,"chose_seed":false,"campfire_upgraded":5,"win_rate":0,"timestamp":1571405866,"path_taken":["M","?","M","$","M","R","E","?","T","E","$","?","$","?","R","BOSS","M","M","$","M","?","R","?","R","T","?","R","?","?","M","R","BOSS"],"build_version":"2019-07-17","purchased_purges":0,"victory":false,"max_hp_per_floor":[75,75,75,75,75,75,75,75,75,75,75,75,75,75,75,75,75,75,75,75,75,75,75,75,75,75,75,75,75,75,75,75,75],"card_choices":[{"not_picked":["Aggregate","Tempest","Compile Driver"],"picked":"SKIP","floor":1},{"not_picked":["Sweeping Beam","Ball Lightning"],"picked":"FTL","floor":3},{"not_picked":["Consume","Reprogram"],"picked":"Self Repair","floor":5},{"not_picked":["Steam Power","Loop"],"picked":"Hologram","floor":7},{"not_picked":["Chill","Sweeping Beam"],"picked":"Hyperbeam","floor":8},{"not_picked":["Turbo","Coolheaded"],"picked":"Beam Cell","floor":10},{"not_picked":["Force Field","Streamline"],"picked":"Leap","floor":18},{"not_picked":["Sweeping Beam","Barrage+1","Cold Snap"],"picked":"SKIP","floor":19},{"not_picked":["Sunder","Reboot"],"picked":"FTL+1","floor":21},{"not_picked":["Conserve Battery","Undo+1"],"picked":"Turbo+1","floor":22},{"not_picked":["Hologram","Loop"],"picked":"Beam Cell","floor":27},{"not_picked":["Hologram","Double Energy"],"picked":"Rebound","floor":31}],"player_experience":382129,"relics_obtained":[{"floor":7,"key":"Happy Flower"},{"floor":9,"key":"War Paint"},{"floor":10,"key":"Regal Pillow"}],"event_choices":[{"cards_removed":["Strike_B"],"damage_healed":0,"gold_gain":0,"player_choice":"Purged","damage_taken":0,"max_hp_gain":0,"max_hp_loss":0,"event_name":"Purifier","floor":2,"gold_loss":0},{"damage_healed":25,"gold_gain":0,"player_choice":"Banana","damage_taken":0,"max_hp_gain":0,"max_hp_loss":0,"event_name":"Big Fish","floor":12,"gold_loss":0},{"damage_healed":0,"gold_gain":0,"player_choice":"1 cards matched","damage_taken":0,"max_hp_gain":0,"max_hp_loss":0,"event_name":"Match and Keep!","floor":14,"gold_loss":0,"cards_obtained":["Madness"]},{"damage_healed":0,"gold_gain":0,"player_choice":"Upgraded Two","damage_taken":0,"max_hp_gain":0,"max_hp_loss":0,"event_name":"Designer","floor":24,"gold_loss":40,"cards_upgraded":["Strike_B","Defend_B"]},{"damage_healed":0,"gold_gain":0,"player_choice":"Inject Mutagens","damage_taken":0,"relics_obtained":["MutagenicStrength"],"max_hp_gain":0,"max_hp_loss":0,"event_name":"Drug Dealer","floor":29,"gold_loss":0},{"damage_healed":0,"gold_gain":0,"player_choice":"Ignored","damage_taken":0,"max_hp_gain":0,"max_hp_loss":0,"event_name":"Vampires","floor":30,"gold_loss":0}],"is_beta":false,"boss_relics":[{"not_picked":["Pandora\u0027s Box","Cursed Key"],"picked":"Black Star"}],"items_purged_floors":[],"is_endless":false,"potions_floor_spawned":[1,3,19,21,22,27],"killed_by":"Collector","ascension_level":4}