{"gold_per_floor":[113,113,113,132,132,159,159,13,66,86,117,66,66,66,66,162,162,178,178,178,196,196,224,224,238,238,238,267,277,289,13,13,110,110,130,130,56,56,73,73,98,98,122,122,139,139],"floor_reached":46,"playtime":3679,"items_purged":[],"score":541,"play_id":"d45d91d3-d667-4d85-90d4-d4db8ce4b713","local_time":"20190104231846","is_ascension_mode":true,"campfire_choices":[{"floor":7,"key":"REST"},{"floor":13,"key":"REST"},{"floor":15,"key":"REST"},{"floor":24,"key":"REST"},{"floor":27,"key":"REST"},{"floor":32,"key":"REST"},{"data":"Envenom","floor":40,"key":"SMITH"},{"floor":42,"key":"REST"},{"floor":44,"key":"REST"}],"neow_cost":"NONE","seed_source_timestamp":1226538541581239,"circlet_count":0,"master_deck":["Defend_G+1","Defend_G+1","Defend_G+1","Defend_G+1","Defend_G+1","Strike_G+1","Strike_G+1","Strike_G+1","Strike_G+1","Strike_G+1","Survivor","Neutralize","Burst","Slice","Finisher+1","Noxious Fumes","PiercingWail","Backstab","Envenom+1","Deadly Poison+1","Predator","Prepared","Distraction","Endless Agony+1","Endless Agony","Prepared","Slice","Trip","Corpse Explosion","Cloak And Dagger+1","Noxious Fumes","Deflect","Terror+1","Deadly Poison"],"relics":["Ring of the Snake","Vajra","Blood Vial","Centennial Puzzle","Incense Burner","Black Star","Pantograph","Potion Belt","Letter Opener","Anchor","Pocketwatch","Frozen Eye","Eternal Feather","Nunchaku","Oddly Smooth Stone","Regal Pillow"],"potions_floor_usage":[6,23,25,33,41,41,41,41],"damage_taken":[{"damage":5,"enemies":"2 Louse","floor":1,"turns":3},{"damage":4,"enemies":"Small Slimes","floor":4,"turns":4},{"damage":19,"enemies":"Gremlin Nob","floor":6,"turns":5},{"damage":0,"enemies":"Jaw Worm","floor":10,"turns":3},{"damage":31,"enemies":"Lagavulin","floor":11,"turns":9},{"damage":39,"enemies":"Slime Boss","floor":16,"turns":14},{"damage":2,"enemies":"Chosen","floor":18,"turns":6},{"damage":2,"enemies":"Shell Parasite","floor":21,"turns":5},{"damage":24,"enemies":"Slavers","floor":23,"turns":8},{"damage":12,"enemies":"Centurion and Healer","floor":25,"turns":9},{"damage":41,"enemies":"Gremlin Leader","floor":28,"turns":5},{"damage":0,"enemies":"Cultist and Chosen","floor":29,"turns":6},{"damage":0,"enemies":"Snake Plant","floor":30,"turns":3},{"damage":45,"enemies":"Collector","floor":33,"turns":10},{"damage":0,"enemies":"3 Shapes","floor":35,"turns":1},{"damage":0,"enemies":"Orb Walker","floor":39,"turns":3},{"damage":74,"enemies":"Giant Head","floor":41,"turns":10},{"damage":9,"enemies":"Transient","floor":45,"turns":5},{"damage":89,"enemies":"Nemesis","floor":46,"turns":6}],"seed_played":"4845132606201888954","potions_obtained":[{"floor":1,"key":"Block Potion"},{"floor":4,"key":"Block Potion"},{"floor":10,"key":"Dexterity Potion"},{"floor":18,"key":"Energy Potion"},{"floor":21,"key":"Block Potion"},{"floor":29,"key":"SpeedPotion"},{"floor":35,"key":"Explosive Potion"},{"floor":36,"key":"Ancient Potion"},{"floor":36,"key":"SpeedPotion"},{"floor":36,"key":"GhostInAJar"}],"is_trial":false,"path_per_floor":["M","?","?","M","?","E","R","$","T","M","E","$","R","?","R","B",null,"M","?","?","M","?","E","R","M","T","R","E","M","M","$","R","B",null,"M","?","$","?","M","R","E","R","T","R","M","E"],"character_chosen":"THE_SILENT","items_purchased":["Blood Vial","Deflect","Trip","Frozen Eye","Noxious Fumes"],"campfire_rested":8,"item_purchase_floors":[8,12,31,31,37],"current_hp_per_floor":[65,65,65,61,47,28,49,49,49,51,22,22,43,43,64,27,70,68,55,55,55,55,33,55,45,45,67,28,30,32,32,54,30,75,75,75,75,75,75,75,1,41,41,75,66,0],"gold":139,"neow_bonus":"ONE_RANDOM_RARE_CARD","is_prod":false,"is_daily":false,"chose_seed":false,"campfire_upgraded":1,"win_rate":0,"timestamp":1546636726,"path_taken":["M","?","?","?","?","E","R","$","T","M","E","$","R","?","R","BOSS","M","?","?","M","?","E","R","M","T","R","E","M","?","$","R","BOSS","M","?","$","?","M","R","E","R","T","R","M","E"],"build_version":"2019-01-03v3","purchased_purges":0,"victory":false,"max_hp_per_floor":[70,70,70,70,70,70,70,70,70,70,70,70,70,70,70,70,70,70,75,75,75,75,75,75,75,75,75,75,75,75,75,75,75,75,75,75,75,75,75,75,75,75,75,75,75,75],"card_choices":[{"not_picked":["All Out Attack","Riddle With Holes"],"picked":"Slice","floor":1},{"not_picked":["Outmaneuver","Acrobatics"],"picked":"Finisher","floor":4},{"not_picked":["Dagger Throw","Expertise"],"picked":"Noxious Fumes","floor":6},{"not_picked":["Riddle With Holes","Flechettes"],"picked":"PiercingWail","floor":10},{"not_picked":["Setup","Blade Dance"],"picked":"Backstab","floor":11},{"not_picked":["Phantasmal Killer","Tools of the Trade"],"picked":"Envenom","floor":16},{"not_picked":["Backflip","Distraction"],"picked":"Deadly Poison+1","floor":18},{"not_picked":["PiercingWail","Poisoned Stab"],"picked":"Predator","floor":21},{"not_picked":["Escape Plan","Dagger Spray"],"picked":"Endless Agony+1","floor":23},{"not_picked":["Acrobatics+1","Flying Knee+1"],"picked":"Endless Agony","floor":25},{"not_picked":["Flechettes","Acrobatics"],"picked":"Prepared","floor":28},{"not_picked":["Footwork","Grand Finale","Calculated Gamble+1"],"picked":"SKIP","floor":29},{"not_picked":["Dagger Spray","Dodge and Roll"],"picked":"Slice","floor":30},{"not_picked":["Burst","Bullet Time"],"picked":"Corpse Explosion","floor":33},{"not_picked":["Finisher+1","Flechettes"],"picked":"Cloak And Dagger+1","floor":35},{"not_picked":["Flying Knee","Dagger Spray"],"picked":"Deflect","floor":39},{"not_picked":["Well Laid Plans","Dodge and Roll"],"picked":"Terror+1","floor":41},{"not_picked":["Eviscerate+1","Heel Hook+1"],"picked":"Deadly Poison","floor":45}],"player_experience":114811,"relics_obtained":[{"floor":6,"key":"Vajra"},{"floor":9,"key":"Centennial Puzzle"},{"floor":11,"key":"Incense Burner"},{"floor":23,"key":"Pantograph"},{"floor":23,"key":"Potion Belt"},{"floor":26,"key":"Letter Opener"},{"floor":28,"key":"Anchor"},{"floor":28,"key":"Pocketwatch"},{"floor":41,"key":"Nunchaku"},{"floor":41,"key":"Oddly Smooth Stone"},{"floor":43,"key":"Regal Pillow"}],"event_choices":[{"damage_healed":0,"gold_gain":0,"player_choice":"Ignored","damage_taken":0,"max_hp_gain":0,"max_hp_loss":0,"event_name":"Golden Wing","floor":2,"gold_loss":0},{"damage_healed":0,"gold_gain":0,"player_choice":"Leave","damage_taken":0,"max_hp_gain":0,"max_hp_loss":0,"event_name":"The Cleric","floor":3,"gold_loss":0},{"damage_healed":0,"gold_gain":0,"player_choice":"Entered Light","damage_taken":14,"max_hp_gain":0,"max_hp_loss":0,"event_name":"Shining Light","floor":5,"gold_loss":0,"cards_upgraded":["Strike_G","Strike_G"]},{"damage_healed":0,"gold_gain":0,"player_choice":"Grow","damage_taken":0,"max_hp_gain":0,"max_hp_loss":0,"event_name":"Living Wall","floor":14,"gold_loss":0,"cards_upgraded":["Finisher"]},{"damage_healed":0,"gold_gain":0,"player_choice":"Shed Blood","damage_taken":18,"max_hp_gain":5,"max_hp_loss":0,"event_name":"Forgotten Altar","floor":19,"gold_loss":0},{"damage_healed":0,"gold_gain":0,"player_choice":"Simplicity","damage_taken":0,"max_hp_gain":0,"max_hp_loss":0,"event_name":"Back to Basics","floor":20,"gold_loss":0,"cards_upgraded":["Defend_G","Defend_G","Defend_G","Defend_G","Defend_G","Strike_G","Strike_G","Strike_G"]},{"damage_healed":0,"gold_gain":0,"player_choice":"2 cards matched","damage_taken":0,"max_hp_gain":0,"max_hp_loss":0,"event_name":"Match and Keep!","floor":22,"gold_loss":0,"cards_obtained":["Prepared","Distraction"]},{"damage_healed":0,"gold_gain":0,"player_choice":"Got Potions","damage_taken":0,"max_hp_gain":0,"max_hp_loss":0,"event_name":"Lab","floor":36,"gold_loss":0},{"cards_removed":["Deflect"],"damage_healed":0,"gold_gain":0,"player_choice":"Removed Skill","damage_taken":0,"max_hp_gain":0,"max_hp_loss":0,"event_name":"Falling","floor":38,"gold_loss":0}],"is_beta":false,"boss_relics":[{"not_picked":["Busted Crown","WristBlade"],"picked":"Black Star"},{"not_picked":["Coffee Dripper","Runic Dome"],"picked":"Eternal Feather"}],"items_purged_floors":[],"is_endless":false,"potions_floor_spawned":[1,4,10,18,21,29,35,39],"killed_by":"Nemesis","ascension_level":2}