{"gold_per_floor":[111,111,111,111,111,111,144,144,195,220,220,239,253,178,178,307,307,295,310,210,253,253,278,290,315,327,289,301,313,10,42,42,143,143,161,181,181,193,68,68,100,100,100,118,169,123,157,157,157,157],"floor_reached":51,"playtime":4007,"items_purged":["Strike_G","Defend_G","Defend_G"],"score":907,"play_id":"caeb8709-eba5-4ad9-983e-a1d0533d73b7","local_time":"20190917134315","is_ascension_mode":false,"campfire_choices":[{"data":"Neutralize","floor":6,"key":"SMITH"},{"data":"Tools of the Trade","floor":8,"key":"SMITH"},{"data":"Deadly Poison","floor":11,"key":"SMITH"},{"data":"Terror","floor":15,"key":"SMITH"},{"data":"Doppelganger","floor":29,"key":"SMITH"},{"data":"Backflip","floor":32,"key":"SMITH"},{"data":"Blur","floor":40,"key":"SMITH"},{"data":"Quick Slash","floor":42,"key":"SMITH"},{"data":"Blur","floor":49,"key":"SMITH"}],"neow_cost":"NONE","seed_source_timestamp":250572880918100,"circlet_count":0,"master_deck":["Strike_G","Strike_G","Strike_G+1","Defend_G","Defend_G","Defend_G","Survivor","Neutralize+1","Deadly Poison+1","Underhanded Strike+1","Tools of the Trade+1","Flying Knee","Terror+1","Doppelganger+1","Dagger Throw+1","Blur+1","Quick Slash+1","Tactician","Underhanded Strike+1","Backflip+1","Adrenaline","Underhanded Strike+1","Blur+1","Backflip+1","Footwork+1"],"relics":["Ring of the Snake","NeowsBlessing","Tough Bandages","Bloody Idol","Incense Burner","Boot","Black Star","Red Mask","Pen Nib","Whetstone","Pear","MawBank","Dodecahedron","FossilizedHelix","Bird Faced Urn","Gremlin Horn","White Beast Statue","Mummified Hand","Bag of Marbles","Vajra","Bronze Scales","Ice Cream","Thread and Needle","Happy Flower"],"potions_floor_usage":[16,21,21,21,33,41,41,50,50],"damage_taken":[{"damage":0,"enemies":"Small Slimes","floor":1,"turns":1},{"damage":0,"enemies":"Gremlin Nob","floor":7,"turns":1},{"damage":0,"enemies":"2 Louse","floor":10,"turns":1},{"damage":0,"enemies":"Cultist","floor":12,"turns":3},{"damage":0,"enemies":"Blue Slaver","floor":13,"turns":3},{"damage":6,"enemies":"Hexaghost","floor":16,"turns":8},{"damage":5,"enemies":"2 Thieves","floor":18,"turns":4},{"damage":11,"enemies":"Spheric Guardian","floor":19,"turns":5},{"damage":6,"enemies":"Masked Bandits","floor":21,"turns":3},{"damage":0,"enemies":"Book of Stabbing","floor":23,"turns":5},{"damage":3,"enemies":"Chosen and Byrds","floor":24,"turns":8},{"damage":10,"enemies":"Slavers","floor":25,"turns":6},{"damage":0,"enemies":"Book of Stabbing","floor":31,"turns":5},{"damage":0,"enemies":"Automaton","floor":33,"turns":11},{"damage":0,"enemies":"3 Darklings","floor":35,"turns":5},{"damage":0,"enemies":"3 Shapes","floor":36,"turns":4},{"damage":0,"enemies":"3 Darklings","floor":38,"turns":3},{"damage":9,"enemies":"Reptomancer","floor":41,"turns":4},{"damage":0,"enemies":"Maw","floor":44,"turns":5},{"damage":0,"enemies":"2 Orb Walkers","floor":45,"turns":3},{"damage":0,"enemies":"Giant Head","floor":47,"turns":7},{"damage":0,"enemies":"Donu and Deca","floor":50,"turns":10}],"seed_played":"99040324192036658","potions_obtained":[{"floor":7,"key":"Poison Potion"},{"floor":12,"key":"Explosive Potion"},{"floor":13,"key":"Weak Potion"},{"floor":18,"key":"PowerPotion"},{"floor":23,"key":"SpeedPotion"},{"floor":25,"key":"Dexterity Potion"},{"floor":31,"key":"FearPotion"},{"floor":33,"key":"Strength Potion"},{"floor":38,"key":"Swift Potion"},{"floor":41,"key":"Weak Potion"},{"floor":44,"key":"Weak Potion"},{"floor":47,"key":"Strength Potion"}],"is_trial":false,"path_per_floor":["M","?","$","?","?","R","E","R","T","M","R","M","M","$","R","B",null,"M","M","$","?","?","E","M","E","T","?","$","R","$","E","R","B",null,"M","M","?","M","$","R","E","R","T","M","?","$","E","?","R","B",null],"character_chosen":"THE_SILENT","items_purchased":["FossilizedHelix","Backflip"],"campfire_rested":0,"item_purchase_floors":[30,46],"current_hp_per_floor":[70,58,58,41,41,41,41,41,41,41,41,41,41,41,41,35,70,65,54,54,48,48,53,55,60,65,70,75,80,80,80,80,80,80,80,80,80,80,80,80,76,76,76,80,80,80,80,80,80,80],"gold":157,"neow_bonus":"THREE_ENEMY_KILL","is_prod":false,"is_daily":false,"chose_seed":false,"campfire_upgraded":9,"win_rate":0.0,"timestamp":1568749395,"path_taken":["M","?","$","?","?","R","E","R","T","M","R","M","M","$","R","BOSS","M","M","$","?","?","E","M","E","T","?","$","R","$","E","R","BOSS","M","?","?","M","$","R","E","R","T","?","?","$","E","?","R","BOSS"],"build_version":"2019-07-17","purchased_purges":3,"victory":true,"max_hp_per_floor":[70,70,70,70,70,70,70,70,70,70,70,70,70,70,70,70,70,70,70,70,70,70,70,70,80,80,80,80,80,80,80,80,80,80,80,80,80,80,80,80,80,80,80,80,80,80,80,80,80,80],"card_choices":[{"not_picked":["Deflect","Flying Knee"],"picked":"Deadly Poison","floor":1},{"not_picked":["Dagger Throw","Infinite Blades"],"picked":"Tools of the Trade","floor":7},{"not_picked":["Underhanded Strike","Heel Hook"],"picked":"Flying Knee","floor":10},{"not_picked":["Outmaneuver","Flechettes","Sucker Punch"],"picked":"SKIP","floor":12},{"not_picked":["Dagger Throw","Skewer"],"picked":"Terror","floor":13},{"not_picked":["A Thousand Cuts","After Image"],"picked":"Doppelganger","floor":16},{"not_picked":["Outmaneuver+1","Underhanded Strike+1"],"picked":"Dagger Throw+1","floor":18},{"not_picked":["Leg Sweep","Dagger Spray+1"],"picked":"Blur","floor":19},{"not_picked":["Dodge and Roll","PiercingWail"],"picked":"Quick Slash","floor":21},{"not_picked":["Underhanded Strike+1","Terror"],"picked":"Tactician","floor":23},{"not_picked":["Dash","Doppelganger"],"picked":"Underhanded Strike+1","floor":24},{"not_picked":["Infinite Blades","Dodge and Roll","Choke+1"],"picked":"SKIP","floor":25},{"not_picked":["Quick Slash","Deflect"],"picked":"Backflip","floor":31},{"not_picked":["A Thousand Cuts","Phantasmal Killer"],"picked":"Adrenaline","floor":33},{"not_picked":["Dagger Throw","Flying Knee"],"picked":"Underhanded Strike+1","floor":35},{"not_picked":["Bouncing Flask+1","Dodge and Roll+1","Blade Dance"],"picked":"SKIP","floor":36},{"not_picked":["Masterful Stab","Outmaneuver","Skewer+1"],"picked":"SKIP","floor":38},{"not_picked":["Choke","Dodge and Roll+1","Heel Hook+1"],"picked":"SKIP","floor":41},{"not_picked":["Flechettes+1","Heel Hook","Tactician+1"],"picked":"SKIP","floor":44},{"not_picked":["Flechettes+1","Heel Hook","Tactician+1"],"picked":"SKIP","floor":44},{"not_picked":["Flechettes+1","Tactician+1"],"picked":"Blur","floor":45},{"not_picked":["Choke","Poisoned Stab+1"],"picked":"Footwork+1","floor":47}],"player_experience":4467,"relics_obtained":[{"floor":7,"key":"Incense Burner"},{"floor":9,"key":"Boot"},{"floor":21,"key":"Red Mask"},{"floor":23,"key":"Pen Nib"},{"floor":23,"key":"Whetstone"},{"floor":25,"key":"Pear"},{"floor":25,"key":"MawBank"},{"floor":26,"key":"Dodecahedron"},{"floor":31,"key":"Bird Faced Urn"},{"floor":31,"key":"Gremlin Horn"},{"floor":41,"key":"Bag of Marbles"},{"floor":41,"key":"Vajra"},{"floor":43,"key":"Bronze Scales"},{"floor":45,"key":"Ice Cream"},{"floor":47,"key":"Thread and Needle"},{"floor":47,"key":"Happy Flower"}],"event_choices":[{"damage_healed":0,"gold_gain":0,"player_choice":"Success","damage_taken":12,"relics_obtained":["Tough Bandages"],"max_hp_gain":0,"max_hp_loss":0,"event_name":"Scrap Ooze","floor":2,"gold_loss":0},{"damage_healed":0,"gold_gain":0,"player_choice":"Take Damage","damage_taken":17,"relics_obtained":["Golden Idol"],"max_hp_gain":0,"max_hp_loss":0,"event_name":"Golden Idol","floor":4,"gold_loss":0},{"damage_healed":0,"gold_gain":0,"cards_transformed":["Strike_G"],"player_choice":"Change","damage_taken":0,"max_hp_gain":0,"max_hp_loss":0,"event_name":"Living Wall","floor":5,"gold_loss":0,"cards_obtained":["Underhanded Strike"]},{"damage_healed":0,"gold_gain":0,"player_choice":"Fought Bandits","damage_taken":0,"max_hp_gain":0,"max_hp_loss":0,"event_name":"Masked Bandits","floor":21,"gold_loss":0},{"damage_healed":0,"gold_gain":0,"player_choice":"Gave Idol","damage_taken":0,"relics_obtained":["Bloody Idol"],"max_hp_gain":0,"max_hp_loss":0,"event_name":"Forgotten Altar","floor":22,"relics_lost":["Golden Idol"],"gold_loss":0},{"damage_healed":0,"gold_gain":0,"player_choice":"Bet on Murderer","damage_taken":0,"max_hp_gain":0,"max_hp_loss":0,"event_name":"The Joust","floor":27,"gold_loss":50},{"damage_healed":0,"gold_gain":0,"player_choice":"Gave Potion","damage_taken":0,"relics_obtained":["Mummified Hand"],"max_hp_gain":0,"max_hp_loss":0,"event_name":"WeMeetAgain","floor":37,"gold_loss":0},{"damage_healed":0,"gold_gain":0,"player_choice":"Fight","damage_taken":0,"max_hp_gain":0,"max_hp_loss":0,"event_name":"Mysterious Sphere","floor":45,"gold_loss":0},{"damage_healed":0,"gold_gain":0,"player_choice":"Upgraded","damage_taken":0,"max_hp_gain":0,"max_hp_loss":0,"event_name":"Upgrade Shrine","floor":48,"gold_loss":0,"cards_upgraded":["Backflip"]}],"is_beta":false,"boss_relics":[{"not_picked":["Empty Cage","Fusion Hammer"],"picked":"Black Star"},{"not_picked":["Eternal Feather","Velvet Choker"],"picked":"White Beast Statue"}],"items_purged_floors":[14,20,39],"is_endless":false,"potions_floor_spawned":[7,12,13,18,23,25,31,33,35,36,38,41,44,45,47],"ascension_level":0}