{"gold_per_floor":[115,125,125,125,145,176,176],"floor_reached":7,"playtime":253,"items_purged":[],"score":71,"play_id":"c6664915-3bc3-45ab-b660-f84e77886327","local_time":"20191009192829","is_ascension_mode":true,"campfire_choices":[],"neow_cost":"NONE","seed_source_timestamp":414269635622000,"circlet_count":0,"master_deck":["Strike_B","Strike_B","Strike_B","Defend_B","Defend_B","Defend_B","Defend_B","Zap","Dualcast","Beam Cell","Streamline","Rebound","Coolheaded","Storm"],"relics":["Cracked Core","Shuriken","WingedGreaves"],"potions_floor_usage":[6],"damage_taken":[{"damage":2,"enemies":"Jaw Worm","floor":1,"turns":3},{"damage":0,"enemies":"Small Slimes","floor":2,"turns":3},{"damage":0,"enemies":"Cultist","floor":5,"turns":2},{"damage":26,"enemies":"Lagavulin","floor":6,"turns":4},{"damage":37,"enemies":"Exordium Thugs","floor":7,"turns":3}],"seed_played":"7637298640353938784","potions_obtained":[{"floor":0,"key":"PowerPotion"},{"floor":0,"key":"Dexterity Potion"},{"floor":0,"key":"SneckoOil"},{"floor":6,"key":"AttackPotion"}],"is_trial":false,"path_per_floor":["M","M","?","?","M","E","M"],"character_chosen":"DEFECT","items_purchased":[],"campfire_rested":0,"item_purchase_floors":[],"current_hp_per_floor":[66,66,63,63,63,37,0],"gold":176,"neow_bonus":"THREE_SMALL_POTIONS","is_prod":false,"is_daily":false,"chose_seed":false,"campfire_upgraded":0,"win_rate":0,"timestamp":1570642109,"path_taken":["M","M","?","?","M","E","?"],"build_version":"2019-07-17","purchased_purges":0,"victory":false,"max_hp_per_floor":[75,75,75,75,75,75,75],"card_choices":[{"not_picked":["Stack","Go for the Eyes"],"picked":"Beam Cell","floor":1},{"not_picked":["Force Field","Chill"],"picked":"Streamline","floor":2},{"not_picked":["Hologram","Go for the Eyes"],"picked":"Coolheaded","floor":5},{"not_picked":["Steam","Consume"],"picked":"Storm","floor":6}],"player_experience":384292,"relics_obtained":[{"floor":6,"key":"WingedGreaves"}],"event_choices":[{"damage_healed":0,"gold_gain":0,"player_choice":"Success","damage_taken":3,"relics_obtained":["Shuriken"],"max_hp_gain":0,"max_hp_loss":0,"event_name":"Scrap Ooze","floor":3,"gold_loss":0},{"damage_healed":0,"gold_gain":0,"cards_transformed":["Strike_B"],"player_choice":"Transformed","damage_taken":0,"max_hp_gain":0,"max_hp_loss":0,"event_name":"Transmorgrifier","floor":4,"gold_loss":0,"cards_obtained":["Rebound"]}],"is_beta":false,"boss_relics":[],"items_purged_floors":[],"is_endless":false,"potions_floor_spawned":[1,6],"killed_by":"Exordium Thugs","ascension_level":8}