{"gold_per_floor":[119,131,145,155,175,175,185,185,185,185,137,137,66,66,66,190,253,277,277,277,31,31,130,130,130,130,153,171,171],"floor_reached":29,"playtime":771,"items_purged":[],"score":234,"play_id":"5dd751f9-65a8-4ff0-b684-a3915bbebe50","local_time":"20191016184756","is_ascension_mode":true,"campfire_choices":[{"data":"Blade Dance","floor":6,"key":"SMITH"},{"data":"Phantasmal Killer","floor":10,"key":"SMITH"},{"floor":15,"key":"REST"},{"data":"Accuracy","floor":24,"key":"SMITH"}],"neow_cost":"NONE","seed_source_timestamp":471640185472300,"circlet_count":0,"master_deck":["Strike_G","Strike_G","Strike_G","Strike_G","Defend_G","Defend_G","Defend_G","Defend_G","Defend_G","Survivor","Neutralize","Blade Dance+1","Quick Slash","Dodge and Roll","Blade Dance+1","Phantasmal Killer+1","Backflip","Finisher","Adrenaline","Infinite Blades","Accuracy+1","Blade Dance+1","Calculated Gamble+1"],"relics":["Ring of the Snake","NeowsBlessing","Vajra","Golden Idol","Tiny House","Toxic Egg 2","Question Card"],"potions_floor_usage":[28,28,29],"damage_taken":[{"damage":0,"enemies":"Jaw Worm","floor":1,"turns":1},{"damage":0,"enemies":"2 Louse","floor":2,"turns":1},{"damage":0,"enemies":"Small Slimes","floor":3,"turns":1},{"damage":18,"enemies":"2 Fungi Beasts","floor":4,"turns":4},{"damage":4,"enemies":"Looter","floor":5,"turns":3},{"damage":1,"enemies":"Large Slime","floor":7,"turns":5},{"damage":35,"enemies":"Slime Boss","floor":16,"turns":9},{"damage":1,"enemies":"3 Byrds","floor":18,"turns":5},{"damage":2,"enemies":"Chosen","floor":27,"turns":3},{"damage":24,"enemies":"Snake Plant","floor":28,"turns":2},{"damage":27,"enemies":"Gremlin Leader","floor":29,"turns":3}],"seed_played":"8932648711268800834","potions_obtained":[{"floor":2,"key":"Weak Potion"},{"floor":5,"key":"LiquidBronze"},{"floor":16,"key":"Explosive Potion"},{"floor":17,"key":"PowerPotion"}],"is_trial":false,"path_per_floor":["M","M","M","M","M","R","M","?","T","R","$","?","$","$","R","B",null,"M","?","?","$","?","?","R","?","T","M","M","E"],"character_chosen":"THE_SILENT","items_purchased":["Backflip","Finisher","Toxic Egg 2"],"campfire_rested":1,"item_purchase_floors":[11,13,21],"current_hp_per_floor":[70,70,70,52,48,48,47,40,40,40,40,40,40,40,59,24,70,69,69,69,69,69,69,69,53,53,51,27,0],"gold":171,"neow_bonus":"THREE_ENEMY_KILL","is_prod":false,"is_daily":false,"chose_seed":false,"campfire_upgraded":3,"win_rate":0,"timestamp":1571244476,"path_taken":["M","M","M","M","M","R","M","?","T","R","$","?","?","$","R","BOSS","M","?","?","$","?","?","R","?","T","M","M","E"],"build_version":"2019-07-17","purchased_purges":0,"victory":false,"max_hp_per_floor":[70,70,70,70,70,70,70,70,70,70,70,65,65,65,65,65,70,70,70,70,70,70,70,70,70,70,70,70,70],"card_choices":[{"not_picked":["Flying Knee","Deflect"],"picked":"Blade Dance","floor":1},{"not_picked":["Deadly Poison","Leg Sweep"],"picked":"Quick Slash","floor":2},{"not_picked":["Dagger Throw","Acrobatics"],"picked":"Dodge and Roll","floor":3},{"not_picked":["Poisoned Stab","Underhanded Strike"],"picked":"Blade Dance","floor":4},{"not_picked":["Outmaneuver","Quick Slash"],"picked":"Phantasmal Killer","floor":5},{"not_picked":["Bouncing Flask","Acrobatics","Reflex"],"picked":"SKIP","floor":7},{"not_picked":["Malaise","Tools of the Trade"],"picked":"Adrenaline","floor":16},{"not_picked":["Blur+1","Slice+1"],"picked":"Infinite Blades","floor":18},{"not_picked":["Dagger Throw+1","Skewer","Acrobatics+1"],"picked":"Blade Dance+1","floor":27},{"not_picked":["Heel Hook+1","PiercingWail+1","Acrobatics+1"],"picked":"Calculated Gamble+1","floor":28}],"player_experience":360392,"relics_obtained":[{"floor":9,"key":"Vajra"},{"floor":26,"key":"Question Card"}],"event_choices":[{"cards_removed":["Strike_G"],"damage_healed":0,"gold_gain":0,"player_choice":"Card Removal","damage_taken":7,"max_hp_gain":0,"max_hp_loss":0,"event_name":"Golden Wing","floor":8,"gold_loss":0},{"damage_healed":0,"gold_gain":0,"player_choice":"Lose Max HP","damage_taken":0,"relics_obtained":["Golden Idol"],"max_hp_gain":0,"max_hp_loss":5,"event_name":"Golden Idol","floor":12,"gold_loss":0},{"damage_healed":0,"gold_gain":0,"player_choice":"Ignored","damage_taken":0,"max_hp_gain":0,"max_hp_loss":0,"event_name":"The Mausoleum","floor":19,"gold_loss":0},{"damage_healed":0,"gold_gain":0,"player_choice":"Read","damage_taken":0,"max_hp_gain":0,"max_hp_loss":0,"event_name":"The Library","floor":20,"gold_loss":0,"cards_obtained":["Accuracy"]},{"damage_healed":0,"gold_gain":0,"player_choice":"Ignored","damage_taken":0,"max_hp_gain":0,"max_hp_loss":0,"event_name":"Ghosts","floor":22,"gold_loss":0},{"damage_healed":0,"gold_gain":99,"player_choice":"Stole From Cult","damage_taken":0,"max_hp_gain":0,"max_hp_loss":0,"event_name":"Nest","floor":23,"gold_loss":0},{"damage_healed":0,"gold_gain":0,"player_choice":"Obtained Book","damage_taken":16,"max_hp_gain":0,"max_hp_loss":0,"event_name":"Cursed Tome","floor":25,"gold_loss":0}],"is_beta":false,"boss_relics":[{"not_picked":["Coffee Dripper","Ring of the Serpent"],"picked":"Tiny House"}],"items_purged_floors":[],"is_endless":false,"potions_floor_spawned":[2,5,16,27],"killed_by":"Gremlin Leader","ascension_level":2}