{"gold_per_floor":[112,124,196,196,216,216,243,255,255,154,154,154,154,180,180,282,282,299,299,314,331,362,392,392,420,420,420,233,233,233,248,248,352,352,367,381,381,381,401,401,430,430,456,489,489,507,507,519,519,519],"floor_reached":51,"playtime":4228,"items_purged":[],"score":841,"play_id":"52277385-8e86-4910-89a5-c3d8a0462c34","local_time":"20190919134402","is_ascension_mode":true,"campfire_choices":[{"data":"Bash","floor":6,"key":"SMITH"},{"data":"Clothesline","floor":11,"key":"SMITH"},{"data":"Fiend Fire","floor":13,"key":"SMITH"},{"data":"True Grit","floor":15,"key":"SMITH"},{"data":"Feel No Pain","floor":24,"key":"SMITH"},{"data":"Pummel","floor":27,"key":"SMITH"},{"floor":29,"key":"REST"},{"floor":32,"key":"REST"},{"floor":40,"key":"REST"},{"data":"Seeing Red","floor":42,"key":"SMITH"},{"data":"Madness","floor":45,"key":"SMITH"},{"floor":47,"key":"REST"},{"floor":49,"key":"REST"}],"neow_cost":"NONE","seed_source_timestamp":423179647377400,"circlet_count":0,"master_deck":["Strike_R+1","Strike_R+1","Strike_R+1","Strike_R+1","Defend_R+1","Defend_R+1","Defend_R+1","Defend_R+1","Bash+1","Fiend Fire+1","Clothesline+1","True Grit+1","Feel No Pain+1","Anger","Disarm","Juggernaut+1","Iron Wave","Inflame+1","Shrug It Off","Pummel+1","Warcry+1","Burning Pact+1","Magnetism+1","Juggernaut+1","Warcry+1","Seeing Red+1","Madness","Madness+1","Warcry+1"],"relics":["Burning Blood","Blood Vial","Anchor","Frozen Egg 2","White Beast Statue","Red Mask","Ice Cream","Red Skull","Gambling Chip","Runic Pyramid","GremlinMask","Toxic Egg 2","Oddly Smooth Stone","Lantern"],"potions_floor_usage":[10,16,16,22,22,25,33,33,36,50,50],"damage_taken":[{"damage":1,"enemies":"2 Louse","floor":1,"turns":3},{"damage":5,"enemies":"Small Slimes","floor":2,"turns":2},{"damage":0,"enemies":"Cultist","floor":5,"turns":3},{"damage":21,"enemies":"Gremlin Nob","floor":7,"turns":4},{"damage":14,"enemies":"Exordium Wildlife","floor":8,"turns":5},{"damage":3,"enemies":"3 Sentries","floor":14,"turns":9},{"damage":0,"enemies":"Slime Boss","floor":16,"turns":6},{"damage":28,"enemies":"2 Thieves","floor":18,"turns":5},{"damage":3,"enemies":"Chosen","floor":20,"turns":6},{"damage":10,"enemies":"Snake Plant","floor":21,"turns":4},{"damage":4,"enemies":"Masked Bandits","floor":22,"turns":5},{"damage":44,"enemies":"Slavers","floor":23,"turns":6},{"damage":28,"enemies":"Gremlin Leader","floor":25,"turns":7},{"damage":0,"enemies":"Cultist and Chosen","floor":31,"turns":5},{"damage":30,"enemies":"Automaton","floor":33,"turns":9},{"damage":3,"enemies":"Orb Walker","floor":35,"turns":4},{"damage":36,"enemies":"3 Darklings","floor":36,"turns":9},{"damage":26,"enemies":"Sphere and 2 Shapes","floor":39,"turns":5},{"damage":8,"enemies":"Giant Head","floor":41,"turns":7},{"damage":27,"enemies":"Nemesis","floor":44,"turns":5},{"damage":5,"enemies":"Transient","floor":46,"turns":5},{"damage":18,"enemies":"Jaw Worm Horde","floor":48,"turns":4},{"damage":0,"enemies":"Time Eater","floor":50,"turns":6}],"seed_played":"-1851606623385266874","potions_obtained":[{"floor":1,"key":"SkillPotion"},{"floor":5,"key":"SteroidPotion"},{"floor":8,"key":"Energy Potion"},{"floor":18,"key":"Strength Potion"},{"floor":20,"key":"FearPotion"},{"floor":21,"key":"Dexterity Potion"},{"floor":22,"key":"Strength Potion"},{"floor":23,"key":"SkillPotion"},{"floor":25,"key":"FearPotion"},{"floor":33,"key":"Dexterity Potion"},{"floor":35,"key":"Energy Potion"},{"floor":36,"key":"Block Potion"},{"floor":39,"key":"PowerPotion"}],"is_trial":false,"path_per_floor":["M","M","?","?","M","R","E","M","T","$","R","?","R","E","R","B",null,"M","?","M","M","?","E","R","E","T","R","$","R","?","M","R","B",null,"M","M","?","?","M","R","E","R","T","E","R","M","R","M","R","B",null],"character_chosen":"IRONCLAD","items_purchased":["Fruit Juice","Magnetism+1"],"campfire_rested":5,"item_purchase_floors":[10,28],"current_hp_per_floor":[80,80,80,80,80,80,65,59,59,64,64,64,64,69,69,77,85,63,63,68,66,70,34,34,14,14,14,14,39,39,47,72,50,85,85,55,44,44,26,51,51,51,51,32,32,35,60,50,75,83],"gold":519,"neow_bonus":"ONE_RANDOM_RARE_CARD","is_prod":false,"is_daily":false,"chose_seed":false,"campfire_upgraded":8,"win_rate":1,"timestamp":1568922242,"path_taken":["M","M","?","?","M","R","E","M","T","$","R","?","R","E","R","BOSS","M","?","M","M","?","E","R","E","T","R","$","R","?","M","R","BOSS","M","M","?","?","M","R","E","R","T","E","R","M","R","?","R","BOSS"],"build_version":"2019-07-17","purchased_purges":0,"victory":true,"max_hp_per_floor":[80,80,80,80,80,80,80,80,80,85,85,85,85,85,85,85,85,85,85,85,85,85,85,85,85,85,85,85,85,85,85,85,85,85,85,85,85,85,85,85,85,85,85,85,85,85,85,85,85,85],"card_choices":[{"not_picked":["Rampage","Entrench"],"picked":"Clothesline","floor":1},{"not_picked":["Shrug It Off","Anger"],"picked":"True Grit","floor":2},{"not_picked":["Warcry","Pummel","Second Wind"],"picked":"SKIP","floor":5},{"not_picked":["Flex","Whirlwind"],"picked":"Feel No Pain","floor":7},{"not_picked":["Whirlwind","Warcry"],"picked":"Anger","floor":8},{"not_picked":["Body Slam","Second Wind"],"picked":"Disarm","floor":14},{"not_picked":["Bludgeon","Fiend Fire"],"picked":"Juggernaut+1","floor":16},{"not_picked":["Carnage","Heavy Blade"],"picked":"Iron Wave","floor":18},{"not_picked":["Searing Blow+1","Flex"],"picked":"Shrug It Off","floor":20},{"not_picked":["Sword Boomerang+1","Thunderclap"],"picked":"Pummel","floor":21},{"not_picked":["Anger","Spot Weakness"],"picked":"Warcry+1","floor":23},{"not_picked":["Shockwave+1","Searing Blow"],"picked":"Burning Pact+1","floor":25},{"not_picked":["Impervious","Spot Weakness","Clothesline"],"picked":"SKIP","floor":31},{"not_picked":["Barricade+1","Reaper"],"picked":"Juggernaut+1","floor":33},{"not_picked":["Body Slam","Thunderclap+1"],"picked":"Warcry+1","floor":35},{"not_picked":["Clothesline+1","Twin Strike"],"picked":"Seeing Red","floor":36},{"not_picked":["Whirlwind","Carnage+1","Power Through"],"picked":"SKIP","floor":39},{"not_picked":["Power Through+1","Brutality+1","Infernal Blade+1"],"picked":"SKIP","floor":41},{"not_picked":["Sword Boomerang","Hemokinesis"],"picked":"Warcry+1","floor":44},{"not_picked":["Rupture+1","Bloodletting+1","Infernal Blade+1"],"picked":"SKIP","floor":46},{"not_picked":["Fire Breathing+1","Shrug It Off+1","Intimidate+1"],"picked":"SKIP","floor":48}],"player_experience":11522,"relics_obtained":[{"floor":7,"key":"Blood Vial"},{"floor":9,"key":"Anchor"},{"floor":14,"key":"Frozen Egg 2"},{"floor":22,"key":"Red Mask"},{"floor":23,"key":"Ice Cream"},{"floor":25,"key":"Red Skull"},{"floor":26,"key":"Gambling Chip"},{"floor":41,"key":"Toxic Egg 2"},{"floor":43,"key":"Oddly Smooth Stone"},{"floor":44,"key":"Lantern"}],"event_choices":[{"damage_healed":0,"gold_gain":72,"player_choice":"Gained Gold","damage_taken":0,"max_hp_gain":0,"max_hp_loss":0,"event_name":"Golden Wing","floor":3,"gold_loss":0},{"damage_healed":0,"gold_gain":0,"player_choice":"Ignored","damage_taken":0,"max_hp_gain":0,"max_hp_loss":0,"event_name":"Liars Game","floor":4,"gold_loss":0},{"cards_removed":["Strike_R"],"damage_healed":0,"gold_gain":0,"player_choice":"Purged","damage_taken":0,"max_hp_gain":0,"max_hp_loss":0,"event_name":"Purifier","floor":12,"gold_loss":0},{"damage_healed":0,"gold_gain":0,"player_choice":"Read","damage_taken":0,"max_hp_gain":0,"max_hp_loss":0,"event_name":"The Library","floor":19,"gold_loss":0,"cards_obtained":["Inflame"]},{"damage_healed":0,"gold_gain":0,"player_choice":"Fought Bandits","damage_taken":0,"max_hp_gain":0,"max_hp_loss":0,"event_name":"Masked Bandits","floor":22,"gold_loss":0},{"damage_healed":0,"gold_gain":0,"player_choice":"Simplicity","damage_taken":0,"max_hp_gain":0,"max_hp_loss":0,"event_name":"Back to Basics","floor":30,"gold_loss":0,"cards_upgraded":["Strike_R","Strike_R","Strike_R","Strike_R","Defend_R","Defend_R","Defend_R","Defend_R"]},{"damage_healed":0,"gold_gain":0,"player_choice":"Embrace Madness","damage_taken":11,"max_hp_gain":0,"max_hp_loss":0,"event_name":"Winding Halls","floor":37,"gold_loss":0,"cards_obtained":["Madness","Madness"]},{"damage_healed":0,"gold_gain":0,"player_choice":"Trade","damage_taken":0,"relics_obtained":["GremlinMask"],"max_hp_gain":0,"max_hp_loss":0,"event_name":"FaceTrader","floor":38,"gold_loss":0}],"is_beta":false,"boss_relics":[{"not_picked":["Busted Crown","Astrolabe"],"picked":"White Beast Statue"},{"not_picked":["Snecko Eye","Empty Cage"],"picked":"Runic Pyramid"}],"items_purged_floors":[],"is_endless":false,"potions_floor_spawned":[1,5,8,18,20,21,22,23,25,31,33,35,36,39,41,44,46,48],"ascension_level":1}