{"gold_per_floor":[216,235,185,185,205,232,250,250],"floor_reached":8,"playtime":1063,"items_purged":[],"score":64,"play_id":"1d61d2a0-acfc-49c6-bb45-cb8500e9ce40","local_time":"20191006123248","is_ascension_mode":true,"campfire_choices":[],"neow_cost":"NONE","seed_source_timestamp":96163025521100,"circlet_count":0,"master_deck":["Strike_G","Strike_G","Strike_G","Strike_G","Defend_G","Defend_G","Defend_G","Defend_G","Defend_G","Survivor","Neutralize","Dodge and Roll","Bane","Distraction","Distraction"],"relics":["Ring of the Snake","Blue Candle","Meat on the Bone"],"potions_floor_usage":[],"damage_taken":[{"damage":4,"enemies":"Small Slimes","floor":1,"turns":4},{"damage":2,"enemies":"2 Louse","floor":2,"turns":3},{"damage":3,"enemies":"Jaw Worm","floor":5,"turns":7},{"damage":41,"enemies":"3 Sentries","floor":6,"turns":24},{"damage":6,"enemies":"2 Fungi Beasts","floor":7,"turns":8},{"damage":28,"enemies":"Gremlin Nob","floor":8,"turns":3}],"seed_played":"5906958650981385977","potions_obtained":[{"floor":5,"key":"LiquidBronze"}],"is_trial":false,"path_per_floor":["M","M","?","?","M","E","M","E"],"character_chosen":"THE_SILENT","items_purchased":[],"campfire_rested":0,"item_purchase_floors":[],"current_hp_per_floor":[66,64,64,61,58,17,23,0],"gold":250,"neow_bonus":"HUNDRED_GOLD","is_prod":false,"is_daily":false,"chose_seed":false,"campfire_upgraded":0,"win_rate":0,"timestamp":1570357968,"path_taken":["M","M","?","?","M","E","M","E"],"build_version":"2019-07-17","purchased_purges":0,"victory":false,"max_hp_per_floor":[70,70,70,70,70,70,70,70],"card_choices":[{"not_picked":["Dagger Throw","Expertise"],"picked":"Dodge and Roll","floor":1},{"not_picked":["PiercingWail","Predator"],"picked":"Bane","floor":2},{"not_picked":["Flying Knee","Slice"],"picked":"Distraction","floor":5},{"not_picked":["Choke","Well Laid Plans"],"picked":"Distraction","floor":6},{"not_picked":["Deflect","Quick Slash","Masterful Stab"],"picked":"SKIP","floor":7}],"player_experience":218435,"relics_obtained":[{"floor":6,"key":"Meat on the Bone"}],"event_choices":[{"cards_removed":["Strike_G"],"damage_healed":0,"gold_gain":0,"player_choice":"Card Removal","damage_taken":0,"max_hp_gain":0,"max_hp_loss":0,"event_name":"The Cleric","floor":3,"gold_loss":50},{"damage_healed":0,"gold_gain":0,"player_choice":"Success","damage_taken":3,"relics_obtained":["Blue Candle"],"max_hp_gain":0,"max_hp_loss":0,"event_name":"Scrap Ooze","floor":4,"gold_loss":0}],"is_beta":false,"boss_relics":[],"items_purged_floors":[],"is_endless":false,"potions_floor_spawned":[5],"killed_by":"Gremlin Nob","ascension_level":2}