{"gold_per_floor":[115,69,69,84,101,101,134,146,171,205,205,205,238,258,258,354,354,367,367,127,127,137,137,162,162,162,162,162,175,175,190,190,290,290,300,314,0,100,111,111,122,136,136,136,148,162,178,80,80,80],"floor_reached":50,"playtime":5008,"items_purged":[],"score":690,"play_id":"f02d2211-d748-4128-9d53-dd443de21a89","local_time":"20190103203010","is_ascension_mode":true,"campfire_choices":[{"data":"Deadly Poison","floor":6,"key":"SMITH"},{"floor":11,"key":"REST"},{"floor":15,"key":"REST"},{"floor":23,"key":"REST"},{"floor":25,"key":"REST"},{"floor":28,"key":"REST"},{"floor":32,"key":"REST"},{"floor":40,"key":"REST"},{"floor":44,"key":"REST"},{"floor":49,"key":"REST"}],"neow_cost":"NONE","seed_source_timestamp":1128675497919438,"circlet_count":0,"master_deck":["Defend_G","Defend_G","Defend_G","Defend_G","Defend_G","Strike_G","Strike_G","Strike_G","Strike_G","Survivor","Neutralize","Backstab","Deadly Poison+1","Bane","Well Laid Plans","Poisoned Stab","PiercingWail","PiercingWail","Deflect","Poisoned Stab","Deflect","A Thousand Cuts","Slice","Bouncing Flask","Bane","Predator+1","Terror","Writhe","Endless Agony","A Thousand Cuts","Endless Agony","Catalyst","Endless Agony+1","Endless Agony","PiercingWail+1","Bouncing Flask","Leg Sweep+1","Venomology","PiercingWail+1","Distraction+1","Setup+1","Deadly Poison+1","PiercingWail","Deadly Poison"],"relics":["Velvet Choker","Bronze Scales","Blood Vial","Oddly Smooth Stone","Question Card","Lizard Tail","Nilry\u0027s Codex","Strange Spoon","Regal Pillow","Ginger","Pocketwatch","Vajra","Orrery","Red Mask","Ornamental Fan"],"potions_floor_usage":[22,24,24,33,33,36,39,39,41,42,46,47,50,50,50,50,50],"damage_taken":[{"damage":0,"enemies":"Jaw Worm","floor":1,"turns":4},{"damage":1,"enemies":"Cultist","floor":4,"turns":4},{"damage":0,"enemies":"Small Slimes","floor":5,"turns":2},{"damage":8,"enemies":"Lagavulin","floor":7,"turns":5},{"damage":9,"enemies":"Red Slaver","floor":8,"turns":2},{"damage":20,"enemies":"Gremlin Nob","floor":10,"turns":4},{"damage":13,"enemies":"Lagavulin","floor":13,"turns":6},{"damage":0,"enemies":"3 Louse","floor":14,"turns":3},{"damage":0,"enemies":"Hexaghost","floor":16,"turns":9},{"damage":11,"enemies":"2 Thieves","floor":18,"turns":5},{"damage":17,"enemies":"3 Byrds","floor":22,"turns":2},{"damage":54,"enemies":"Slavers","floor":24,"turns":5},{"damage":6,"enemies":"Centurion and Healer","floor":29,"turns":6},{"damage":16,"enemies":"Snake Plant","floor":31,"turns":3},{"damage":87,"enemies":"Automaton","floor":33,"turns":11},{"damage":14,"enemies":"3 Shapes","floor":35,"turns":6},{"damage":52,"enemies":"3 Darklings","floor":36,"turns":9},{"damage":13,"enemies":"Maw","floor":39,"turns":8},{"damage":58,"enemies":"Writhing Mass","floor":41,"turns":6},{"damage":3,"enemies":"4 Shapes","floor":42,"turns":5},{"damage":37,"enemies":"Maw","floor":45,"turns":7},{"damage":0,"enemies":"Sphere and 2 Shapes","floor":46,"turns":9},{"damage":14,"enemies":"Jaw Worm Horde","floor":47,"turns":4},{"damage":46,"enemies":"Awakened One","floor":50,"turns":16}],"seed_played":"-8765952912601664713","potions_obtained":[{"floor":3,"key":"LiquidBronze"},{"floor":3,"key":"EssenceOfSteel"},{"floor":3,"key":"Dexterity Potion"},{"floor":4,"key":"Poison Potion"},{"floor":16,"key":"SkillPotion"},{"floor":24,"key":"Regen Potion"},{"floor":29,"key":"GamblersBrew"},{"floor":31,"key":"Regen Potion"},{"floor":33,"key":"EssenceOfSteel"},{"floor":36,"key":"EssenceOfSteel"},{"floor":41,"key":"Explosive Potion"},{"floor":46,"key":"LiquidBronze"},{"floor":47,"key":"Fire Potion"}],"is_trial":false,"path_per_floor":["M","$","?","M","M","R","E","M","T","E","R","?","E","M","R","B",null,"M","?","$","?","M","R","E","R","T","T","R","M","?","M","R","B",null,"M","M","?","?","M","R","M","M","T","R","M","M","M","$","R","B"],"character_chosen":"THE_SILENT","items_purchased":["Deadly Poison","Strange Spoon","Bouncing Flask","Block Potion","Deadly Poison"],"campfire_rested":9,"item_purchase_floors":[2,20,20,48,48],"current_hp_per_floor":[70,70,70,69,69,69,61,52,52,34,55,55,44,46,67,69,70,59,43,43,66,51,70,16,52,52,52,70,64,64,50,70,18,70,56,6,6,6,35,70,12,11,11,47,12,14,2,2,38,0],"gold":80,"neow_bonus":"BOSS_RELIC","is_prod":false,"is_daily":false,"chose_seed":false,"campfire_upgraded":1,"win_rate":0,"timestamp":1546540210,"path_taken":["M","$","?","M","M","R","E","?","T","E","R","?","E","M","R","BOSS","M","?","$","?","M","R","E","R","T","?","R","M","?","M","R","BOSS","M","M","?","?","M","R","M","M","T","R","M","M","M","$","R","BOSS"],"build_version":"2018-12-20","purchased_purges":0,"victory":false,"max_hp_per_floor":[70,70,70,70,70,70,70,70,70,70,70,70,70,70,70,70,70,70,70,70,70,70,70,70,70,70,70,70,70,70,70,70,70,70,70,70,70,70,70,70,70,70,70,70,70,70,70,70,70,70],"card_choices":[{"not_picked":["Underhanded Strike","Distraction"],"picked":"Backstab","floor":1},{"not_picked":["Prepared","Backflip"],"picked":"Bane","floor":4},{"not_picked":["Sucker Punch","Outmaneuver"],"picked":"Well Laid Plans","floor":5},{"not_picked":["Blur","Flying Knee"],"picked":"Poisoned Stab","floor":7},{"not_picked":["Cloak And Dagger","Dagger Spray"],"picked":"PiercingWail","floor":8},{"not_picked":["Poisoned Stab","Dagger Throw"],"picked":"PiercingWail","floor":10},{"not_picked":["Quick Slash","Dagger Spray"],"picked":"Poisoned Stab","floor":13},{"not_picked":["Flying Knee","Prepared","Cloak And Dagger"],"picked":"Deflect","floor":14},{"not_picked":["Storm of Steel","Adrenaline","Die Die Die"],"picked":"A Thousand Cuts","floor":16},{"not_picked":["Underhanded Strike","Dodge and Roll","Blade Dance+1"],"picked":"Slice","floor":18},{"not_picked":["Footwork","Prepared","Finisher"],"picked":"Bane","floor":22},{"not_picked":["Escape Plan","Setup","Deadly Poison"],"picked":"Predator+1","floor":24},{"not_picked":["Underhanded Strike","Setup","Tools of the Trade"],"picked":"Terror","floor":29},{"not_picked":["Choke","Outmaneuver+1","Slice"],"picked":"Endless Agony","floor":31},{"not_picked":["Die Die Die","Unload","Malaise"],"picked":"A Thousand Cuts","floor":33},{"not_picked":["All Out Attack+1","Blade Dance","Outmaneuver+1"],"picked":"Endless Agony","floor":34},{"not_picked":["Heel Hook","Backflip","Bane+1"],"picked":"Catalyst","floor":34},{"not_picked":["Blade Dance","Bane+1","Blur"],"picked":"Endless Agony+1","floor":34},{"not_picked":["Flechettes+1","Eviscerate","Adrenaline"],"picked":"Endless Agony","floor":34},{"not_picked":["Dagger Spray","Crippling Poison","Riddle With Holes"],"picked":"PiercingWail+1","floor":34},{"not_picked":["Leg Sweep","Dodge and Roll","Underhanded Strike"],"picked":"Bouncing Flask","floor":35},{"not_picked":["Riddle With Holes","Flechettes","Outmaneuver"],"picked":"Leg Sweep+1","floor":36},{"not_picked":["Underhanded Strike","Footwork","Blade Dance"],"picked":"Venomology","floor":39},{"not_picked":["Blade Dance","Blur+1","Underhanded Strike+1"],"picked":"PiercingWail+1","floor":41},{"not_picked":["Skewer+1","Outmaneuver+1","Blade Dance+1"],"picked":"Distraction+1","floor":42},{"not_picked":["Outmaneuver","Backflip+1","All Out Attack+1"],"picked":"Setup+1","floor":45},{"not_picked":["Dodge and Roll+1","Acrobatics","Eviscerate"],"picked":"Deadly Poison+1","floor":46},{"not_picked":["Deflect","Predator","Setup+1"],"picked":"PiercingWail","floor":47}],"player_experience":97966,"relics_obtained":[{"floor":7,"key":"Bronze Scales"},{"floor":9,"key":"Blood Vial"},{"floor":10,"key":"Oddly Smooth Stone"},{"floor":13,"key":"Question Card"},{"floor":19,"key":"Nilry\u0027s Codex"},{"floor":24,"key":"Regal Pillow"},{"floor":26,"key":"Ginger"},{"floor":27,"key":"Pocketwatch"},{"floor":43,"key":"Ornamental Fan"}],"event_choices":[{"damage_healed":0,"gold_gain":0,"player_choice":"Got Potions","damage_taken":0,"max_hp_gain":0,"max_hp_loss":0,"event_name":"Lab","floor":3,"gold_loss":0},{"damage_healed":0,"gold_gain":0,"cards_transformed":["Strike_G"],"player_choice":"Transformed","damage_taken":0,"max_hp_gain":0,"max_hp_loss":0,"event_name":"Transmorgrifier","floor":12,"gold_loss":0,"cards_obtained":["Deflect"]},{"damage_healed":0,"gold_gain":0,"player_choice":"Obtained Book","damage_taken":16,"max_hp_gain":0,"max_hp_loss":0,"event_name":"Cursed Tome","floor":19,"gold_loss":0},{"damage_healed":23,"gold_gain":0,"player_choice":"Heal","damage_taken":0,"max_hp_gain":0,"max_hp_loss":0,"event_name":"The Library","floor":21,"gold_loss":0},{"damage_healed":0,"gold_gain":0,"player_choice":"Opened","damage_taken":0,"relics_obtained":["Vajra"],"max_hp_gain":0,"max_hp_loss":0,"event_name":"The Mausoleum","floor":30,"gold_loss":0,"cards_obtained":["Writhe"]},{"damage_healed":0,"gold_gain":0,"player_choice":"Paid","damage_taken":0,"relics_obtained":["Red Mask"],"max_hp_gain":0,"max_hp_loss":0,"event_name":"Tomb of Lord Red Mask","floor":37,"gold_loss":314},{"damage_healed":0,"gold_gain":100,"player_choice":"Pray","damage_taken":0,"max_hp_gain":0,"max_hp_loss":0,"event_name":"Golden Shrine","floor":38,"gold_loss":0}],"is_beta":false,"boss_relics":[{"not_picked":["Eternal Feather","Astrolabe"],"picked":"Lizard Tail"},{"not_picked":["Calling Bell","Cursed Key"],"picked":"Orrery"}],"items_purged_floors":[],"is_endless":false,"potions_floor_spawned":[4,14,16,24,29,31,33,36,41,46,47],"killed_by":"Awakened One","ascension_level":2}