{"gold_per_floor":[114,39,39,39,55,85,85,15,15,46,62,97,112,138,138,238,238,238,238,238,238,238,238,238,238,238,238,69,69,69,69,69,69,69,69,69,69,69,69,69,69,69,69,69,69,69,69,69,69,69,69,69,18,18,18],"floor_reached":55,"playtime":2983,"items_purged":["Strike_B","Strike_B"],"score":955,"play_id":"ff99264a-0af7-408c-a281-ee3d90fb28d9","local_time":"20190924193737","is_ascension_mode":true,"campfire_choices":[{"data":"Zap","floor":7,"key":"SMITH"},{"data":"Defragment","floor":15,"key":"SMITH"},{"data":"Defragment","floor":23,"key":"SMITH"},{"floor":25,"key":"REST"},{"floor":29,"key":"RECALL"},{"data":"Buffer","floor":32,"key":"SMITH"},{"data":"Blizzard","floor":40,"key":"SMITH"},{"data":"Biased Cognition","floor":42,"key":"SMITH"},{"floor":49,"key":"REST"},{"data":"Seek","floor":52,"key":"SMITH"}],"neow_cost":"NONE","seed_source_timestamp":1106299606600,"circlet_count":0,"master_deck":["Strike_B","Strike_B","Defend_B","Defend_B","Defend_B","Zap+1","Dualcast","Cold Snap","Coolheaded","Seek+1","Defragment+1","Buffer+1","Blizzard+1","Defragment+1","Biased Cognition+1","Darkness","Leap","Force Field+1","Capacitor","Coolheaded+1","Chill+1","Madness","Madness","Skim+1","Buffer"],"relics":["Cracked Core","NeowsBlessing","Symbiotic Virus","Bronze Scales","Letter Opener","Bag of Marbles","Potion Belt","DataDisk","Ectoplasm","Ornamental Fan","Gremlin Horn","Inserter","Dream Catcher","Pen Nib"],"potions_floor_usage":[10,33,50,54,54,54,55,55],"damage_taken":[{"damage":0,"enemies":"Jaw Worm","floor":1,"turns":1},{"damage":0,"enemies":"Cultist","floor":5,"turns":1},{"damage":0,"enemies":"3 Sentries","floor":6,"turns":1},{"damage":2,"enemies":"Lagavulin","floor":10,"turns":5},{"damage":0,"enemies":"2 Louse","floor":11,"turns":2},{"damage":17,"enemies":"3 Sentries","floor":12,"turns":6},{"damage":14,"enemies":"Exordium Thugs","floor":13,"turns":3},{"damage":13,"enemies":"Gremlin Nob","floor":14,"turns":4},{"damage":0,"enemies":"Hexaghost","floor":16,"turns":9},{"damage":6,"enemies":"Shell Parasite","floor":18,"turns":4},{"damage":6,"enemies":"Chosen","floor":19,"turns":3},{"damage":0,"enemies":"3 Cultists","floor":21,"turns":4},{"damage":0,"enemies":"Sentry and Sphere","floor":22,"turns":4},{"damage":52,"enemies":"Gremlin Leader","floor":24,"turns":7},{"damage":2,"enemies":"Chosen and Byrds","floor":30,"turns":6},{"damage":1,"enemies":"Snecko","floor":31,"turns":4},{"damage":0,"enemies":"Automaton","floor":33,"turns":9},{"damage":7,"enemies":"3 Darklings","floor":35,"turns":5},{"damage":6,"enemies":"Orb Walker","floor":37,"turns":4},{"damage":0,"enemies":"Maw","floor":38,"turns":7},{"damage":0,"enemies":"Sphere and 2 Shapes","floor":39,"turns":6},{"damage":9,"enemies":"Spire Growth","floor":45,"turns":5},{"damage":0,"enemies":"3 Darklings","floor":46,"turns":4},{"damage":23,"enemies":"Jaw Worm Horde","floor":47,"turns":4},{"damage":2,"enemies":"4 Shapes","floor":48,"turns":5},{"damage":12,"enemies":"Donu and Deca","floor":50,"turns":8},{"damage":41,"enemies":"Shield and Spear","floor":54,"turns":9},{"damage":53,"enemies":"The Heart","floor":55,"turns":8}],"seed_played":"-2072914749591365811","potions_obtained":[{"floor":5,"key":"Block Potion"},{"floor":6,"key":"Strength Potion"},{"floor":10,"key":"Regen Potion"},{"floor":12,"key":"Strength Potion"},{"floor":21,"key":"Poison Potion"},{"floor":22,"key":"FearPotion"},{"floor":31,"key":"SkillPotion"},{"floor":33,"key":"Fire Potion"},{"floor":47,"key":"Energy Potion"},{"floor":48,"key":"Energy Potion"}],"is_trial":false,"path_per_floor":["M","$","?","?","M","E","R","$","T","E","M","E","M","E","R","B",null,"M","M","?","M","M","R","E","R","T","T","$","R","M","M","R","B",null,"M","$","M","M","M","R","?","R","T","?","M","M","M","M","R","B",null,"R","$","E","B"],"character_chosen":"DEFECT","items_purchased":["Defragment","Capacitor","Block Potion"],"campfire_rested":2,"item_purchase_floors":[8,28,53],"current_hp_per_floor":[75,75,75,68,68,68,68,68,68,66,66,49,35,22,22,22,75,69,63,63,63,63,63,11,33,33,33,33,33,31,30,30,30,75,68,68,62,62,62,62,53,53,53,53,44,44,21,19,41,29,75,75,75,34,0],"gold":18,"neow_bonus":"THREE_ENEMY_KILL","is_prod":false,"is_daily":false,"chose_seed":false,"campfire_upgraded":7,"win_rate":0,"timestamp":1569346657,"path_taken":["M","$","?","?","M","E","R","?","T","E","?","E","M","E","R","BOSS","M","M","?","?","M","R","E","R","T","?","$","R","M","M","R","BOSS","M","$","M","M","M","R","?","R","T","?","M","M","?","M","R","BOSS","R","$","E","BOSS"],"build_version":"2019-07-17","purchased_purges":2,"victory":false,"max_hp_per_floor":[75,75,75,75,75,75,75,75,75,75,75,75,75,75,75,75,75,75,75,75,75,75,75,75,75,75,75,75,75,75,75,75,75,75,75,75,75,75,75,75,75,75,75,75,75,75,75,75,75,75,75,75,75,75,75],"card_choices":[{"not_picked":["Conserve Battery","Barrage"],"picked":"Cold Snap","floor":1},{"not_picked":["Sweeping Beam","Conserve Battery"],"picked":"Coolheaded","floor":5},{"not_picked":["Consume","Cold Snap"],"picked":"Seek","floor":6},{"not_picked":["Rainbow","Compile Driver"],"picked":"Buffer","floor":10},{"not_picked":["Reinforced Body","Double Energy","Beam Cell"],"picked":"SKIP","floor":11},{"not_picked":["Rip and Tear","Leap"],"picked":"Blizzard","floor":12},{"not_picked":["Rip and Tear","Coolheaded"],"picked":"Defragment","floor":13},{"not_picked":["Conserve Battery","Compile Driver","Recycle"],"picked":"SKIP","floor":14},{"not_picked":["Electrodynamics","Creative AI"],"picked":"Biased Cognition","floor":16},{"not_picked":["Leap","Tempest"],"picked":"Darkness","floor":18},{"not_picked":["Rip and Tear+1","Compile Driver","Blizzard+1"],"picked":"SKIP","floor":19},{"not_picked":["Ball Lightning","Cold Snap"],"picked":"Leap","floor":21},{"not_picked":["Leap","Coolheaded","Hologram"],"picked":"SKIP","floor":22},{"not_picked":["Doom and Gloom+1","Creative AI"],"picked":"Force Field+1","floor":24},{"not_picked":["Static Discharge+1","Reinforced Body+1","Rip and Tear"],"picked":"SKIP","floor":30},{"not_picked":["Hologram","Steam Power+1","Barrage"],"picked":"SKIP","floor":31},{"not_picked":["Go for the Eyes","Beam Cell+1"],"picked":"Coolheaded+1","floor":35},{"not_picked":["Stack+1","Storm+1"],"picked":"Chill+1","floor":37},{"not_picked":["Auto Shields+1","Lockon+1","Rebound+1"],"picked":"SKIP","floor":38},{"not_picked":["BootSequence","Rebound+1","Static Discharge"],"picked":"SKIP","floor":39},{"not_picked":["Streamline+1","Steam"],"picked":"Skim+1","floor":45},{"not_picked":["Chill+1","Sunder","Auto Shields"],"picked":"SKIP","floor":46},{"not_picked":["Rebound+1","Go for the Eyes+1","Heatsinks"],"picked":"SKIP","floor":47},{"not_picked":["Leap+1","Rip and Tear+1","Heatsinks"],"picked":"SKIP","floor":48},{"not_picked":["Consume+1","Doom and Gloom+1"],"picked":"Buffer","floor":54}],"player_experience":319766,"relics_obtained":[{"floor":6,"key":"Bronze Scales"},{"floor":9,"key":"Letter Opener"},{"floor":10,"key":"Bag of Marbles"},{"floor":12,"key":"Potion Belt"},{"floor":14,"key":"DataDisk"},{"floor":24,"key":"Ornamental Fan"},{"floor":27,"key":"Gremlin Horn"},{"floor":43,"key":"Dream Catcher"},{"floor":54,"key":"Pen Nib"}],"event_choices":[{"cards_removed":["Defend_B"],"damage_healed":0,"gold_gain":0,"player_choice":"Forget","damage_taken":0,"max_hp_gain":0,"max_hp_loss":0,"event_name":"Living Wall","floor":3,"gold_loss":0},{"damage_healed":0,"gold_gain":0,"player_choice":"Success","damage_taken":7,"relics_obtained":["Symbiotic Virus"],"max_hp_gain":0,"max_hp_loss":0,"event_name":"Scrap Ooze","floor":4,"gold_loss":0},{"damage_healed":0,"gold_gain":0,"player_choice":"0 cards matched","damage_taken":0,"max_hp_gain":0,"max_hp_loss":0,"event_name":"Match and Keep!","floor":20,"gold_loss":0,"cards_obtained":[]},{"damage_healed":0,"gold_gain":0,"player_choice":"Embrace Madness","damage_taken":9,"max_hp_gain":0,"max_hp_loss":0,"event_name":"Winding Halls","floor":41,"gold_loss":0,"cards_obtained":["Madness","Madness"]},{"damage_healed":0,"gold_gain":0,"player_choice":"Ignored","damage_taken":0,"max_hp_gain":0,"max_hp_loss":0,"event_name":"Transmorgrifier","floor":44,"gold_loss":0}],"is_beta":false,"boss_relics":[{"not_picked":["Lizard Tail","Snecko Eye"],"picked":"Ectoplasm"},{"not_picked":["Calling Bell","Orrery"],"picked":"Inserter"}],"items_purged_floors":[2,28],"is_endless":false,"potions_floor_spawned":[5,6,10,12,21,22,24,31,33,38,47,48],"killed_by":"The Heart","ascension_level":4}