{"gold_per_floor":[116,135,210,210,135,135,168,168,191,224,242,254,271,14,14,91,91,108,108,108,22,38,38,56,84,84,84,109,126,145,71,71,145,145,160,173,273,285,78,106,106,124,199,149,176,176,190,208,208,208,208,208,208,37,62,62],"floor_reached":57,"playtime":3889,"items_purged":["Pain","Strike_B","Strike_B","Defend_B"],"score":3099,"play_id":"91413e19-8e77-4f19-837f-d021992805e2","local_time":"20191003181504","is_ascension_mode":true,"campfire_choices":[{"data":"Zap","floor":6.0,"key":"SMITH"},{"data":"Dualcast","floor":8.0,"key":"SMITH"},{"data":"Defragment","floor":15.0,"key":"SMITH"},{"data":"Heatsinks","floor":23.0,"key":"SMITH"},{"data":"Defragment","floor":27,"key":"SMITH"},{"data":"Heatsinks","floor":32,"key":"SMITH"},{"floor":49,"key":"RECALL"},{"data":"Coolheaded","floor":53,"key":"SMITH"}],"neow_cost":"NONE","seed_source_timestamp":954393304661014,"circlet_count":0,"master_deck":["AscendersBane","Defend_B","Defend_B","Defend_B","Zap+1","Dualcast+1","Glacier","Heatsinks+1","Compile Driver+1","Ball Lightning","Turbo","Double Energy","Self Repair","Defragment+1","Skim","Undo","Buffer","Loop+1","Defragment+1","Heatsinks+1","Reinforced Body","Hologram","Hologram+1","Recycle+1","Recycle","Turbo","Seek","Compile Driver","Cold Snap+1","Sunder+1","Coolheaded+1","Heatsinks","Blizzard+1","Undo","Cold Snap","Echo Form","Chill+1"],"special_seed":0,"relics":["Cracked Core","NeowsBlessing","Smiling Mask","FossilizedHelix","Bottled Flame","Philosopher\u0027s Stone","WarpedTongs","Strawberry","Eternal Feather","Pocketwatch","Black Star","Lizard Tail","Chemical X","Turnip","Centennial Puzzle","Mercury Hourglass","Thread and Needle","Whetstone","Bronze Scales","Blue Candle"],"potions_floor_usage":[28,35,56],"damage_taken":[{"damage":0.0,"enemies":"Jaw Worm","floor":1.0,"turns":1.0},{"damage":0.0,"enemies":"2 Louse","floor":2.0,"turns":1.0},{"damage":0.0,"enemies":"Gremlin Nob","floor":7.0,"turns":1.0},{"damage":2.0,"enemies":"3 Sentries","floor":10.0,"turns":8.0},{"damage":0.0,"enemies":"Small Slimes","floor":11.0,"turns":3.0},{"damage":11.0,"enemies":"Exordium Thugs","floor":12.0,"turns":3.0},{"damage":0.0,"enemies":"2 Fungi Beasts","floor":13.0,"turns":3.0},{"damage":3.0,"enemies":"Slime Boss","floor":16.0,"turns":8.0},{"damage":0.0,"enemies":"Shell Parasite","floor":18.0,"turns":7.0},{"damage":0.0,"enemies":"Chosen","floor":22.0,"turns":4.0},{"damage":0.0,"enemies":"Snake Plant","floor":24.0,"turns":5.0},{"damage":20,"enemies":"Gremlin Leader","floor":25,"turns":8},{"damage":24,"enemies":"Slavers","floor":28,"turns":5},{"damage":7,"enemies":"Centurion and Healer","floor":29,"turns":6},{"damage":5,"enemies":"Shelled Parasite and Fungi","floor":30,"turns":5},{"damage":0,"enemies":"Collector","floor":33,"turns":10},{"damage":19,"enemies":"3 Darklings","floor":35,"turns":9},{"damage":4,"enemies":"3 Shapes","floor":36,"turns":5},{"damage":0,"enemies":"Mind Bloom Boss Battle","floor":37,"turns":10},{"damage":0,"enemies":"Maw","floor":38,"turns":6},{"damage":0,"enemies":"Reptomancer","floor":40,"turns":5},{"damage":0,"enemies":"Spire Growth","floor":42,"turns":5},{"damage":0,"enemies":"Giant Head","floor":45,"turns":8},{"damage":0,"enemies":"Sphere and 2 Shapes","floor":47,"turns":5},{"damage":0,"enemies":"3 Darklings","floor":48,"turns":5},{"damage":0,"enemies":"Time Eater","floor":50,"turns":15},{"damage":63,"enemies":"Awakened One","floor":51,"turns":15},{"damage":28,"enemies":"Shield and Spear","floor":55,"turns":10},{"damage":55,"enemies":"The Heart","floor":56,"turns":12}],"seed_played":"-2048659198558590933","potions_obtained":[{"floor":7.0,"key":"Explosive Potion"},{"floor":11.0,"key":"EssenceOfDarkness"},{"floor":12.0,"key":"EssenceOfSteel"},{"floor":13.0,"key":"FairyPotion"},{"floor":25,"key":"Energy Potion"},{"floor":29,"key":"SkillPotion"},{"floor":37,"key":"FocusPotion"}],"is_trial":false,"path_per_floor":["M","M","?","?","?","R","E","R","T","E","M","M","M","$","R","B",null,"M","?","?","$","M","R","M","E","T","R","E","M","M","$","R","B",null,"M","M","?","M","$","E","?","M","T","$","E","?","M","M","R","B","B",null,"R","$","E","B",null],"character_chosen":"DEFECT","items_purchased":["Defragment","Skim","Undo","Defragment","Turbo","Chemical X","Echo Form"],"campfire_rested":0,"item_purchase_floors":[14,14,14,21,31,39,54],"current_hp_per_floor":[64,64,53,27,27,27,27,27,27,25,25,14,14,14,14,18,58,65,45,45,45,52,52,59,53,53,68,54,54,59,59,74,81,83,71,74,81,83,83,83,83,83,83,83,83,78,83,83,83,83,30,70,83,83,62,14],"gold":62,"neow_bonus":"THREE_ENEMY_KILL","is_prod":false,"is_daily":false,"chose_seed":false,"campfire_upgraded":7,"win_rate":0,"timestamp":1570097704,"path_taken":["M","M","?","?","?","R","E","R","T","E","M","M","M","$","R","BOSS","M","?","?","$","M","R","M","E","T","R","E","?","M","$","R","BOSS","M","?","?","M","?","E","?","?","T","$","E","?","M","?","R","BOSS","BOSS","R","$","E","BOSS"],"build_version":"2019-10-02","purchased_purges":4,"victory":true,"max_hp_per_floor":[71,71,71,71,71,71,71,71,71,71,71,71,71,71,71,71,71,71,76,76,76,76,76,76,83,83,83,83,83,83,83,83,83,83,83,83,83,83,83,83,83,83,83,83,83,83,83,83,83,83,83,83,83,83,83,83],"card_choices":[{"not_picked":["Sweeping Beam","Tempest"],"picked":"Glacier","floor":1.0},{"not_picked":["Barrage","Streamline"],"picked":"Heatsinks","floor":2.0},{"not_picked":["White Noise","Beam Cell"],"picked":"Compile Driver","floor":7.0},{"not_picked":["Streamline","Stack"],"picked":"Ball Lightning","floor":10.0},{"not_picked":["Barrage","Streamline"],"picked":"Turbo","floor":11.0},{"not_picked":["Scrape","Rip and Tear"],"picked":"Double Energy","floor":12.0},{"not_picked":["Ball Lightning","Redo"],"picked":"Self Repair","floor":13.0},{"not_picked":["Rainbow","Hyperbeam"],"picked":"Buffer","floor":16.0},{"not_picked":["Compile Driver","Stack"],"picked":"Loop+1","floor":18.0},{"not_picked":["Darkness","Sweeping Beam"],"picked":"Heatsinks","floor":22.0},{"not_picked":["Rip and Tear","Chill"],"picked":"Reinforced Body","floor":24.0},{"not_picked":["Gash","Compile Driver"],"picked":"Hologram","floor":25},{"not_picked":["Melter","Barrage"],"picked":"Hologram+1","floor":28},{"not_picked":["Chaos","Cold Snap"],"picked":"Recycle+1","floor":29},{"not_picked":["Redo","Fusion"],"picked":"Recycle","floor":30},{"not_picked":["Thunder Strike","Biased Cognition"],"picked":"Seek","floor":33},{"not_picked":["Gash","Leap"],"picked":"Compile Driver","floor":35},{"not_picked":["Gash+1","Chill"],"picked":"Cold Snap+1","floor":36},{"not_picked":["Reinforced Body","Rip and Tear"],"picked":"Sunder","floor":37},{"not_picked":["Compile Driver","Turbo"],"picked":"Coolheaded","floor":38},{"not_picked":["Redo","Leap+1"],"picked":"Heatsinks","floor":40},{"not_picked":["Turbo","Conserve Battery"],"picked":"Blizzard+1","floor":42},{"not_picked":["Sunder+1","Redo"],"picked":"Undo","floor":45},{"not_picked":["Streamline","Beam Cell","Compile Driver"],"picked":"SKIP","floor":47},{"not_picked":["Barrage+1","Darkness+1"],"picked":"Cold Snap","floor":48},{"not_picked":["Recycle+1","Hyperbeam"],"picked":"Chill+1","floor":55}],"player_experience":1055763,"relics_obtained":[{"floor":7.0,"key":"FossilizedHelix"},{"floor":10.0,"key":"Bottled Flame"},{"floor":25,"key":"Strawberry"},{"floor":26,"key":"Eternal Feather"},{"floor":28,"key":"Pocketwatch"},{"floor":37,"key":"Lizard Tail"},{"floor":40,"key":"Turnip"},{"floor":40,"key":"Centennial Puzzle"},{"floor":43,"key":"Mercury Hourglass"},{"floor":45,"key":"Thread and Needle"},{"floor":45,"key":"Whetstone"},{"floor":55,"key":"Bronze Scales"},{"floor":55,"key":"Blue Candle"}],"event_choices":[{"damage_healed":0.0,"max_hp_gain":0.0,"max_hp_loss":0.0,"gold_gain":75.0,"event_name":"World of Goop","player_choice":"Gather Gold","floor":3.0,"gold_loss":0.0,"damage_taken":11.0},{"damage_healed":0.0,"max_hp_gain":0.0,"max_hp_loss":0.0,"gold_gain":0.0,"event_name":"Scrap Ooze","player_choice":"Success","floor":4.0,"gold_loss":0.0,"damage_taken":26.0,"relics_obtained":["Smiling Mask"]},{"cards_removed":["Strike_B"],"damage_healed":0.0,"max_hp_gain":0.0,"max_hp_loss":0.0,"gold_gain":0.0,"event_name":"The Cleric","player_choice":"Card Removal","floor":5.0,"gold_loss":75.0,"damage_taken":0.0},{"damage_healed":0.0,"max_hp_gain":5.0,"max_hp_loss":0.0,"gold_gain":0.0,"event_name":"Forgotten Altar","player_choice":"Shed Blood","floor":19.0,"gold_loss":0.0,"damage_taken":25.0},{"damage_healed":0.0,"max_hp_gain":0.0,"max_hp_loss":0.0,"gold_gain":0.0,"event_name":"Accursed Blacksmith","player_choice":"Rummage","floor":20.0,"gold_loss":0.0,"damage_taken":0.0,"relics_obtained":["WarpedTongs"],"cards_obtained":["Pain"]},{"damage_healed":0,"gold_gain":0,"player_choice":"Fight","damage_taken":0,"max_hp_gain":0,"max_hp_loss":0,"event_name":"MindBloom","floor":37,"gold_loss":0},{"cards_removed":["Strike_B"],"damage_healed":0,"gold_gain":0,"player_choice":"Purged","damage_taken":0,"max_hp_gain":0,"max_hp_loss":0,"event_name":"Purifier","floor":41,"gold_loss":0},{"damage_healed":0,"gold_gain":0,"player_choice":"Bought 0 Potions","damage_taken":0,"max_hp_gain":0,"max_hp_loss":0,"event_name":"The Woman in Blue","floor":46,"gold_loss":0}],"is_beta":true,"boss_relics":[{"not_picked":["Empty Cage","Busted Crown"],"picked":"Philosopher\u0027s Stone"},{"not_picked":["Cursed Key","FrozenCore"],"picked":"Black Star"}],"items_purged_floors":[21,31,39,44],"is_endless":false,"potions_floor_spawned":[7,11,12,13,16,24,25,29,37,40,48],"ascension_level":20}