{"gold_per_floor":[116,41,55,55,55,55,83,99,99,99,99,127,145,157,157,157],"floor_reached":16,"playtime":877,"items_purged":["Strike_G"],"score":135,"play_id":"4f26a958-6bac-45ef-afd2-4ff3b49676ee","local_time":"20191018092756","is_ascension_mode":false,"campfire_choices":[{"data":"Blur","floor":6,"key":"SMITH"},{"data":"Prepared","floor":15,"key":"SMITH"}],"neow_cost":"NONE","seed_source_timestamp":346654922517200,"circlet_count":0,"master_deck":["Strike_G","Strike_G","Strike_G","Defend_G","Defend_G","Defend_G+1","Defend_G","Defend_G","Survivor+1","Neutralize","Poisoned Stab","PiercingWail","Blur+1","Backflip","Calculated Gamble+1","Prepared+1"],"relics":["Ring of the Snake","NeowsBlessing","Mummified Hand","Pear","Sundial"],"potions_floor_usage":[12,12,12,16],"damage_taken":[{"damage":0,"enemies":"Small Slimes","floor":1,"turns":1},{"damage":0,"enemies":"Cultist","floor":3,"turns":1},{"damage":0,"enemies":"Gremlin Nob","floor":7,"turns":1},{"damage":0,"enemies":"Jaw Worm","floor":8,"turns":5},{"damage":31,"enemies":"Lagavulin","floor":12,"turns":14},{"damage":0,"enemies":"Blue Slaver","floor":13,"turns":7},{"damage":0,"enemies":"Red Slaver","floor":14,"turns":5},{"damage":51,"enemies":"Hexaghost","floor":16,"turns":17}],"seed_played":"-6076012339494682597","potions_obtained":[{"floor":1,"key":"FearPotion"},{"floor":8,"key":"DuplicationPotion"},{"floor":11,"key":"Regen Potion"},{"floor":12,"key":"EssenceOfSteel"}],"is_trial":false,"path_per_floor":["M","$","M","?","?","R","E","M","T","?","?","E","M","M","R","B"],"character_chosen":"THE_SILENT","items_purchased":[],"campfire_rested":0,"item_purchase_floors":[],"current_hp_per_floor":[70,70,70,56,56,56,56,56,66,66,66,49,49,49,49,0],"gold":157,"neow_bonus":"THREE_ENEMY_KILL","is_prod":false,"is_daily":false,"chose_seed":false,"campfire_upgraded":2,"win_rate":0.0,"timestamp":1571405276,"path_taken":["M","$","M","?","?","R","E","?","T","?","?","E","?","M","R","BOSS"],"build_version":"2019-10-17","purchased_purges":1,"victory":false,"max_hp_per_floor":[70,70,70,70,70,70,70,70,80,80,80,80,80,80,80,80],"card_choices":[{"not_picked":["Expertise","Underhanded Strike"],"picked":"Poisoned Stab","floor":1},{"not_picked":["Skewer","Dash"],"picked":"PiercingWail","floor":3},{"not_picked":["Distraction","PiercingWail"],"picked":"Backflip","floor":7},{"not_picked":["Underhanded Strike","Leg Sweep"],"picked":"Calculated Gamble","floor":8},{"not_picked":["Masterful Stab","Quick Slash","Dagger Throw"],"picked":"SKIP","floor":12},{"not_picked":["Dodge and Roll","Quick Slash","Flechettes"],"picked":"SKIP","floor":13},{"not_picked":["Crippling Poison","Leg Sweep"],"picked":"Prepared","floor":14}],"player_experience":2358,"relics_obtained":[{"floor":7,"key":"Mummified Hand"},{"floor":9,"key":"Pear"},{"floor":12,"key":"Sundial"}],"event_choices":[{"damage_healed":0,"gold_gain":0,"player_choice":"Entered Light","damage_taken":14,"max_hp_gain":0,"max_hp_loss":0,"event_name":"Shining Light","floor":4,"gold_loss":0,"cards_upgraded":["Survivor","Defend_G"]},{"damage_healed":0,"gold_gain":0,"cards_transformed":["Strike_G"],"player_choice":"Transformed","damage_taken":0,"max_hp_gain":0,"max_hp_loss":0,"event_name":"Transmorgrifier","floor":5,"gold_loss":0,"cards_obtained":["Blur"]},{"damage_healed":0,"gold_gain":0,"player_choice":"Grow","damage_taken":0,"max_hp_gain":0,"max_hp_loss":0,"event_name":"Living Wall","floor":10,"gold_loss":0,"cards_upgraded":["Calculated Gamble"]},{"damage_healed":0,"gold_gain":0,"player_choice":"Got Potions","damage_taken":0,"max_hp_gain":0,"max_hp_loss":0,"event_name":"Lab","floor":11,"gold_loss":0}],"is_beta":true,"boss_relics":[],"items_purged_floors":[2],"is_endless":false,"potions_floor_spawned":[1,8,12],"killed_by":"Hexaghost","ascension_level":0}