{"gold_per_floor":[112,112,122,132,142,172,172,197,197,209,229,243,262,218,218,316,316,326,343,618,72,85,98,98],"floor_reached":24,"playtime":1921,"items_purged":["Regret"],"score":246,"play_id":"2fad765b-1bd1-4206-8314-acedaa1eba4c","local_time":"20190128231250","is_ascension_mode":true,"campfire_choices":[{"floor":7,"key":"REST"},{"floor":15,"key":"REST"}],"neow_cost":"NONE","seed_source_timestamp":1298823367537193,"circlet_count":0,"master_deck":["Survivor","Neutralize","Dagger Spray","Terror","Slice","Noxious Fumes","Venomology","Venomology","Infinite Blades","Prepared","Footwork","Masterful Stab","Burst","Corpse Explosion","Unload","Footwork","Reflex","Distraction","Leg Sweep","Venomology","Envenom","Blade Dance","Deadly Poison","Dodge and Roll","Bane+1","Accuracy","Deadly Poison","Good Instincts","PiercingWail+1","Dash+1"],"relics":["Fusion Hammer","Shuriken","Darkstone Periapt","Mummified Hand","Pandora\u0027s Box","Singing Bowl"],"potions_floor_usage":[12,13,13,19,19,22,22,22,23,23,23,24],"damage_taken":[{"damage":0,"enemies":"Small Slimes","floor":1,"turns":4},{"damage":3,"enemies":"Cultist","floor":3,"turns":4},{"damage":2,"enemies":"Jaw Worm","floor":4,"turns":3},{"damage":6,"enemies":"Blue Slaver","floor":5,"turns":3},{"damage":24,"enemies":"Lagavulin","floor":6,"turns":6},{"damage":12,"enemies":"3 Sentries","floor":8,"turns":6},{"damage":0,"enemies":"Exordium Wildlife","floor":10,"turns":3},{"damage":12,"enemies":"Looter","floor":11,"turns":4},{"damage":17,"enemies":"Gremlin Gang","floor":12,"turns":4},{"damage":8,"enemies":"Blue Slaver","floor":13,"turns":4},{"damage":31,"enemies":"The Guardian","floor":16,"turns":13},{"damage":17,"enemies":"Chosen","floor":18,"turns":4},{"damage":3,"enemies":"Shell Parasite","floor":19,"turns":5},{"damage":45,"enemies":"Sentry and Sphere","floor":22,"turns":5},{"damage":13,"enemies":"Snake Plant","floor":23,"turns":3},{"damage":21,"enemies":"Gremlin Leader","floor":24,"turns":5}],"seed_played":"7129343581910911925","potions_obtained":[{"floor":6,"key":"EssenceOfSteel"},{"floor":10,"key":"Dexterity Potion"},{"floor":16,"key":"SpeedPotion"},{"floor":22,"key":"Block Potion"}],"is_trial":false,"path_per_floor":["M","?","M","M","M","E","R","E","T","M","M","M","M","?","R","B",null,"M","M","?","$","M","M","E"],"character_chosen":"THE_SILENT","items_purchased":["Accuracy","Deadly Poison","Singing Bowl","Good Instincts"],"campfire_rested":2,"item_purchase_floors":[21,21,21,21],"current_hp_per_floor":[70,70,67,65,59,35,56,44,44,44,32,15,7,7,28,7,70,53,62,68,68,23,10,0],"gold":98,"neow_bonus":"BOSS_RELIC","is_prod":false,"is_daily":false,"chose_seed":false,"campfire_upgraded":0,"win_rate":0,"timestamp":1548709970,"path_taken":["M","?","M","M","?","E","R","E","T","M","M","M","M","?","R","BOSS","M","M","?","$","M","?","E"],"build_version":"2019-01-23","purchased_purges":1,"victory":false,"max_hp_per_floor":[70,70,70,70,70,70,70,70,70,70,70,70,70,70,70,70,70,70,70,76,76,76,76,76],"card_choices":[{"not_picked":["Flying Knee","Dodge and Roll"],"picked":"Dagger Spray","floor":1},{"not_picked":["Concentrate","Endless Agony"],"picked":"Terror","floor":3},{"not_picked":["Outmaneuver","Dagger Spray"],"picked":"Slice","floor":4},{"not_picked":["Catalyst","Dagger Spray"],"picked":"Noxious Fumes","floor":5},{"not_picked":["Tactician","Flying Knee"],"picked":"Venomology","floor":6},{"not_picked":["Dodge and Roll","Terror"],"picked":"Venomology","floor":8},{"not_picked":["Dagger Spray","Dodge and Roll"],"picked":"Infinite Blades","floor":10},{"not_picked":["Outmaneuver","Reflex"],"picked":"Prepared","floor":11},{"not_picked":["All Out Attack","Tactician"],"picked":"Footwork","floor":12},{"not_picked":["Outmaneuver","Caltrops"],"picked":"Masterful Stab","floor":13},{"not_picked":["Bullet Time","Night Terror"],"picked":"Burst","floor":16},{"not_picked":["Sucker Punch","Concentrate"],"picked":"Dodge and Roll","floor":18},{"not_picked":["Prepared","Distraction+1"],"picked":"Bane+1","floor":19},{"not_picked":["Backstab","Setup+1"],"picked":"PiercingWail+1","floor":22},{"not_picked":["Slice","Setup"],"picked":"Dash+1","floor":23}],"player_experience":178633,"relics_obtained":[{"floor":6,"key":"Shuriken"},{"floor":8,"key":"Darkstone Periapt"},{"floor":9,"key":"Mummified Hand"}],"event_choices":[{"damage_healed":0,"gold_gain":0,"player_choice":"0 cards matched","damage_taken":0,"max_hp_gain":0,"max_hp_loss":0,"event_name":"Match and Keep!","floor":2,"gold_loss":0,"cards_obtained":[]},{"damage_healed":0,"gold_gain":0,"player_choice":"Left Gold","damage_taken":0,"max_hp_gain":0,"max_hp_loss":0,"event_name":"World of Goop","floor":14,"gold_loss":44},{"damage_healed":0,"gold_gain":275,"player_choice":"Desecrate","damage_taken":0,"max_hp_gain":0,"max_hp_loss":0,"event_name":"Golden Shrine","floor":20,"gold_loss":0,"cards_obtained":["Regret"]}],"is_beta":false,"boss_relics":[{"not_picked":["Philosopher\u0027s Stone","Busted Crown"],"picked":"Pandora\u0027s Box"}],"items_purged_floors":[21],"is_endless":false,"potions_floor_spawned":[6,10,11,12,13,16,22],"killed_by":"Gremlin Leader","ascension_level":3}