{"gold_per_floor":[115,190,190,201,201,235,235,255,307,307,333,333,348,368,368,467,467,483,261,279,295,311,311,338,349,349,349,349,369,369,394,394,492,492,502,502,156,167,185,185,195,109,109,27,61,61,161,171,171,171],"floor_reached":51,"playtime":5166,"items_purged":["Strike_R","Strike_R"],"score":862,"play_id":"2e5d209c-3f8e-481a-b927-ca463bcade8b","local_time":"20191012220542","is_ascension_mode":true,"campfire_choices":[{"data":"Body Slam","floor":7.0,"key":"SMITH"},{"data":"Whirlwind","floor":10.0,"key":"SMITH"},{"data":"Bash","floor":12.0,"key":"SMITH"},{"data":"Shrug It Off","floor":15.0,"key":"SMITH"},{"data":"Clothesline","floor":23,"key":"SMITH"},{"floor":30,"key":"REST"},{"data":"Shockwave","floor":32,"key":"SMITH"},{"data":"Double Tap","floor":40,"key":"SMITH"},{"data":"Body Slam","floor":46,"key":"SMITH"},{"floor":49,"key":"REST"}],"neow_cost":"NONE","seed_source_timestamp":0,"circlet_count":0,"master_deck":["Strike_R","Strike_R","Defend_R","Defend_R","Defend_R","Defend_R","Bash+1","Body Slam+1","Berserk+1","Twin Strike","Whirlwind+1","Shrug It Off+1","Juggernaut","Shockwave+1","Shrug It Off","Clothesline+1","Disarm+1","Twin Strike+1","RitualDagger","Battle Trance","Double Tap+1","Twin Strike+1","Dark Shackles","Pommel Strike+1","Inflame","Shrug It Off","Metallicize","Body Slam+1","Shrug It Off+1","Metallicize+1"],"special_seed":0,"relics":["Burning Blood","Bag of Marbles","Oddly Smooth Stone","Regal Pillow","Velvet Choker","Bag of Preparation","Matryoshka","Pear","Runic Cube","Meat on the Bone","Potion Belt","Paper Frog","Pocketwatch","Gambling Chip"],"potions_floor_usage":[19,22,31,31,33,35,45,50,50,50],"damage_taken":[{"damage":3.0,"enemies":"Jaw Worm","floor":1.0,"turns":4.0},{"damage":0.0,"enemies":"Small Slimes","floor":4.0,"turns":3.0},{"damage":24.0,"enemies":"Gremlin Nob","floor":6.0,"turns":4.0},{"damage":0.0,"enemies":"Cultist","floor":8.0,"turns":2.0},{"damage":6.0,"enemies":"Lagavulin","floor":11.0,"turns":7.0},{"damage":7.0,"enemies":"Blue Slaver","floor":13.0,"turns":3.0},{"damage":5.0,"enemies":"Looter","floor":14.0,"turns":3.0},{"damage":46.0,"enemies":"Hexaghost","floor":16.0,"turns":9.0},{"damage":12,"enemies":"Chosen","floor":18,"turns":4},{"damage":10,"enemies":"2 Thieves","floor":20,"turns":4},{"damage":3,"enemies":"Centurion and Healer","floor":21,"turns":5},{"damage":14,"enemies":"Sentry and Sphere","floor":22,"turns":6},{"damage":40,"enemies":"Book of Stabbing","floor":24,"turns":7},{"damage":0,"enemies":"Chosen and Byrds","floor":25,"turns":4},{"damage":16,"enemies":"Colosseum Slavers","floor":28,"turns":5},{"damage":0,"enemies":"Centurion and Healer","floor":29,"turns":3},{"damage":8,"enemies":"Slavers","floor":31,"turns":2},{"damage":63,"enemies":"Automaton","floor":33,"turns":11},{"damage":18,"enemies":"3 Darklings","floor":35,"turns":6},{"damage":0,"enemies":"3 Shapes","floor":38,"turns":6},{"damage":58,"enemies":"Writhing Mass","floor":39,"turns":8},{"damage":8,"enemies":"Maw","floor":41,"turns":7},{"damage":28,"enemies":"Reptomancer","floor":45,"turns":6},{"damage":1,"enemies":"Mind Bloom Boss Battle","floor":47,"turns":6},{"damage":0,"enemies":"4 Shapes","floor":48,"turns":5},{"damage":57,"enemies":"Donu and Deca","floor":50,"turns":8}],"seed_played":"-7868971053479492358","potions_obtained":[{"floor":4.0,"key":"SpeedPotion"},{"floor":8.0,"key":"Weak Potion"},{"floor":16.0,"key":"PowerPotion"},{"floor":20,"key":"Strength Potion"},{"floor":24,"key":"Poison Potion"},{"floor":31,"key":"Ancient Potion"},{"floor":33,"key":"AttackPotion"},{"floor":39,"key":"Explosive Potion"},{"floor":41,"key":"SteroidPotion"},{"floor":47,"key":"LiquidBronze"}],"is_trial":false,"path_per_floor":["M","?","?","M","?","E","R","M","T","R","E","R","M","M","R","B",null,"M","$","M","M","M","R","E","M","T","?","?","M","R","E","R","B",null,"M","?","$","M","M","R","M","$","T","$","E","R","?","M","R","B",null],"character_chosen":"IRONCLAD","items_purchased":["Shrug It Off","Fruit Juice","Meat on the Bone","Inflame","Shrug It Off","Metallicize"],"campfire_rested":2,"item_purchase_floors":[19,19,37,42,42,44],"current_hp_per_floor":[80,69,69,75,75,57,57,63,63,63,63,63,62,63,63,23,80,74,79,75,78,70,70,36,42,42,36,26,32,72,80,80,23,95,83,83,83,89,49,49,59,59,59,59,49,49,54,60,95,56],"gold":171,"neow_bonus":"THREE_CARDS","is_prod":false,"is_daily":false,"chose_seed":false,"campfire_upgraded":8,"win_rate":0,"timestamp":1570939542,"path_taken":["M","?","?","M","?","E","R","M","T","R","E","R","M","?","R","BOSS","M","$","M","M","M","R","E","M","T","?","?","M","R","E","R","BOSS","M","?","$","M","M","R","M","?","T","$","E","R","?","?","R","BOSS"],"build_version":"2019-07-17","purchased_purges":2,"victory":true,"max_hp_per_floor":[80,80,80,80,80,80,80,80,80,80,80,80,80,80,80,80,80,80,85,85,85,85,85,85,85,85,85,85,85,85,95,95,95,95,95,95,95,95,95,95,95,95,95,95,95,95,95,95,95,95],"card_choices":[{"not_picked":["Corruption","Disarm"],"picked":"Body Slam","floor":0.0},{"not_picked":["Perfected Strike","Armaments","Twin Strike"],"picked":"SKIP","floor":1.0},{"not_picked":["Twin Strike","Wild Strike","Armaments"],"picked":"SKIP","floor":4.0},{"not_picked":["Wild Strike","Armaments"],"picked":"Twin Strike","floor":4.0},{"not_picked":["Fiend Fire","Heavy Blade"],"picked":"Whirlwind","floor":6.0},{"not_picked":["Burning Pact","Perfected Strike","Warcry"],"picked":"SKIP","floor":8.0},{"not_picked":["Dual Wield","Perfected Strike"],"picked":"Shrug It Off","floor":11.0},{"not_picked":["Armaments","Cleave","Sever Soul"],"picked":"SKIP","floor":13.0},{"not_picked":["Cleave","True Grit","Evolve"],"picked":"SKIP","floor":14.0},{"not_picked":["Immolate","Feed"],"picked":"Juggernaut","floor":16.0},{"not_picked":["Perfected Strike","Clash"],"picked":"Shockwave","floor":18},{"not_picked":["Burning Pact","Iron Wave","Armaments"],"picked":"SKIP","floor":20},{"not_picked":["Armaments+1","Shrug It Off"],"picked":"Clothesline","floor":21},{"not_picked":["Perfected Strike","Pummel"],"picked":"Disarm+1","floor":22},{"not_picked":["Twin Strike","Cleave+1","Power Through"],"picked":"SKIP","floor":24},{"not_picked":["Armaments","Whirlwind"],"picked":"Twin Strike+1","floor":25},{"not_picked":["Flex+1","Sentinel+1"],"picked":"Battle Trance","floor":29},{"not_picked":["Second Wind","Infernal Blade","True Grit"],"picked":"SKIP","floor":31},{"not_picked":["Limit Break","Feed"],"picked":"Double Tap","floor":33},{"not_picked":["Thunderclap","Wild Strike+1"],"picked":"Twin Strike+1","floor":35},{"not_picked":["Metamorphosis","Deep Breath"],"picked":"Dark Shackles","floor":36},{"not_picked":["Perfected Strike+1","Heavy Blade","Thunderclap"],"picked":"SKIP","floor":38},{"not_picked":["Rampage","Fire Breathing+1","Perfected Strike+1"],"picked":"SKIP","floor":39},{"not_picked":["Armaments","Corruption"],"picked":"Pommel Strike+1","floor":41},{"not_picked":["Clash","Warcry+1"],"picked":"Body Slam","floor":45},{"not_picked":["Bloodletting","Cleave"],"picked":"Shrug It Off+1","floor":47},{"not_picked":["Intimidate","Cleave"],"picked":"Metallicize+1","floor":48}],"player_experience":53830,"relics_obtained":[{"floor":6.0,"key":"Bag of Marbles"},{"floor":9.0,"key":"Oddly Smooth Stone"},{"floor":11.0,"key":"Regal Pillow"},{"floor":24,"key":"Bag of Preparation"},{"floor":26,"key":"Matryoshka"},{"floor":31,"key":"Pear"},{"floor":43,"key":"Potion Belt"},{"floor":43,"key":"Paper Frog"},{"floor":45,"key":"Pocketwatch"},{"floor":47,"key":"Gambling Chip"}],"event_choices":[{"damage_healed":0.0,"max_hp_gain":0.0,"max_hp_loss":0.0,"gold_gain":75.0,"event_name":"World of Goop","player_choice":"Gather Gold","floor":2.0,"gold_loss":0.0,"damage_taken":11.0},{"damage_healed":0.0,"max_hp_gain":0.0,"max_hp_loss":0.0,"gold_gain":0.0,"cards_transformed":["Strike_R"],"event_name":"Living Wall","player_choice":"Change","floor":3.0,"gold_loss":0.0,"damage_taken":0.0,"cards_obtained":["Berserk"]},{"damage_healed":0.0,"max_hp_gain":0.0,"max_hp_loss":0.0,"gold_gain":0.0,"event_name":"Upgrade Shrine","player_choice":"Upgraded","floor":5.0,"gold_loss":0.0,"damage_taken":0.0,"cards_upgraded":["Berserk"]},{"damage_healed":0,"gold_gain":0,"player_choice":"Joined the Cult","damage_taken":6,"max_hp_gain":0,"max_hp_loss":0,"event_name":"Nest","floor":27,"gold_loss":0,"cards_obtained":["RitualDagger"]},{"damage_healed":0,"gold_gain":0,"player_choice":"Fight","damage_taken":0,"max_hp_gain":0,"max_hp_loss":0,"event_name":"Colosseum","floor":28,"gold_loss":0},{"damage_healed":0,"gold_gain":0,"player_choice":"Fled From Nobs","damage_taken":0,"max_hp_gain":0,"max_hp_loss":0,"event_name":"Colosseum","floor":28,"gold_loss":0},{"damage_healed":0,"gold_gain":0,"player_choice":"Memory 1","damage_taken":0,"max_hp_gain":0,"max_hp_loss":0,"event_name":"SensoryStone","floor":36,"gold_loss":0},{"damage_healed":0,"gold_gain":0,"player_choice":"Fight","damage_taken":0,"max_hp_gain":0,"max_hp_loss":0,"event_name":"MindBloom","floor":47,"gold_loss":0}],"is_beta":false,"boss_relics":[{"not_picked":["Lizard Tail","Mark of Pain"],"picked":"Velvet Choker"},{"not_picked":["Sozu","Calling Bell"],"picked":"Runic Cube"}],"items_purged_floors":[19,37],"is_endless":false,"potions_floor_spawned":[4,8,16,20,21,24,31,33,39,41,47],"ascension_level":4}