{"gold_per_floor":[116,191,206,223,243,243,59,59,140,156,156,168,198,230,242,350,362,387,399,411,438,465,491,503,549,561,587,599],"floor_reached":28,"playtime":2189,"items_purged":[],"score":236,"play_id":"9edc1b6f-22c1-4516-aff4-eeea65755040","local_time":"20181121173203","is_ascension_mode":false,"campfire_choices":[{"data":"Burst","floor":6,"key":"SMITH"},{"data":"Skewer","floor":8,"key":"SMITH"},{"floor":15,"key":"REST"},{"floor":24,"key":"REST"}],"neow_cost":"NONE","seed_source_timestamp":17987149785014,"circlet_count":0,"master_deck":["Defend_G","Defend_G","Defend_G","Defend_G","Strike_G","Strike_G","Strike_G","Survivor","Neutralize+1","PiercingWail","Burst+1","Bane","Poisoned Stab","Skewer+1","Envenom","Acrobatics","Riddle With Holes","Dodge and Roll","Corpse Explosion","Slice+1","Outmaneuver+1","Riddle With Holes+1","Dodge and Roll","Blur","Terror","Catalyst+1","Underhanded Strike+1","Choke+1","Blur"],"relics":["Ring of the Snake","Lantern","Bottled Flame","MawBank","Astrolabe","Vajra","Kunai"],"potions_floor_usage":[16,25,25,25,25,25,27,28],"damage_taken":[{"damage":4,"enemies":"Cultist","floor":1,"turns":5},{"damage":0,"enemies":"2 Louse","floor":3,"turns":3},{"damage":0,"enemies":"Small Slimes","floor":4,"turns":5},{"damage":8,"enemies":"Exordium Wildlife","floor":5,"turns":6},{"damage":0,"enemies":"Lots of Slimes","floor":10,"turns":6},{"damage":0,"enemies":"2 Fungi Beasts","floor":12,"turns":3},{"damage":3,"enemies":"Looter","floor":13,"turns":2},{"damage":2,"enemies":"3 Louse","floor":14,"turns":4},{"damage":29,"enemies":"Hexaghost","floor":16,"turns":9},{"damage":2,"enemies":"Shell Parasite","floor":18,"turns":6},{"damage":0,"enemies":"Chosen","floor":21,"turns":4},{"damage":21,"enemies":"Shelled Parasite and Fungi","floor":22,"turns":6},{"damage":42,"enemies":"3 Cultists","floor":23,"turns":5},{"damage":16,"enemies":"Book of Stabbing","floor":25,"turns":5},{"damage":0,"enemies":"Snake Plant","floor":27,"turns":2},{"damage":9,"enemies":"Gremlin Leader","floor":28,"turns":5}],"seed_played":"-5614435810932449903","potions_obtained":[{"floor":1,"key":"Poison Potion"},{"floor":3,"key":"EntropicBrew"},{"floor":5,"key":"Fire Potion"},{"floor":16,"key":"PowerPotion"},{"floor":27,"key":"Swift Potion"}],"is_trial":false,"path_per_floor":["M","?","M","M","M","R","$","R","T","M","?","M","M","M","R","B",null,"M","?","?","M","M","M","R","E","T","M","E"],"character_chosen":"THE_SILENT","items_purchased":["Lantern","Skewer"],"campfire_rested":2,"item_purchase_floors":[7,7],"current_hp_per_floor":[66,59,59,59,51,51,51,51,51,51,33,33,30,28,49,20,70,68,68,68,68,47,5,26,10,10,10,1],"gold":599,"neow_bonus":"UPGRADE_CARD","is_prod":false,"is_daily":false,"chose_seed":false,"campfire_upgraded":2,"win_rate":0.0,"timestamp":1542814323,"path_taken":["M","?","M","M","?","R","$","R","T","M","?","M","M","M","R","BOSS","M","?","?","M","M","?","R","E","T","M","E"],"build_version":"2018-11-15","purchased_purges":0,"victory":false,"max_hp_per_floor":[70,70,70,70,70,70,70,70,70,70,70,70,70,70,70,70,70,70,70,70,70,70,70,70,70,70,70,70],"card_choices":[{"not_picked":["Flying Knee","Dodge and Roll"],"picked":"PiercingWail","floor":1},{"not_picked":["Quick Slash","Blade Dance"],"picked":"Burst","floor":3},{"not_picked":["Dagger Throw","All Out Attack"],"picked":"Bane","floor":4},{"not_picked":["All Out Attack","Prepared"],"picked":"Poisoned Stab","floor":5},{"not_picked":["Outmaneuver","Backstab"],"picked":"Envenom","floor":10},{"not_picked":["Skewer","Eviscerate"],"picked":"Acrobatics","floor":12},{"not_picked":["Poisoned Stab","PiercingWail"],"picked":"Riddle With Holes","floor":13},{"not_picked":["Dagger Throw","Quick Slash"],"picked":"Dodge and Roll","floor":14},{"not_picked":["Phantasmal Killer","Die Die Die"],"picked":"Corpse Explosion","floor":16},{"not_picked":["Leg Sweep","Bane"],"picked":"Dodge and Roll","floor":18},{"not_picked":["Outmaneuver","Skewer+1"],"picked":"Terror","floor":21},{"not_picked":["Blade Dance","Acrobatics"],"picked":"Catalyst+1","floor":22},{"not_picked":["Dagger Spray","Dodge and Roll+1"],"picked":"Underhanded Strike+1","floor":23},{"not_picked":["Prepared","Dagger Throw"],"picked":"Choke+1","floor":25},{"not_picked":["Acrobatics","Reflex"],"picked":"Blur","floor":27}],"player_experience":55246,"relics_obtained":[{"floor":9,"key":"Bottled Flame"},{"floor":25,"key":"Vajra"},{"floor":26,"key":"Kunai"}],"event_choices":[{"damage_healed":0,"gold_gain":75,"player_choice":"Touch","damage_taken":7,"max_hp_gain":0,"max_hp_loss":0,"event_name":"FaceTrader","floor":2,"gold_loss":0},{"damage_healed":0,"gold_gain":0,"player_choice":"Success","damage_taken":18,"relics_obtained":["MawBank"],"max_hp_gain":0,"max_hp_loss":0,"event_name":"Scrap Ooze","floor":11,"gold_loss":0},{"damage_healed":0,"gold_gain":0,"player_choice":"Read","damage_taken":0,"max_hp_gain":0,"max_hp_loss":0,"event_name":"The Library","floor":19,"gold_loss":0,"cards_obtained":["Blur"]},{"damage_healed":0,"gold_gain":0,"player_choice":"Ignored","damage_taken":0,"max_hp_gain":0,"max_hp_loss":0,"event_name":"Purifier","floor":20,"gold_loss":0}],"is_beta":false,"boss_relics":[{"not_picked":["Black Star","Empty Cage"],"picked":"Astrolabe"}],"items_purged_floors":[],"is_endless":false,"potions_floor_spawned":[1,3,5,13,16,22,23,27],"killed_by":"Gremlin Leader","ascension_level":0}