{"gold_per_floor":[117,42,54,54,54,54,54,74,128,128,128,147,159,174,174,276,276,276,276,276,150,150,150,150,25,25,25,25,25,25,25,25,25,25,25,25,25,25,25,25,25,25,25,25,25,25,25,25,25,25],"floor_reached":50,"playtime":1740,"items_purged":["Defend_G","Strike_G","Strike_G"],"score":471,"play_id":"62a44ee0-d068-4177-a048-f793878549c4","local_time":"20180713160544","is_ascension_mode":false,"campfire_choices":[{"data":"Defend_G","floor":6,"key":"SMITH"},{"data":"Neutralize","floor":11,"key":"SMITH"},{"floor":15,"key":"REST"},{"data":"Flying Knee","floor":23,"key":"SMITH"},{"data":"Strike_G","floor":30,"key":"SMITH"},{"floor":32,"key":"REST"},{"floor":40,"key":"REST"},{"floor":42,"key":"REST"},{"data":"Survivor","floor":45,"key":"SMITH"},{"floor":49,"key":"REST"}],"neow_cost":"NONE","seed_source_timestamp":200416540518607,"circlet_count":0,"master_deck":["Defend_G","Strike_G+1","Strike_G","Strike_G","Survivor+1","Neutralize+1","Dagger Throw+1","Finisher+1","Sucker Punch+1","Flying Knee+1","Finisher+1","Pain","Decay","Decay"],"relics":["Ring of the Snake","Ancient Tea Set","Tiny Chest","Ninja Scroll","Ectoplasm","Paper Crane","Calling Bell","Bag of Preparation","Mummified Hand","Turnip","Bird Faced Urn","Pen Nib"],"potions_floor_usage":[7,16,16,16,33,33,33,41,46],"damage_taken":[{"damage":1,"enemies":"Cultist","floor":1,"turns":4},{"damage":0,"enemies":"Jaw Worm","floor":3,"turns":3},{"damage":0,"enemies":"3 Sentries","floor":7,"turns":1},{"damage":4,"enemies":"2 Louse","floor":8,"turns":2},{"damage":5,"enemies":"Red Slaver","floor":12,"turns":2},{"damage":6,"enemies":"3 Louse","floor":13,"turns":2},{"damage":10,"enemies":"Exordium Thugs","floor":14,"turns":2},{"damage":49,"enemies":"The Guardian","floor":16,"turns":11},{"damage":4,"enemies":"Shell Parasite","floor":18,"turns":2},{"damage":0,"enemies":"Spheric Guardian","floor":19,"turns":1},{"damage":4,"enemies":"3 Cultists","floor":22,"turns":4},{"damage":0,"enemies":"Sentry and Sphere","floor":24,"turns":1},{"damage":9,"enemies":"Snake Plant","floor":27,"turns":2},{"damage":5,"enemies":"Cultist and Chosen","floor":28,"turns":4},{"damage":0,"enemies":"Snecko","floor":31,"turns":2},{"damage":19,"enemies":"Collector","floor":33,"turns":6},{"damage":3,"enemies":"3 Shapes","floor":35,"turns":2},{"damage":4,"enemies":"Flame Bruiser 1 Orb","floor":38,"turns":1},{"damage":16,"floor":39,"turns":7},{"damage":37,"enemies":"Transient","floor":41,"turns":5},{"damage":3,"enemies":"4 Shapes","floor":44,"turns":6},{"damage":41,"enemies":"Maw","floor":46,"turns":8},{"damage":53,"enemies":"Awakened One","floor":50,"turns":5}],"seed_played":"7871482282800853646","potions_obtained":[{"floor":3,"key":"SmokeBomb"},{"floor":8,"key":"SneckoOil"},{"floor":12,"key":"SteroidPotion"},{"floor":13,"key":"GamblersBrew"},{"floor":14,"key":"EssenceOfSteel"},{"floor":16,"key":"Poison Potion"},{"floor":22,"key":"Poison Potion"},{"floor":24,"key":"PowerPotion"},{"floor":39,"key":"Regen Potion"},{"floor":41,"key":"Dexterity Potion"},{"floor":44,"key":"Regen Potion"}],"is_trial":false,"path_per_floor":["M","$","M","?","?","R","E","M","T","T","R","M","M","M","R","B",null,"M","M","?","$","M","R","M","$","T","M","M","?","R","M","R","B",null,"M","?","$","M","?","R","M","R","T","M","R","M","$","?","R"],"character_chosen":"THE_SILENT","items_purchased":["Flying Knee"],"campfire_rested":5,"item_purchase_floors":[21],"current_hp_per_floor":[69,69,69,69,69,69,69,65,65,65,65,60,54,44,65,16,70,66,66,66,66,62,62,62,62,62,53,48,48,48,48,69,50,70,67,67,67,63,47,68,40,61,61,58,58,32,32,32,53,0],"gold":25,"neow_bonus":"RANDOM_COMMON_RELIC","is_prod":false,"is_daily":false,"chose_seed":false,"campfire_upgraded":5,"win_rate":0,"timestamp":1531512344,"path_taken":["M","?","M","?","?","R","E","M","T","?","R","M","?","M","R","BOSS","M","M","?","$","?","R","M","$","T","M","M","?","R","M","R","BOSS","M","?","$","M","?","R","M","R","T","?","R","M","$","?","R","BOSS"],"build_version":"2018-07-12","purchased_purges":3,"victory":false,"max_hp_per_floor":[70,70,70,70,70,70,70,70,70,70,70,70,70,70,70,70,70,70,70,70,70,70,70,70,70,70,70,70,70,70,70,70,70,70,70,70,70,70,70,70,70,70,70,70,70,70,70,70,70,70],"card_choices":[{"not_picked":["Deflect","Calculated Gamble"],"picked":"Dagger Throw","floor":1},{"not_picked":["Expertise","Footwork"],"picked":"Finisher","floor":3},{"not_picked":["Dagger Spray","Heel Hook","Outmaneuver"],"picked":"SKIP","floor":8},{"not_picked":["Deflect","Deadly Poison","Dagger Throw"],"picked":"SKIP","floor":12},{"not_picked":["PiercingWail","Dodge and Roll","Quick Slash"],"picked":"SKIP","floor":13},{"not_picked":["Outmaneuver","Sucker Punch","Tactician"],"picked":"SKIP","floor":14},{"not_picked":["Underhanded Strike","Infinite Blades"],"picked":"Sucker Punch+1","floor":18},{"not_picked":["Setup","Dagger Throw+1","Flying Knee"],"picked":"SKIP","floor":19},{"not_picked":["Cloak And Dagger","PiercingWail","Expertise"],"picked":"SKIP","floor":22},{"not_picked":["Dagger Throw","Flying Knee","Outmaneuver+1"],"picked":"SKIP","floor":24},{"not_picked":["Blur","Backflip"],"picked":"Finisher+1","floor":27},{"not_picked":["PiercingWail","Noxious Fumes","Outmaneuver"],"picked":"SKIP","floor":28},{"not_picked":["Deflect","Noxious Fumes","Quick Slash+1"],"picked":"SKIP","floor":31},{"not_picked":["Dagger Throw+1","Flechettes","Cloak And Dagger"],"picked":"SKIP","floor":35},{"not_picked":["Bane","Dash","Accuracy+1"],"picked":"SKIP","floor":38},{"not_picked":["Sucker Punch","Cloak And Dagger","Deadly Poison"],"picked":"SKIP","floor":41},{"not_picked":["Acrobatics","Quick Slash+1","Reflex+1"],"picked":"SKIP","floor":44},{"not_picked":["Underhanded Strike+1","Cloak And Dagger+1","Outmaneuver"],"picked":"SKIP","floor":46}],"player_experience":250664,"relics_obtained":[{"floor":9,"key":"Tiny Chest"},{"floor":10,"key":"Ninja Scroll"},{"floor":26,"key":"Paper Crane"},{"floor":34,"key":"Bag of Preparation"},{"floor":34,"key":"Mummified Hand"},{"floor":34,"key":"Turnip"},{"floor":39,"key":"Bird Faced Urn"},{"floor":43,"key":"Pen Nib"}],"event_choices":[{"event_name":"Living Wall","player_choice":"Grow","floor":4,"damage_taken":0},{"event_name":"Upgrade Shrine","player_choice":"Upgraded","floor":5,"damage_taken":0},{"event_name":"Bonfire Elementals","player_choice":"BASIC","floor":20,"damage_taken":0},{"event_name":"Purifier","player_choice":"One Purge","floor":29,"damage_taken":0},{"event_name":"Falling","player_choice":"Removed Skill","floor":36,"damage_taken":0},{"event_name":"MindBloom","player_choice":"Fight","floor":39,"damage_taken":0},{"event_name":"Mysterious Sphere","player_choice":"Ignore","floor":48,"damage_taken":0}],"boss_relics":[{"not_picked":["Snecko Eye","Eternal Feather"],"picked":"Ectoplasm"},{"not_picked":["Tiny House","Pandora\u0027s Box"],"picked":"Calling Bell"}],"items_purged_floors":[2,21,25],"is_endless":false,"potions_floor_spawned":[3,8,12,13,14,16,22,24,33,39,41,44],"killed_by":"Awakened One","ascension_level":0}