{"gold_per_floor":[118,128,138,155,155,155,180,180,204,129,129,129,139,172,172,275,275,241,241,71,88,102,102,137,137],"floor_reached":25,"playtime":2192,"items_purged":["Strike_R","Strike_R"],"score":254,"play_id":"4914bc69-3c08-4b11-911e-53a513294d5d","local_time":"20190326083623","is_ascension_mode":true,"campfire_choices":[{"data":"Bash","floor":6,"key":"SMITH"},{"data":"Headbutt","floor":12,"key":"SMITH"},{"data":"Shrug It Off","floor":15,"key":"SMITH"},{"floor":23,"key":"REST"}],"neow_cost":"NONE","seed_source_timestamp":25406242326641,"circlet_count":0,"master_deck":["Strike_R","Strike_R","Strike_R","Defend_R","Defend_R","Defend_R","Defend_R","Bash+1","Spot Weakness","Headbutt+1","Shrug It Off+1","Limit Break","Heavy Blade+1","Disarm","Rage+1","Iron Wave","Shockwave"],"relics":["Burning Blood","Orichalcum","Regal Pillow","Bag of Preparation","Mark of Pain","Magic Flower"],"potions_floor_usage":[7,7,13,16,25],"damage_taken":[{"damage":18,"enemies":"Jaw Worm","floor":1,"turns":4},{"damage":0,"enemies":"Small Slimes","floor":2,"turns":3},{"damage":1,"enemies":"Cultist","floor":3,"turns":4},{"damage":16,"enemies":"3 Louse","floor":4,"turns":4},{"damage":26,"enemies":"Lagavulin","floor":7,"turns":5},{"damage":12,"enemies":"Exordium Thugs","floor":13,"turns":5},{"damage":19,"enemies":"Gremlin Nob","floor":14,"turns":5},{"damage":49,"enemies":"The Guardian","floor":16,"turns":16},{"damage":24,"enemies":"2 Thieves","floor":18,"turns":5},{"damage":24,"enemies":"Spheric Guardian","floor":21,"turns":5},{"damage":22,"enemies":"Snake Plant","floor":22,"turns":5},{"damage":8,"enemies":"Book of Stabbing","floor":24,"turns":7},{"damage":52,"enemies":"Colosseum Slavers","floor":25,"turns":7},{"damage":26,"enemies":"Colosseum Nobs","floor":25,"turns":6}],"seed_played":"6347662816077982745","potions_obtained":[{"floor":1,"key":"AttackPotion"},{"floor":4,"key":"Energy Potion"},{"floor":7,"key":"SteroidPotion"},{"floor":14,"key":"Explosive Potion"},{"floor":24,"key":"PowerPotion"}],"is_trial":false,"path_per_floor":["?","?","?","?","M","?"],"character_chosen":"IRONCLAD","items_purchased":["Disarm"],"campfire_rested":1,"item_purchase_floors":[20],"current_hp_per_floor":[68,74,79,69,69,69,49,49,49,49,75,75,69,56,56,13,80,62,62,62,44,28,67,65,0],"gold":137,"neow_bonus":"THREE_CARDS","is_prod":false,"is_daily":false,"chose_seed":false,"campfire_upgraded":3,"win_rate":0,"timestamp":1553600183,"path_taken":["M","M","M","M","?","R","E","?","T","$","?","R","M","E","R","BOSS","M","?","$","M","?","R","E","?"],"build_version":"2019-01-23","purchased_purges":2,"victory":false,"max_hp_per_floor":[80,80,80,80,80,80,80,80,80,80,80,80,80,80,80,80,80,80,80,80,80,80,80,80,80],"card_choices":[{"not_picked":["Sword Boomerang","Burning Pact"],"picked":"Spot Weakness","floor":0},{"not_picked":["Battle Trance","Corruption","True Grit"],"picked":"SKIP","floor":1},{"not_picked":["Clash","Intimidate"],"picked":"Headbutt","floor":2},{"not_picked":["Anger","Infernal Blade","Spot Weakness"],"picked":"SKIP","floor":3},{"not_picked":["Headbutt","Anger","Spot Weakness"],"picked":"SKIP","floor":4},{"not_picked":["Dropkick","Corruption","Juggernaut"],"picked":"SKIP","floor":7},{"not_picked":["Reckless Charge","Feel No Pain"],"picked":"Shrug It Off","floor":13},{"not_picked":["Clash","Thunderclap","True Grit"],"picked":"SKIP","floor":14},{"not_picked":["Bludgeon","Juggernaut"],"picked":"Limit Break","floor":16},{"not_picked":["Burning Pact","Pommel Strike"],"picked":"Heavy Blade","floor":18},{"not_picked":["Armaments","Sword Boomerang"],"picked":"Rage+1","floor":21},{"not_picked":["Anger","Fire Breathing"],"picked":"Iron Wave","floor":22},{"not_picked":["Warcry","Clash+1"],"picked":"Shockwave","floor":24}],"player_experience":452037,"relics_obtained":[{"floor":7,"key":"Orichalcum"},{"floor":9,"key":"Regal Pillow"},{"floor":14,"key":"Bag of Preparation"},{"floor":24,"key":"Magic Flower"}],"event_choices":[{"damage_healed":0,"gold_gain":0,"player_choice":"Ignored","damage_taken":0,"max_hp_gain":0,"max_hp_loss":0,"event_name":"Liars Game","floor":5,"gold_loss":0},{"damage_healed":0,"gold_gain":0,"player_choice":"Ignored","damage_taken":0,"max_hp_gain":0,"max_hp_loss":0,"event_name":"Shining Light","floor":8,"gold_loss":0},{"damage_healed":26,"gold_gain":0,"player_choice":"Banana","damage_taken":0,"max_hp_gain":0,"max_hp_loss":0,"event_name":"Big Fish","floor":11,"gold_loss":0},{"damage_healed":0,"gold_gain":0,"player_choice":"Upgraded","damage_taken":0,"max_hp_gain":0,"max_hp_loss":0,"event_name":"Upgrade Shrine","floor":19,"gold_loss":0,"cards_upgraded":["Heavy Blade"]},{"damage_healed":0,"gold_gain":0,"player_choice":"Fight","damage_taken":0,"max_hp_gain":0,"max_hp_loss":0,"event_name":"Colosseum","floor":25,"gold_loss":0},{"damage_healed":0,"gold_gain":0,"player_choice":"Fought Nobs","damage_taken":0,"max_hp_gain":0,"max_hp_loss":0,"event_name":"Colosseum","floor":25,"gold_loss":0}],"is_beta":false,"boss_relics":[{"not_picked":["White Beast Statue","Astrolabe"],"picked":"Mark of Pain"}],"items_purged_floors":[10,20],"is_endless":false,"potions_floor_spawned":[1,4,7,14,24,25],"killed_by":"Colosseum Nobs","ascension_level":2}