{"gold_per_floor":[115,134,134,150,167,167,342,342,342,362,362,362,207,222,222,325,325,343,343,355,365,265,265,285,285,310,77,0,14,29,44,44,44],"floor_reached":33,"playtime":1170,"items_purged":["Doubt","Defend_B","Clumsy"],"score":241,"play_id":"aa499288-048d-4cfb-a5a8-e51b5afdfdd4","local_time":"20190102091331","is_ascension_mode":false,"campfire_choices":[{"data":"Gash","floor":6.0,"key":"SMITH"},{"floor":15.0,"key":"REST"},{"data":"Gash","floor":23.0,"key":"SMITH"},{"floor":25.0,"key":"REST"},{"floor":32,"key":"REST"}],"neow_cost":"NONE","seed_source_timestamp":0,"circlet_count":0,"master_deck":["Strike_B+1","Strike_B","Strike_B","Strike_B","Defend_B","Defend_B+1","Dualcast","Go for the Eyes+1","Ball Lightning","Gash+1","Beam Cell","Scrape","Gash+1","Scrape","FTL"],"special_seed":0,"relics":["Cracked Core","Blood Vial","Peace Pipe","Cursed Key","Potion Belt"],"potions_floor_usage":[],"damage_taken":[{"damage":8.0,"enemies":"Small Slimes","floor":1.0,"turns":2.0},{"damage":0.0,"enemies":"Jaw Worm","floor":2.0,"turns":3.0},{"damage":4.0,"enemies":"Cultist","floor":4.0,"turns":3.0},{"damage":12.0,"enemies":"3 Louse","floor":5.0,"turns":3.0},{"damage":2.0,"enemies":"Looter","floor":10.0,"turns":2.0},{"damage":8.0,"enemies":"Lots of Slimes","floor":14.0,"turns":3.0},{"damage":46.0,"enemies":"The Guardian","floor":16.0,"turns":8.0},{"damage":8.0,"enemies":"Shell Parasite","floor":18.0,"turns":5.0},{"damage":5.0,"enemies":"Chosen","floor":20.0,"turns":4.0},{"damage":16.0,"enemies":"3 Cultists","floor":21.0,"turns":4.0},{"damage":2.0,"enemies":"Cultist and Chosen","floor":24.0,"turns":5.0},{"damage":9.0,"enemies":"Shelled Parasite and Fungi","floor":29.0,"turns":3.0},{"damage":30.0,"enemies":"Snake Plant","floor":30.0,"turns":4.0},{"damage":10.0,"enemies":"Chosen and Byrds","floor":31.0,"turns":3.0},{"damage":71,"enemies":"Champ","floor":33,"turns":7}],"seed_played":"-4391004279477152164","potions_obtained":[{"floor":1.0,"key":"FearPotion"},{"floor":10.0,"key":"Swift Potion"},{"floor":16.0,"key":"Fire Potion"},{"floor":18.0,"key":"Strength Potion"},{"floor":21.0,"key":"FairyPotion"},{"floor":24.0,"key":"Ancient Potion"},{"floor":30.0,"key":"Explosive Potion"}],"is_trial":false,"path_per_floor":["M","M","$","M","M","R","?","?","T","M","?","?","$","M","R","B",null,"M","?","M","M","$","R","M","R","T","$","?","M","M","M","R","B"],"character_chosen":"DEFECT","items_purchased":["Scrape","Scrape","FTL"],"campfire_rested":3,"item_purchase_floors":[13,27,27],"current_hp_per_floor":[67,69,69,67,57,57,57,57,57,57,57,42,42,36,58,14,75,67,67,64,50,50,50,50,72,72,72,72,65,37,29,51,0],"gold":44,"neow_bonus":"RANDOM_COMMON_RELIC","is_prod":false,"is_daily":false,"chose_seed":false,"campfire_upgraded":2,"win_rate":0,"timestamp":1546438411,"path_taken":["M","M","$","M","M","R","?","?","T","?","?","?","$","M","R","BOSS","M","?","M","?","$","R","M","R","T","?","?","M","M","M","R","BOSS"],"build_version":"2018-12-20","purchased_purges":3,"victory":false,"max_hp_per_floor":[75,75,75,75,75,75,75,75,75,75,75,75,75,75,75,75,75,75,75,75,75,75,75,75,75,75,75,75,75,75,75,75,75],"card_choices":[{"not_picked":["Undo","Steam"],"picked":"Go for the Eyes","floor":1.0},{"not_picked":["Rebound","Rip and Tear","Multi-Cast"],"picked":"SKIP","floor":2.0},{"not_picked":["Steam Power","Genetic Algorithm"],"picked":"Ball Lightning","floor":4.0},{"not_picked":["Compile Driver","Coolheaded"],"picked":"Gash","floor":5.0},{"not_picked":["Steam Power","Go for the Eyes"],"picked":"Beam Cell","floor":10.0},{"not_picked":["Melter","Steam","Cold Snap"],"picked":"SKIP","floor":14.0},{"not_picked":["Chill","Compile Driver","Tempest+1"],"picked":"SKIP","floor":18.0},{"not_picked":["Stack","Reinforced Body+1","Storm"],"picked":"SKIP","floor":20.0},{"not_picked":["Compile Driver","Fusion"],"picked":"Gash","floor":21.0},{"not_picked":["Hello World","Go for the Eyes+1","Rebound+1"],"picked":"SKIP","floor":24.0},{"not_picked":["Genetic Algorithm","Capacitor","Lockon"],"picked":"SKIP","floor":29.0},{"not_picked":["Compile Driver","Heatsinks","Electrodynamics"],"picked":"SKIP","floor":30.0},{"not_picked":["Force Field+1","Go for the Eyes","Hello World"],"picked":"SKIP","floor":31.0}],"player_experience":444355,"relics_obtained":[{"floor":9.0,"key":"Peace Pipe"},{"floor":26.0,"key":"Potion Belt"}],"event_choices":[{"damage_healed":0.0,"max_hp_gain":0.0,"max_hp_loss":0.0,"gold_gain":175.0,"event_name":"Liars Game","player_choice":"AGREE","floor":7.0,"gold_loss":0.0,"damage_taken":0.0,"cards_obtained":["Doubt"]},{"damage_healed":0.0,"max_hp_gain":0.0,"max_hp_loss":0.0,"gold_gain":0.0,"event_name":"Upgrade Shrine","player_choice":"Upgraded","floor":8.0,"gold_loss":0.0,"damage_taken":0.0,"cards_upgraded":["Go for the Eyes"]},{"cards_removed":["Zap"],"damage_healed":0.0,"max_hp_gain":0.0,"max_hp_loss":0.0,"gold_gain":0.0,"event_name":"Living Wall","player_choice":"Forget","floor":11.0,"gold_loss":0.0,"damage_taken":0.0},{"damage_healed":0.0,"max_hp_gain":0.0,"max_hp_loss":0.0,"gold_gain":0.0,"event_name":"Shining Light","player_choice":"Entered Light","floor":12.0,"gold_loss":0.0,"damage_taken":15.0,"cards_upgraded":["Defend_B","Strike_B"]},{"cards_removed":["Defend_B"],"damage_healed":0.0,"max_hp_gain":0.0,"max_hp_loss":0.0,"gold_gain":0.0,"event_name":"Purifier","player_choice":"Purged","floor":19.0,"gold_loss":0.0,"damage_taken":0.0},{"damage_healed":0.0,"max_hp_gain":0.0,"max_hp_loss":0.0,"gold_gain":0.0,"event_name":"Masked Bandits","player_choice":"Paid Fearfully","floor":28.0,"gold_loss":77.0,"damage_taken":0.0}],"is_beta":false,"boss_relics":[{"not_picked":["Ectoplasm","Inserter"],"picked":"Cursed Key"}],"items_purged_floors":[13,22,27],"is_endless":false,"potions_floor_spawned":[1,10,16,18,21,24,30],"killed_by":"Champ","ascension_level":0}