{"gold_per_floor":[112,112,131,81,81,81,112,131,131,131],"floor_reached":10,"playtime":904,"items_purged":[],"score":66,"play_id":"c08e881c-92a0-4f6d-8b76-0baea061333b","local_time":"20190329035751","is_ascension_mode":false,"campfire_choices":[{"data":"Neutralize","floor":6,"key":"SMITH"}],"neow_cost":"NONE","seed_source_timestamp":269196839008685,"circlet_count":0,"master_deck":["Defend_G","Defend_G","Defend_G","Defend_G","Defend_G","Strike_G","Strike_G","Strike_G","Strike_G","Survivor","Neutralize+1","Storm of Steel","Dagger Spray","Well Laid Plans","Infinite Blades","Backstab"],"relics":["Ring of the Snake","Ginger","WingedGreaves"],"potions_floor_usage":[10,10],"damage_taken":[{"damage":2,"enemies":"Small Slimes","floor":1,"turns":5},{"damage":0,"enemies":"Jaw Worm","floor":3,"turns":5},{"damage":28,"enemies":"Gremlin Nob","floor":7,"turns":5},{"damage":0,"enemies":"Cultist","floor":8,"turns":3},{"damage":48,"enemies":"Lagavulin","floor":10,"turns":13}],"seed_played":"5553729120033796000","potions_obtained":[{"floor":7,"key":"SpeedPotion"},{"floor":8,"key":"Weak Potion"}],"is_trial":false,"path_per_floor":["?","?","$"],"character_chosen":"THE_SILENT","items_purchased":[],"campfire_rested":0,"item_purchase_floors":[],"current_hp_per_floor":[68,73,73,73,73,73,45,45,45,0],"gold":131,"neow_bonus":"ONE_RANDOM_RARE_CARD","is_prod":false,"is_daily":false,"chose_seed":false,"campfire_upgraded":1,"win_rate":0,"timestamp":1553842671,"path_taken":["M","?","M","?","?","R","E","M","T","E"],"build_version":"2019-01-23","purchased_purges":0,"victory":false,"max_hp_per_floor":[70,75,75,75,75,75,75,75,75,75],"card_choices":[{"not_picked":["Flying Knee","Reflex"],"picked":"Dagger Spray","floor":1},{"not_picked":["Calculated Gamble","Slice"],"picked":"Well Laid Plans","floor":3},{"not_picked":["Tools of the Trade","Bane"],"picked":"Infinite Blades","floor":7},{"not_picked":["Escape Plan","Underhanded Strike"],"picked":"Backstab","floor":8}],"player_experience":484062,"relics_obtained":[{"floor":7,"key":"Ginger"},{"floor":9,"key":"WingedGreaves"}],"event_choices":[{"damage_healed":0,"gold_gain":0,"player_choice":"Donut","damage_taken":0,"max_hp_gain":5,"max_hp_loss":0,"event_name":"Big Fish","floor":2,"gold_loss":0},{"cards_removed":["Strike_G"],"damage_healed":0,"gold_gain":0,"player_choice":"Card Removal","damage_taken":0,"max_hp_gain":0,"max_hp_loss":0,"event_name":"The Cleric","floor":4,"gold_loss":50}],"is_beta":false,"boss_relics":[],"items_purged_floors":[],"is_endless":false,"potions_floor_spawned":[7,8],"killed_by":"Lagavulin","ascension_level":0}