{"gold_per_floor":[114,63,77,5,5,39,50,50,104,123,123,123,153,169,169,265,265,275,374,47,47,61,61,89,100,400,400,417,443,443,443,443,539,539,553,553,553,571,591,626,164,182,205,223,223],"floor_reached":45,"playtime":929,"items_purged":["Defend_R","Defend_R"],"score":761,"play_id":"05814cb4-d6b0-4115-967a-ad889041193a","local_time":"20190325005706","is_ascension_mode":true,"campfire_choices":[{"data":"Bloodletting","floor":11,"key":"SMITH"},{"data":"Flex","floor":15,"key":"SMITH"},{"floor":23,"key":"REST"},{"floor":27,"key":"REST"},{"floor":32,"key":"REST"}],"neow_cost":"NONE","seed_source_timestamp":7869708344318816,"circlet_count":0,"master_deck":["Strike_R","Strike_R","Strike_R","Strike_R","Strike_R","Defend_R","Defend_R","Bash","Whirlwind+1","Flex+1","Flex+1","Flex","Shrug It Off+1","Flex","Bloodletting+1","Offering","Finesse","Bludgeon","Deep Breath","Inflame","J.A.X.","Demon Form"],"relics":["Burning Blood","NeowsBlessing","Orichalcum","Potion Belt","Pear","Fusion Hammer","Lantern","Bag of Marbles","Old Coin","Gremlin Horn","Busted Crown","Bronze Scales","HandDrill","Bag of Preparation","Blood Vial"],"potions_floor_usage":[16,22,24,33,33,33,42],"damage_taken":[{"damage":0,"enemies":"Jaw Worm","floor":1,"turns":1},{"damage":0,"enemies":"2 Louse","floor":3,"turns":1},{"damage":0,"enemies":"Gremlin Nob","floor":6,"turns":1},{"damage":0,"enemies":"Cultist","floor":7,"turns":3},{"damage":2,"enemies":"Blue Slaver","floor":10,"turns":2},{"damage":3,"enemies":"3 Sentries","floor":13,"turns":1},{"damage":4,"enemies":"3 Louse","floor":14,"turns":3},{"damage":6,"enemies":"Slime Boss","floor":16,"turns":7},{"damage":16,"enemies":"2 Thieves","floor":18,"turns":2},{"damage":9,"enemies":"Spheric Guardian","floor":22,"turns":2},{"damage":58,"enemies":"Book of Stabbing","floor":24,"turns":5},{"damage":22,"enemies":"Snake Plant","floor":25,"turns":2},{"damage":0,"enemies":"Sentry and Sphere","floor":28,"turns":1},{"damage":0,"enemies":"Slavers","floor":29,"turns":1},{"damage":44,"enemies":"Champ","floor":33,"turns":5},{"damage":22,"enemies":"Orb Walker","floor":35,"turns":3},{"damage":0,"enemies":"3 Shapes","floor":38,"turns":1},{"damage":26,"enemies":"Writhing Mass","floor":39,"turns":3},{"damage":20,"enemies":"Nemesis","floor":40,"turns":3},{"damage":22,"enemies":"Spire Growth","floor":42,"turns":4},{"damage":19,"enemies":"3 Darklings","floor":44,"turns":2},{"damage":33,"enemies":"Maw","floor":45,"turns":2}],"seed_played":"-9138505909239149295","potions_obtained":[{"floor":1,"key":"SpeedPotion"},{"floor":10,"key":"Regen Potion"},{"floor":13,"key":"Swift Potion"},{"floor":16,"key":"FearPotion"},{"floor":18,"key":"SkillPotion"},{"floor":25,"key":"AttackPotion"},{"floor":29,"key":"GamblersBrew"},{"floor":33,"key":"Dexterity Potion"},{"floor":39,"key":"SpeedPotion"},{"floor":40,"key":"Weak Potion"},{"floor":44,"key":"GamblersBrew"}],"is_trial":false,"path_per_floor":["M","$","M","$","?","E","M","$","T","M","R","?","E","M","R","B",null,"M","?","$","?","M","R","E","M","T","R","M","E","?","?","R","B",null,"M","?","?","M","M","E","$","M","T","M","M"],"character_chosen":"IRONCLAD","items_purchased":["Flex","Flex","Shrug It Off","Lantern","Finesse","HandDrill","Bag of Preparation"],"campfire_rested":3,"item_purchase_floors":[2,4,4,20,20,41,41],"current_hp_per_floor":[80,80,80,80,64,70,76,76,76,80,80,80,90,90,90,90,90,80,80,80,80,77,90,47,31,31,58,64,70,70,52,80,42,95,79,79,79,85,65,51,51,35,35,24,0],"gold":223,"neow_bonus":"THREE_ENEMY_KILL","is_prod":false,"is_daily":false,"chose_seed":false,"campfire_upgraded":2,"win_rate":0,"timestamp":1553489826,"path_taken":["M","$","M","$","?","E","M","$","T","M","R","?","E","M","R","BOSS","M","?","$","?","?","R","E","M","T","R","M","E","?","?","R","BOSS","M","?","?","M","M","E","$","M","T","M","M"],"build_version":"2019-01-23","purchased_purges":2,"victory":false,"max_hp_per_floor":[80,80,80,80,80,80,80,80,80,80,80,80,90,90,90,90,90,90,90,90,90,90,90,90,90,90,90,90,90,90,95,95,95,95,95,90,90,90,90,90,90,90,90,90,90],"card_choices":[{"not_picked":["Shrug It Off","Anger"],"picked":"Whirlwind","floor":1},{"not_picked":["Sentinel","Cleave"],"picked":"Flex","floor":3},{"not_picked":["Cleave","Entrench","Reaper"],"picked":"SKIP","floor":6},{"not_picked":["Searing Blow","Warcry"],"picked":"Flex","floor":7},{"not_picked":["Sever Soul","Second Wind"],"picked":"Bloodletting","floor":10},{"not_picked":["Juggernaut","Rage","Disarm"],"picked":"SKIP","floor":13},{"not_picked":["Searing Blow","Warcry","Flex"],"picked":"SKIP","floor":14},{"not_picked":["Fiend Fire","Immolate"],"picked":"Offering","floor":16},{"not_picked":["Intimidate","Wild Strike+1","Shrug It Off"],"picked":"SKIP","floor":18},{"not_picked":["Headbutt","Hemokinesis","Feel No Pain"],"picked":"SKIP","floor":22},{"not_picked":["Headbutt","Sword Boomerang+1"],"picked":"Inflame","floor":24},{"not_picked":["Carnage","Clothesline","Sword Boomerang+1"],"picked":"SKIP","floor":25},{"not_picked":["Body Slam","Perfected Strike","Clash"],"picked":"SKIP","floor":28},{"not_picked":["Shrug It Off","Wild Strike+1","Demon Form"],"picked":"SKIP","floor":29},{"not_picked":["Exhume","Berserk"],"picked":"Demon Form","floor":33},{"not_picked":["Flex"],"picked":"SKIP","floor":35},{"not_picked":["True Grit"],"picked":"SKIP","floor":38},{"not_picked":["Clothesline"],"picked":"SKIP","floor":39},{"not_picked":["Sword Boomerang"],"picked":"SKIP","floor":40},{"not_picked":["Thunderclap+1"],"picked":"SKIP","floor":42},{"not_picked":["Perfected Strike"],"picked":"SKIP","floor":44}],"player_experience":490677,"relics_obtained":[{"floor":6,"key":"Orichalcum"},{"floor":9,"key":"Potion Belt"},{"floor":13,"key":"Pear"},{"floor":24,"key":"Bag of Marbles"},{"floor":26,"key":"Old Coin"},{"floor":29,"key":"Gremlin Horn"},{"floor":40,"key":"Bronze Scales"},{"floor":43,"key":"Blood Vial"}],"event_choices":[{"damage_healed":0,"gold_gain":0,"player_choice":"Entered Light","damage_taken":16,"max_hp_gain":0,"max_hp_loss":0,"event_name":"Shining Light","floor":5,"gold_loss":0,"cards_upgraded":["Shrug It Off","Whirlwind"]},{"damage_healed":0,"gold_gain":0,"player_choice":"Grow","damage_taken":0,"max_hp_gain":0,"max_hp_loss":0,"event_name":"Living Wall","floor":12,"gold_loss":0,"cards_upgraded":["Flex"]},{"damage_healed":0,"gold_gain":99,"player_choice":"Stole From Cult","damage_taken":0,"max_hp_gain":0,"max_hp_loss":0,"event_name":"Nest","floor":19,"gold_loss":0},{"damage_healed":0,"gold_gain":0,"player_choice":"2 cards matched","damage_taken":0,"max_hp_gain":0,"max_hp_loss":0,"event_name":"Match and Keep!","floor":21,"gold_loss":0,"cards_obtained":["Bludgeon","Deep Breath"]},{"damage_healed":0,"gold_gain":0,"player_choice":"Obtain J.A.X.","damage_taken":0,"max_hp_gain":0,"max_hp_loss":0,"event_name":"Drug Dealer","floor":30,"gold_loss":0,"cards_obtained":["J.A.X."]},{"damage_healed":0,"gold_gain":0,"player_choice":"Shed Blood","damage_taken":23,"max_hp_gain":5,"max_hp_loss":0,"event_name":"Forgotten Altar","floor":31,"gold_loss":0},{"damage_healed":0,"gold_gain":0,"player_choice":"Max HP","damage_taken":0,"max_hp_gain":0,"max_hp_loss":5,"event_name":"Winding Halls","floor":36,"gold_loss":0},{"damage_healed":0,"gold_gain":0,"player_choice":"Memory 1","damage_taken":0,"max_hp_gain":0,"max_hp_loss":0,"event_name":"SensoryStone","floor":37,"gold_loss":0}],"is_beta":false,"boss_relics":[{"not_picked":["Runic Cube","Snecko Eye"],"picked":"Fusion Hammer"},{"not_picked":["Astrolabe","Lizard Tail"],"picked":"Busted Crown"}],"items_purged_floors":[20,41],"is_endless":false,"potions_floor_spawned":[1,10,13,16,18,25,29,33,39,40,44],"killed_by":"Maw","ascension_level":3}