{"gold_per_floor":[115,115,133,8,8,8,67,67,90,90,90,55,79,99,99,218,218,241,43,142,0,0,0,19,19,67,67,67,82,82,7,7,7],"floor_reached":33,"playtime":1790,"items_purged":[],"score":288,"play_id":"e691435a-8c35-4308-90e6-4a8cef7d93ed","local_time":"20180921162505","is_ascension_mode":true,"campfire_choices":[{"data":"Thunderclap","floor":6,"key":"SMITH"},{"floor":8,"key":"REST"},{"data":"Carnage","floor":10,"key":"SMITH"},{"data":"Armaments","floor":15,"key":"SMITH"},{"data":"Shrug It Off","floor":23,"key":"SMITH"},{"data":"Bite","floor":30,"key":"SMITH"},{"data":"Offering","floor":32,"key":"SMITH"}],"neow_cost":"NONE","seed_source_timestamp":17764035239689,"circlet_count":0,"master_deck":["Defend_R+1","Defend_R","Defend_R","Defend_R","Bash","Thunderclap+1","Shrug It Off+1","Carnage+1","Pommel Strike","Armaments+1","Offering+1","Perfected Strike+1","Bite+1","Bite","Bite","Bite","Bite"],"relics":["Burning Blood","Regal Pillow","Dream Catcher","Tiny Chest","Juzu Bracelet","Golden Idol","Coffee Dripper","Orichalcum","Vajra","Nilry\u0027s Codex","Art of War"],"potions_floor_usage":[7,16,18,18,24,29,33,33,33],"damage_taken":[{"damage":0,"enemies":"2 Louse","floor":1,"turns":3},{"damage":12,"enemies":"Jaw Worm","floor":3,"turns":3},{"damage":29,"enemies":"Lagavulin","floor":7,"turns":5},{"damage":0,"enemies":"Cultist","floor":13,"turns":2},{"damage":9,"enemies":"2 Fungi Beasts","floor":14,"turns":2},{"damage":65,"enemies":"Hexaghost","floor":16,"turns":11},{"damage":23,"enemies":"2 Thieves","floor":18,"turns":4},{"damage":6,"enemies":"Shell Parasite","floor":24,"turns":3},{"damage":12,"enemies":"Cultist and Chosen","floor":29,"turns":4},{"damage":86,"enemies":"Champ","floor":33,"turns":9}],"seed_played":"3954539257972595153","potions_obtained":[{"floor":3,"key":"EssenceOfSteel"},{"floor":14,"key":"PowerPotion"},{"floor":16,"key":"EntropicBrew"},{"floor":24,"key":"Weak Potion"},{"floor":29,"key":"Weak Potion"}],"is_trial":false,"path_per_floor":["M","?","M","$","?","R","E","R","T","R","?","?","M","M","R","B",null,"M","$","?","?","?","R","M","?","T","$","?","M","R","?","R"],"character_chosen":"IRONCLAD","items_purchased":["Shrug It Off","Carnage","Orichalcum","Strength Potion"],"campfire_rested":1,"item_purchase_floors":[4,4,19,19],"current_hp_per_floor":[80,64,58,58,55,55,32,71,71,71,51,71,77,74,74,15,80,63,63,63,63,63,63,63,47,47,47,47,50,50,50,50,0],"gold":7,"neow_bonus":"RANDOM_COMMON_RELIC","is_prod":false,"is_daily":false,"chose_seed":false,"campfire_upgraded":6,"win_rate":0,"timestamp":1537561505,"path_taken":["M","?","M","$","?","R","E","R","T","R","?","?","M","M","R","BOSS","M","$","?","?","?","R","M","?","T","$","?","M","R","?","R","BOSS"],"build_version":"2018-09-20","purchased_purges":0,"victory":false,"max_hp_per_floor":[80,80,80,80,80,80,80,80,80,80,80,80,80,80,80,80,80,80,80,80,80,80,80,80,80,80,80,56,56,56,56,56,56],"card_choices":[{"not_picked":["Wild Strike","Clash","Evolve"],"picked":"SKIP","floor":1},{"not_picked":["Seeing Red","Bloodletting"],"picked":"Thunderclap","floor":3},{"not_picked":["Warcry","Disarm"],"picked":"Pommel Strike","floor":7},{"not_picked":["Rampage","Body Slam","Fire Breathing"],"picked":"SKIP","floor":13},{"not_picked":["Feel No Pain","Pommel Strike"],"picked":"Armaments","floor":14},{"not_picked":["Berserk","Reaper"],"picked":"Offering","floor":16},{"not_picked":["Pummel","Blood for Blood","Bloodletting"],"picked":"SKIP","floor":18},{"not_picked":["Iron Wave","Bloodletting"],"picked":"Perfected Strike+1","floor":24},{"not_picked":["Ghostly Armor","Anger+1","Headbutt"],"picked":"SKIP","floor":29}],"player_experience":377836,"relics_obtained":[{"floor":7,"key":"Tiny Chest"},{"floor":9,"key":"Juzu Bracelet"},{"floor":25,"key":"Nilry\u0027s Codex"},{"floor":26,"key":"Art of War"}],"event_choices":[{"event_name":"Shining Light","player_choice":"Entered Light","floor":2,"damage_taken":0},{"event_name":"Scrap Ooze","player_choice":"success","floor":5,"damage_taken":3},{"event_name":"Golden Idol","player_choice":"Take Damage","floor":11,"damage_taken":0},{"event_name":"The Cleric","player_choice":"Healed","floor":12,"damage_taken":0},{"event_name":"Nest","player_choice":"Stole From Cult","floor":20,"damage_taken":0},{"event_name":"Masked Bandits","player_choice":"Paid Fearfully","floor":21,"damage_taken":0},{"event_name":"Addict","player_choice":"Stole Relic","floor":22,"damage_taken":0},{"event_name":"Cursed Tome","player_choice":"Obtained Book","floor":25,"damage_taken":0},{"event_name":"Vampires","player_choice":"Became a vampire","floor":28,"damage_taken":0},{"event_name":"Beggar","player_choice":"Gave Gold","floor":31,"damage_taken":0}],"is_beta":false,"boss_relics":[{"not_picked":["Ectoplasm","Runic Dome"],"picked":"Coffee Dripper"}],"items_purged_floors":[],"is_endless":false,"potions_floor_spawned":[3,14,16,24,29],"killed_by":"Champ","ascension_level":2}