{"gold_per_floor":[112,62,137,157,8,8,35,51,51,80,80,80,142,142,142,240,240,252,80,97,45,45,75,90,90,90,109,109,126,226,252,252,356,356,374,374,227,227,245,245,245,245,245,256,256,290,52,79,79,79],"floor_reached":50,"playtime":1381,"items_purged":["Strike_B","Defend_B","Dualcast"],"score":748,"play_id":"35706e97-161a-4165-8351-58cdff89afd4","local_time":"20190325202704","is_ascension_mode":true,"campfire_choices":[{"data":"Gash","floor":6,"key":"SMITH"},{"data":"Zap","floor":11,"key":"SMITH"},{"data":"Sweeping Beam","floor":15,"key":"SMITH"},{"data":"Hyperbeam","floor":25,"key":"SMITH"},{"floor":28,"key":"REST"},{"floor":32,"key":"REST"},{"floor":40,"key":"REST"},{"floor":42,"key":"REST"},{"data":"Flash of Steel","floor":45,"key":"SMITH"},{"floor":49,"key":"REST"}],"neow_cost":"NONE","seed_source_timestamp":7939457566333252,"circlet_count":0,"master_deck":["Strike_B+1","Strike_B+1","Defend_B+1","Defend_B+1","Defend_B","Zap+1","Gash+1","Gash","Gash","All For One","Sweeping Beam+1","Hyperbeam+1","Flash of Steel+1","Gash","Swift Strike","Steam Power","All For One","Gash+1","Skim+1","Secret Technique+1"],"relics":["Cracked Core","NeowsBlessing","Whetstone","Pantograph","Symbiotic Virus","Vajra","Tiny Chest","Busted Crown","Centennial Puzzle","Matryoshka","Calipers","Toxic Egg 2","Dream Catcher","Sozu","Smiling Mask","Nunchaku","Pear","Blood Vial"],"potions_floor_usage":[13,16,30,38,50],"damage_taken":[{"damage":0,"enemies":"2 Louse","floor":1,"turns":1},{"damage":0,"enemies":"Small Slimes","floor":4,"turns":1},{"damage":0,"enemies":"Gremlin Nob","floor":7,"turns":1},{"damage":2,"enemies":"Jaw Worm","floor":8,"turns":3},{"damage":15,"enemies":"Lagavulin","floor":10,"turns":4},{"damage":2,"enemies":"3 Sentries","floor":13,"turns":3},{"damage":0,"enemies":"Slime Boss","floor":16,"turns":5},{"damage":0,"enemies":"Spheric Guardian","floor":18,"turns":3},{"damage":4,"enemies":"Shell Parasite","floor":20,"turns":3},{"damage":23,"enemies":"Slavers","floor":23,"turns":3},{"damage":4,"enemies":"3 Cultists","floor":24,"turns":3},{"damage":18,"enemies":"Snake Plant","floor":27,"turns":3},{"damage":0,"enemies":"Sentry and Sphere","floor":29,"turns":1},{"damage":14,"enemies":"Colosseum Slavers","floor":30,"turns":2},{"damage":0,"enemies":"Colosseum Nobs","floor":30,"turns":3},{"damage":17,"enemies":"Gremlin Leader","floor":31,"turns":3},{"damage":6,"enemies":"Collector","floor":33,"turns":7},{"damage":11,"enemies":"Orb Walker","floor":35,"turns":2},{"damage":0,"enemies":"3 Shapes","floor":38,"turns":1},{"damage":33,"enemies":"Jaw Worm Horde","floor":39,"turns":2},{"damage":1,"enemies":"Maw","floor":44,"turns":3},{"damage":8,"enemies":"Nemesis","floor":46,"turns":3},{"damage":22,"enemies":"Reptomancer","floor":48,"turns":3},{"damage":82,"enemies":"Time Eater","floor":50,"turns":4}],"seed_played":"4957166874496531652","potions_obtained":[{"floor":7,"key":"Strength Potion"},{"floor":13,"key":"AttackPotion"},{"floor":20,"key":"Dexterity Potion"},{"floor":30,"key":"SpeedPotion"},{"floor":31,"key":"SmokeBomb"},{"floor":33,"key":"SkillPotion"}],"is_trial":false,"path_per_floor":["M","?","?","M","$","R","E","M","T","E","R","?","E","?","R","B",null,"M","$","M","$","?","E","M","R","T","M","R","M","?","E","R","B",null,"M","?","$","M","M","R","?","R","T","M","R","E","$","E","R","B"],"character_chosen":"DEFECT","items_purchased":["Whetstone","Flash of Steel","Gash","Coolheaded+1","Secret Technique+1"],"campfire_rested":5,"item_purchase_floors":[5,19,21,37,47],"current_hp_per_floor":[75,75,64,64,64,64,64,62,62,47,47,32,30,55,55,75,75,75,75,71,71,57,34,30,30,30,12,34,34,20,3,25,44,75,64,64,64,64,31,52,52,71,71,70,70,72,72,50,74,0],"gold":79,"neow_bonus":"THREE_ENEMY_KILL","is_prod":false,"is_daily":false,"chose_seed":false,"campfire_upgraded":5,"win_rate":0,"timestamp":1553560024,"path_taken":["M","?","?","M","?","R","E","M","T","E","R","?","E","?","R","BOSS","M","$","M","$","?","E","M","R","T","?","R","M","?","E","R","BOSS","M","?","$","M","M","R","?","R","T","M","R","E","?","E","R","BOSS"],"build_version":"2019-01-23","purchased_purges":3,"victory":false,"max_hp_per_floor":[75,75,75,75,75,75,75,75,75,75,75,75,75,75,75,75,75,75,75,75,75,75,75,75,75,75,75,75,75,75,75,75,75,75,75,71,71,71,71,71,71,71,71,71,71,81,81,81,81,81],"card_choices":[{"not_picked":["Turbo","Sweeping Beam"],"picked":"Gash","floor":1},{"not_picked":["Doom and Gloom","Coolheaded"],"picked":"Gash","floor":4},{"not_picked":["Leap","White Noise","Aggregate"],"picked":"SKIP","floor":7},{"not_picked":["Sweeping Beam","Redo"],"picked":"Gash","floor":8},{"not_picked":["Conserve Battery","Static Discharge"],"picked":"All For One","floor":10},{"not_picked":["Genetic Algorithm","Storm"],"picked":"Sweeping Beam","floor":13},{"not_picked":["Multi-Cast","Biased Cognition"],"picked":"Hyperbeam","floor":16},{"not_picked":["Compile Driver+1"],"picked":"SKIP","floor":18},{"not_picked":["Streamline"],"picked":"SKIP","floor":20},{"not_picked":["Hello World+1"],"picked":"SKIP","floor":23},{"not_picked":["BootSequence"],"picked":"SKIP","floor":24},{"not_picked":["Leap"],"picked":"SKIP","floor":27},{"not_picked":[],"picked":"Steam Power","floor":29},{"not_picked":["Streamline"],"picked":"SKIP","floor":31},{"not_picked":[],"picked":"All For One","floor":33},{"not_picked":["Compile Driver"],"picked":"SKIP","floor":35},{"not_picked":[],"picked":"Gash+1","floor":39},{"not_picked":[],"picked":"Skim+1","floor":42},{"not_picked":["Reinforced Body+1"],"picked":"SKIP","floor":44},{"not_picked":["Undo+1"],"picked":"SKIP","floor":46},{"not_picked":["Heatsinks+1"],"picked":"SKIP","floor":48}],"player_experience":501332,"relics_obtained":[{"floor":7,"key":"Pantograph"},{"floor":9,"key":"Symbiotic Virus"},{"floor":10,"key":"Vajra"},{"floor":13,"key":"Tiny Chest"},{"floor":23,"key":"Centennial Puzzle"},{"floor":26,"key":"Matryoshka"},{"floor":30,"key":"Calipers"},{"floor":30,"key":"Toxic Egg 2"},{"floor":31,"key":"Dream Catcher"},{"floor":43,"key":"Smiling Mask"},{"floor":43,"key":"Nunchaku"},{"floor":46,"key":"Pear"},{"floor":48,"key":"Blood Vial"}],"event_choices":[{"cards_removed":["Strike_B"],"damage_healed":0,"gold_gain":0,"player_choice":"Card Removal","damage_taken":0,"max_hp_gain":0,"max_hp_loss":0,"event_name":"The Cleric","floor":2,"gold_loss":50},{"damage_healed":0,"gold_gain":75,"player_choice":"Gather Gold","damage_taken":11,"max_hp_gain":0,"max_hp_loss":0,"event_name":"World of Goop","floor":3,"gold_loss":0},{"damage_healed":0,"gold_gain":0,"player_choice":"Entered Light","damage_taken":15,"max_hp_gain":0,"max_hp_loss":0,"event_name":"Shining Light","floor":12,"gold_loss":0,"cards_upgraded":["Defend_B","Defend_B"]},{"damage_healed":25,"gold_gain":0,"player_choice":"Banana","damage_taken":0,"max_hp_gain":0,"max_hp_loss":0,"event_name":"Big Fish","floor":14,"gold_loss":0},{"damage_healed":0,"gold_gain":0,"player_choice":"CARD ","damage_taken":14,"max_hp_gain":0,"max_hp_loss":0,"event_name":"Knowing Skull","floor":22,"potions_obtained":[],"gold_loss":0,"cards_obtained":["Swift Strike"]},{"damage_healed":0,"gold_gain":0,"player_choice":"Fight","damage_taken":0,"max_hp_gain":0,"max_hp_loss":0,"event_name":"Colosseum","floor":30,"gold_loss":0},{"damage_healed":0,"gold_gain":0,"player_choice":"Fought Nobs","damage_taken":0,"max_hp_gain":0,"max_hp_loss":0,"event_name":"Colosseum","floor":30,"gold_loss":0},{"damage_healed":0,"gold_gain":0,"player_choice":"Max HP","damage_taken":0,"max_hp_gain":0,"max_hp_loss":4,"event_name":"Winding Halls","floor":36,"gold_loss":0},{"cards_removed":["Coolheaded"],"damage_healed":0,"gold_gain":0,"player_choice":"Removed Skill","damage_taken":0,"max_hp_gain":0,"max_hp_loss":0,"event_name":"Falling","floor":41,"gold_loss":0}],"is_beta":false,"boss_relics":[{"not_picked":["FrozenCore","Coffee Dripper"],"picked":"Busted Crown"},{"not_picked":["Eternal Feather","Pandora\u0027s Box"],"picked":"Sozu"}],"items_purged_floors":[19,37,47],"is_endless":false,"potions_floor_spawned":[7,13,20,30,31,33,35,39,46,48],"killed_by":"Time Eater","ascension_level":3}