{"gold_per_floor":[109,384,57,74,84,113,125,59,84,84,102,119,69,80,80,184,184,174,74,74,93,18,18,31,49,49,49,49,49,49,60,60,157,157,176,0,0,0,12,12,29,48,48,48,48,103,120,136,136,136],"floor_reached":50,"playtime":4614,"items_purged":["Regret","Strike_R"],"score":444,"play_id":"703c58be-6c9f-48bb-a288-cffebfbaa5a1","local_time":"20190210113452","is_ascension_mode":false,"campfire_choices":[{"floor":7,"key":"RECALL"},{"data":"Rage","floor":10,"key":"SMITH"},{"data":"Rampage","floor":15,"key":"SMITH"},{"data":"Inflame","floor":23,"key":"SMITH"},{"data":"Rampage","floor":27,"key":"SMITH"},{"data":"RitualDagger","floor":29,"key":"SMITH"},{"data":"Flex","floor":32,"key":"SMITH"},{"data":"Battle Trance","floor":40,"key":"SMITH"},{"data":"Headbutt","floor":45,"key":"SMITH"},{"floor":49,"key":"REST"}],"neow_cost":"NONE","seed_source_timestamp":7243602299101,"circlet_count":0,"master_deck":["Strike_R","Defend_R","Defend_R","Defend_R","Defend_R","Bash","Rage+1","Shrug It Off","Rampage+1","Flex+1","Inflame+1","Rampage+1","Metallicize","Impervious","Battle Trance+1","Headbutt+1","RitualDagger+1","Headbutt+1","Shrug It Off","Flex+1","Madness","Madness","Shrug It Off"],"relics":["Burning Blood","TheAbacus","MawBank","Sozu","Ginger","Enchiridion","Velvet Choker","Red Mask","Torii","Paper Frog","Blood Vial"],"potions_floor_usage":[6,6,25],"damage_taken":[{"damage":5,"enemies":"Jaw Worm","floor":1,"turns":4},{"damage":0,"enemies":"Cultist","floor":4,"turns":4},{"damage":0,"enemies":"Small Slimes","floor":5,"turns":3},{"damage":8,"enemies":"Gremlin Nob","floor":6,"turns":3},{"damage":10,"enemies":"Exordium Wildlife","floor":11,"turns":3},{"damage":9,"enemies":"Blue Slaver","floor":12,"turns":4},{"damage":10,"enemies":"Large Slime","floor":14,"turns":5},{"damage":34,"enemies":"The Guardian","floor":16,"turns":11},{"damage":2,"enemies":"2 Thieves","floor":18,"turns":4},{"damage":4,"enemies":"Chosen","floor":21,"turns":6},{"damage":2,"enemies":"Snecko","floor":24,"turns":7},{"damage":5,"enemies":"Sentry and Sphere","floor":25,"turns":6},{"damage":0,"enemies":"Centurion and Healer","floor":31,"turns":5},{"damage":50,"enemies":"Collector","floor":33,"turns":11},{"damage":21,"enemies":"Orb Walker","floor":35,"turns":4},{"damage":3,"enemies":"3 Shapes","floor":39,"turns":4},{"damage":0,"enemies":"Sphere and 2 Shapes","floor":41,"turns":4},{"damage":23,"enemies":"4 Shapes","floor":42,"turns":5},{"damage":1,"enemies":"Maw","floor":47,"turns":7},{"damage":13,"enemies":"Writhing Mass","floor":48,"turns":5},{"damage":86,"enemies":"Time Eater","floor":50,"turns":7}],"seed_played":"6675301803768394403","potions_obtained":[{"floor":1,"key":"SteroidPotion"},{"floor":5,"key":"AttackPotion"},{"floor":14,"key":"Explosive Potion"},{"floor":16,"key":"LiquidBronze"}],"is_trial":false,"path_per_floor":["?","M","M","?","?","?","?","?","?","?","M","?","T","M"],"character_chosen":"IRONCLAD","items_purchased":["TheAbacus","Shrug It Off","Rampage"],"campfire_rested":1,"item_purchase_floors":[3,3,8],"current_hp_per_floor":[88,88,88,88,88,86,86,86,86,86,82,79,79,75,75,47,88,88,88,88,88,88,88,88,88,88,88,82,82,66,72,72,28,88,73,73,73,73,76,76,82,65,65,54,54,54,61,56,82,0],"gold":136,"neow_bonus":"TEN_PERCENT_HP_BONUS","is_prod":false,"is_daily":false,"chose_seed":false,"campfire_upgraded":8,"win_rate":0,"timestamp":1549809292,"path_taken":["M","?","$","M","?","E","R","$","T","R","?","M","?","M","R","BOSS","M","$","?","M","?","R","M","M","T","R","?","R","?","M","R","BOSS","M","?","$","?","?","R","M","M","T","?","R","?","M","?","R","BOSS"],"build_version":"2019-01-23","purchased_purges":2,"victory":false,"max_hp_per_floor":[88,88,88,88,88,88,88,88,88,88,88,88,88,88,88,88,88,88,88,88,88,88,88,88,88,88,88,88,88,88,88,88,88,88,88,88,88,88,88,88,88,88,88,88,88,88,88,88,88,88],"card_choices":[{"not_picked":["Feel No Pain","Shrug It Off"],"picked":"Rage","floor":1},{"not_picked":["Infernal Blade","Flame Barrier"],"picked":"Rampage","floor":4},{"not_picked":["True Grit","Havoc"],"picked":"Flex","floor":5},{"not_picked":["True Grit","Ghostly Armor"],"picked":"Inflame","floor":6},{"not_picked":["Pummel","Uppercut","Cleave"],"picked":"SKIP","floor":11},{"not_picked":["Blood for Blood","Rupture","True Grit"],"picked":"SKIP","floor":12},{"not_picked":["Pommel Strike","Intimidate"],"picked":"Metallicize","floor":14},{"not_picked":["Barricade","Offering"],"picked":"Impervious","floor":16},{"not_picked":["Thunderclap","Heavy Blade","Havoc"],"picked":"SKIP","floor":18},{"not_picked":["Wild Strike","Bloodletting+1"],"picked":"Battle Trance","floor":21},{"not_picked":["Havoc","Body Slam","Thunderclap"],"picked":"SKIP","floor":24},{"not_picked":["Inflame","Pummel"],"picked":"Headbutt","floor":25},{"not_picked":["Sentinel","Immolate","Wild Strike"],"picked":"SKIP","floor":31},{"not_picked":["Armaments+1","Blood for Blood+1"],"picked":"Headbutt+1","floor":35},{"not_picked":["Body Slam+1","Wild Strike+1"],"picked":"Shrug It Off","floor":39},{"not_picked":["Second Wind+1","Bloodletting"],"picked":"Flex+1","floor":41},{"not_picked":["Wild Strike","Clothesline","Spot Weakness"],"picked":"SKIP","floor":42},{"not_picked":["Power Through+1","Cleave+1"],"picked":"Shrug It Off","floor":47},{"not_picked":["Bloodletting+1","Offering","Rampage+1"],"picked":"SKIP","floor":48}],"player_experience":150780,"relics_obtained":[{"floor":6,"key":"MawBank"},{"floor":26,"key":"Ginger"},{"floor":30,"key":"Enchiridion"},{"floor":43,"key":"Paper Frog"},{"floor":46,"key":"Blood Vial"}],"event_choices":[{"damage_healed":0,"gold_gain":275,"player_choice":"Desecrate","damage_taken":0,"max_hp_gain":0,"max_hp_loss":0,"event_name":"Golden Shrine","floor":2,"gold_loss":0,"cards_obtained":["Regret"]},{"cards_removed":["Strike_R"],"damage_healed":0,"gold_gain":0,"player_choice":"Card Removal","damage_taken":0,"max_hp_gain":0,"max_hp_loss":0,"event_name":"The Cleric","floor":13,"gold_loss":50},{"cards_removed":["Strike_R"],"damage_healed":0,"gold_gain":0,"player_choice":"Elegance","damage_taken":0,"max_hp_gain":0,"max_hp_loss":0,"event_name":"Back to Basics","floor":20,"gold_loss":0},{"cards_removed":["Strike_R"],"damage_healed":0,"gold_gain":0,"player_choice":"Gave Gold","damage_taken":0,"max_hp_gain":0,"max_hp_loss":0,"event_name":"Beggar","floor":22,"gold_loss":75},{"damage_healed":0,"gold_gain":0,"player_choice":"Joined the Cult","damage_taken":6,"max_hp_gain":0,"max_hp_loss":0,"event_name":"Nest","floor":28,"gold_loss":0,"cards_obtained":["RitualDagger"]},{"damage_healed":0,"gold_gain":0,"player_choice":"Obtained Book","damage_taken":16,"max_hp_gain":0,"max_hp_loss":0,"event_name":"Cursed Tome","floor":30,"gold_loss":0},{"damage_healed":0,"gold_gain":0,"player_choice":"Paid","damage_taken":0,"relics_obtained":["Red Mask"],"max_hp_gain":0,"max_hp_loss":0,"event_name":"Tomb of Lord Red Mask","floor":36,"gold_loss":176},{"damage_healed":0,"gold_gain":0,"player_choice":"Gave Potion","damage_taken":0,"relics_obtained":["Torii"],"max_hp_gain":0,"max_hp_loss":0,"event_name":"WeMeetAgain","floor":38,"gold_loss":0},{"damage_healed":0,"gold_gain":0,"player_choice":"Embrace Madness","damage_taken":11,"max_hp_gain":0,"max_hp_loss":0,"event_name":"Winding Halls","floor":44,"gold_loss":0,"cards_obtained":["Madness","Madness"]}],"is_beta":false,"boss_relics":[{"not_picked":["Coffee Dripper","Busted Crown"],"picked":"Sozu"},{"not_picked":["Pandora\u0027s Box","Runic Dome"],"picked":"Velvet Choker"}],"items_purged_floors":[3,19],"is_endless":false,"potions_floor_spawned":[1,5,14,16,24,31,33,41,47],"killed_by":"Time Eater","ascension_level":0}