{"gold_per_floor":[114,126,126,126,301,301,301,319,319,209,225,246,246,262,262,262],"floor_reached":16,"playtime":311,"items_purged":["Doubt"],"score":101,"play_id":"7fb50adb-52fe-4357-b5b4-d9e62f2729d9","local_time":"20180923223150","is_ascension_mode":true,"campfire_choices":[{"data":"Gash","floor":6,"key":"SMITH"},{"data":"Gash","floor":15,"key":"SMITH"}],"neow_cost":"NONE","seed_source_timestamp":214054210742837,"circlet_count":0,"master_deck":["Strike_B","Strike_B","Strike_B","Strike_B","Defend_B+1","Defend_B","Defend_B","Defend_B+1","Dualcast","Gash+1","Melter","Streamline","Gash+1"],"relics":["Cracked Core","Golden Idol","Turnip"],"potions_floor_usage":[1,2,16,16],"damage_taken":[{"damage":10,"enemies":"Small Slimes","floor":1,"turns":2},{"damage":9,"enemies":"Jaw Worm","floor":2,"turns":3},{"damage":0,"enemies":"2 Louse","floor":8,"turns":3},{"damage":2,"enemies":"Large Slime","floor":11,"turns":5},{"damage":0,"enemies":"Blue Slaver","floor":12,"turns":3},{"damage":17,"enemies":"Gremlin Gang","floor":14,"turns":4},{"damage":54,"enemies":"Hexaghost","floor":16,"turns":7}],"seed_played":"-470631129036121165","potions_obtained":[{"floor":0,"key":"PowerPotion"},{"floor":0,"key":"Ancient Potion"},{"floor":0,"key":"Fruit Juice"},{"floor":8,"key":"SteroidPotion"},{"floor":14,"key":"Explosive Potion"}],"is_trial":false,"path_per_floor":["M","M","?","?","?","R","?","M","T","$","M","M","?","M","R"],"character_chosen":"DEFECT","items_purchased":["Melter"],"campfire_rested":0,"item_purchase_floors":[10],"current_hp_per_floor":[70,68,52,78,78,78,74,74,74,74,72,72,65,48,48,0],"gold":262,"neow_bonus":"THREE_SMALL_POTIONS","is_prod":false,"is_daily":false,"chose_seed":false,"campfire_upgraded":2,"win_rate":0,"timestamp":1537756310,"path_taken":["M","M","?","?","?","R","?","?","T","$","M","M","?","M","R","BOSS"],"build_version":"2018-09-20","purchased_purges":1,"victory":false,"max_hp_per_floor":[80,80,80,80,80,80,74,74,74,74,74,74,74,74,74,74],"card_choices":[{"not_picked":["Leap","Beam Cell"],"picked":"Gash","floor":1},{"not_picked":["Compile Driver","Heatsinks","Streamline"],"picked":"SKIP","floor":2},{"not_picked":["Reprogram","Coolheaded","Aggregate"],"picked":"SKIP","floor":8},{"not_picked":["Ball Lightning","Cold Snap","Biased Cognition"],"picked":"SKIP","floor":11},{"not_picked":["Ball Lightning","Coolheaded"],"picked":"Streamline","floor":12},{"not_picked":["BootSequence","Beam Cell"],"picked":"Gash","floor":14}],"player_experience":391239,"relics_obtained":[{"floor":9,"key":"Turnip"}],"event_choices":[{"event_name":"Shining Light","player_choice":"Entered Light","floor":3,"damage_taken":0},{"event_name":"Big Fish","player_choice":"Banana","floor":4,"damage_taken":0},{"event_name":"Liars Game","player_choice":"agreed","floor":5,"damage_taken":0},{"event_name":"Golden Idol","player_choice":"Lose Max HP","floor":7,"damage_taken":0},{"event_name":"Golden Wing","player_choice":"Card Removal","floor":13,"damage_taken":0}],"is_beta":false,"boss_relics":[],"items_purged_floors":[10],"is_endless":false,"potions_floor_spawned":[8,14],"killed_by":"Hexaghost","ascension_level":2}