{"gold_per_floor":[110,110,124,24,24,24,24,24,24,24,47,47,71,94,94,219,219,242,242,263,279,75,75,75,75,75,23,36,36,36,54,54,54],"floor_reached":33,"playtime":754,"items_purged":["Dualcast","Defend_B"],"score":259,"play_id":"52e596c5-fa64-436d-9feb-1170b51dd24a","local_time":"20180923222630","is_ascension_mode":true,"campfire_choices":[{"data":"Sweeping Beam","floor":6,"key":"SMITH"},{"data":"Defend_B","floor":8,"key":"SMITH"},{"data":"Strike_B","floor":10,"key":"SMITH"},{"data":"Beam Cell","floor":15,"key":"SMITH"},{"data":"Gash","floor":23,"key":"SMITH"},{"floor":32,"key":"REST"}],"neow_cost":"NONE","seed_source_timestamp":213291419831659,"circlet_count":0,"master_deck":["Strike_B","Strike_B+1","Strike_B","Strike_B","Defend_B","Defend_B+1","Defend_B","Sweeping Beam+1","Beam Cell+1","Seek","Gash+1","Gash+1","Flash of Steel","Reboot","Sweeping Beam","Go for the Eyes+1"],"relics":["Cracked Core","Bloody Idol","Ice Cream","Question Card","Darkstone Periapt","Nuclear Battery","Cables"],"potions_floor_usage":[3,16,16,28,28],"damage_taken":[{"damage":7,"enemies":"Small Slimes","floor":1,"turns":4},{"damage":0,"enemies":"2 Louse","floor":3,"turns":1},{"damage":7,"enemies":"Jaw Worm","floor":11,"turns":3},{"damage":9,"enemies":"2 Fungi Beasts","floor":13,"turns":2},{"damage":4,"enemies":"Lots of Slimes","floor":14,"turns":2},{"damage":37,"enemies":"The Guardian","floor":16,"turns":13},{"damage":23,"enemies":"2 Thieves","floor":18,"turns":4},{"damage":7,"enemies":"Chosen","floor":20,"turns":3},{"damage":24,"enemies":"3 Cultists","floor":21,"turns":5},{"damage":9,"enemies":"Centurion and Healer","floor":28,"turns":2},{"damage":8,"enemies":"Chosen and Byrds","floor":31,"turns":3},{"damage":54,"enemies":"Champ","floor":33,"turns":9}],"seed_played":"-3715796128854705772","potions_obtained":[{"floor":1,"key":"GamblersBrew"},{"floor":11,"key":"EssenceOfSteel"},{"floor":13,"key":"Swift Potion"},{"floor":18,"key":"Energy Potion"},{"floor":21,"key":"Dexterity Potion"}],"is_trial":false,"path_per_floor":["M","?","M","$","?","R","T","R","T","R","M","$","M","M","R","B",null,"M","?","M","M","$","R","?","?","T","$","M","?","$","M","R"],"character_chosen":"DEFECT","items_purchased":["Sweeping Beam","AttackPotion","AttackPotion","Sweeping Beam"],"campfire_rested":1,"item_purchase_floors":[4,22,22,27],"current_hp_per_floor":[68,68,68,68,61,61,61,61,61,61,54,54,45,41,41,4,69,46,69,62,38,38,38,38,38,38,38,29,29,29,26,46,0],"gold":54,"neow_bonus":"REMOVE_CARD","is_prod":false,"is_daily":false,"chose_seed":false,"campfire_upgraded":5,"win_rate":0,"timestamp":1537755990,"path_taken":["M","?","M","$","?","R","?","R","T","R","?","$","M","M","R","BOSS","M","?","M","?","$","R","?","?","T","?","M","?","$","?","R","BOSS"],"build_version":"2018-09-20","purchased_purges":2,"victory":false,"max_hp_per_floor":[75,69,69,69,69,69,69,69,69,69,69,69,69,69,69,69,69,69,69,69,69,69,69,69,69,69,69,69,69,69,69,69,69],"card_choices":[{"not_picked":["Lockon","Steam","Chaos"],"picked":"SKIP","floor":1},{"not_picked":["Cold Snap","Reprogram","Stack"],"picked":"SKIP","floor":3},{"not_picked":["Compile Driver","BootSequence","Cold Snap"],"picked":"Beam Cell","floor":11},{"not_picked":["Barrage","Tempest","Ball Lightning","Go for the Eyes"],"picked":"SKIP","floor":13},{"not_picked":["Genetic Algorithm","Doom and Gloom","Barrage","Coolheaded"],"picked":"SKIP","floor":14},{"not_picked":["Amplify","Thunder Strike","Machine Learning"],"picked":"Seek","floor":16},{"not_picked":["Heatsinks","Beam Cell","Stack","Melter"],"picked":"SKIP","floor":18},{"not_picked":["Fusion+1","Barrage+1","Coolheaded+1"],"picked":"Gash","floor":20},{"not_picked":["Barrage","Chill","Aggregate","Compile Driver"],"picked":"SKIP","floor":21},{"not_picked":["Leap","Ball Lightning","White Noise"],"picked":"Go for the Eyes+1","floor":28},{"not_picked":["Turbo+1","Consume","Leap","Chill"],"picked":"SKIP","floor":31}],"player_experience":390485,"relics_obtained":[{"floor":7,"key":"Question Card"},{"floor":9,"key":"Darkstone Periapt"},{"floor":26,"key":"Cables"}],"event_choices":[{"event_name":"Golden Idol","player_choice":"Lose Max HP","floor":2,"damage_taken":0},{"event_name":"Scrap Ooze","player_choice":"success","floor":5,"damage_taken":7},{"event_name":"Wheel of Change","player_choice":"Full Heal","floor":19,"damage_taken":0},{"event_name":"Duplicator","player_choice":"One dupe","floor":24,"damage_taken":0},{"event_name":"Match and Keep!","player_choice":"2 cards matched","floor":25,"damage_taken":0},{"event_name":"Forgotten Altar","player_choice":"Gave Idol","floor":29,"damage_taken":0}],"is_beta":false,"boss_relics":[{"not_picked":["Velvet Choker","Pandora\u0027s Box"],"picked":"Nuclear Battery"}],"items_purged_floors":[4,22],"is_endless":false,"potions_floor_spawned":[1,11,13,18,21],"killed_by":"Champ","ascension_level":2}