{"gold_per_floor":[110,125,136,149,164,194,194,50,50,50,50,64,98,115,115,115],"floor_reached":16,"playtime":1643,"items_purged":["Strike_G"],"score":164,"play_id":"cb001f97-ca6e-487c-abe8-002abc48eba1","local_time":"20190325202500","is_ascension_mode":false,"campfire_choices":[{"data":"Neutralize","floor":11,"key":"SMITH"},{"data":"Dash","floor":15,"key":"SMITH"}],"neow_cost":"NONE","seed_source_timestamp":351451852586973,"circlet_count":0,"master_deck":["Defend_G","Defend_G","Defend_G","Defend_G","Defend_G","Strike_G","Strike_G","Strike_G","Strike_G","Survivor","Neutralize+1","Dash+1","Caltrops"],"relics":["Ring of the Snake","Oddly Smooth Stone","Matryoshka","Bag of Marbles","Pear","Strawberry"],"potions_floor_usage":[6,13,13,13,16,16],"damage_taken":[{"damage":0,"enemies":"Small Slimes","floor":1,"turns":4},{"damage":0,"enemies":"Cultist","floor":2,"turns":5},{"damage":0,"enemies":"Jaw Worm","floor":3,"turns":7},{"damage":3,"enemies":"Large Slime","floor":4,"turns":9},{"damage":0,"enemies":"Red Slaver","floor":5,"turns":3},{"damage":21,"enemies":"3 Sentries","floor":6,"turns":12},{"damage":0,"enemies":"2 Fungi Beasts","floor":12,"turns":3},{"damage":0,"enemies":"Gremlin Nob","floor":13,"turns":3},{"damage":0,"enemies":"Large Slime","floor":14,"turns":7},{"damage":76,"enemies":"Slime Boss","floor":16,"turns":16}],"seed_played":"-7852212381751176977","potions_obtained":[{"floor":5,"key":"SpeedPotion"},{"floor":6,"key":"Regen Potion"},{"floor":7,"key":"AttackPotion"},{"floor":7,"key":"EssenceOfSteel"},{"floor":13,"key":"EssenceOfSteel"},{"floor":14,"key":"Block Potion"}],"is_trial":false,"path_per_floor":["?","$"],"character_chosen":"THE_SILENT","items_purchased":["Caltrops"],"campfire_rested":0,"item_purchase_floors":[8],"current_hp_per_floor":[70,70,70,67,67,46,46,46,56,56,56,56,72,72,72,0],"gold":115,"neow_bonus":"RANDOM_COMMON_RELIC","is_prod":false,"is_daily":false,"chose_seed":false,"campfire_upgraded":2,"win_rate":0,"timestamp":1553556300,"path_taken":["M","M","M","M","M","E","?","$","T","?","R","M","E","M","R","BOSS"],"build_version":"2019-01-23","purchased_purges":1,"victory":false,"max_hp_per_floor":[70,70,70,70,70,70,70,70,80,80,80,80,87,87,87,87],"card_choices":[{"not_picked":["Blade Dance","Deflect","Acrobatics"],"picked":"SKIP","floor":1},{"not_picked":["Flying Knee","Underhanded Strike","Bane"],"picked":"SKIP","floor":2},{"not_picked":["Dagger Throw","Slice"],"picked":"Dash","floor":3},{"not_picked":["Concentrate","Prepared","Poisoned Stab"],"picked":"SKIP","floor":4},{"not_picked":["Endless Agony","Envenom","Flying Knee"],"picked":"SKIP","floor":5},{"not_picked":["Dagger Throw","Deflect","Expertise"],"picked":"SKIP","floor":6},{"not_picked":["Bouncing Flask","Poisoned Stab","Blade Dance"],"picked":"SKIP","floor":12},{"not_picked":["Bane","Setup","PiercingWail"],"picked":"SKIP","floor":13},{"not_picked":["Finisher","Acrobatics","Bullet Time"],"picked":"SKIP","floor":14}],"player_experience":434866,"relics_obtained":[{"floor":6,"key":"Matryoshka"},{"floor":9,"key":"Bag of Marbles"},{"floor":9,"key":"Pear"},{"floor":13,"key":"Strawberry"}],"event_choices":[{"damage_healed":0,"gold_gain":0,"player_choice":"Got Potions","damage_taken":0,"max_hp_gain":0,"max_hp_loss":0,"event_name":"Lab","floor":7,"gold_loss":0}],"is_beta":false,"boss_relics":[],"items_purged_floors":[8],"is_endless":false,"potions_floor_spawned":[5,6,13,14],"killed_by":"Slime Boss","ascension_level":0}