{"gold_per_floor":[109,34,34,50,50,50,50,68,113,113,129,143,167,177,177,177],"floor_reached":16,"playtime":495,"items_purged":["Defend_G"],"score":92,"play_id":"2cddd120-f287-465d-9d7b-e6db82fd92fd","local_time":"20180716103929","is_ascension_mode":false,"campfire_choices":[{"data":"Neutralize","floor":6,"key":"SMITH"},{"data":"Cloak And Dagger","floor":10,"key":"SMITH"},{"floor":15,"key":"REST"}],"neow_cost":"NONE","seed_source_timestamp":441294273756248,"circlet_count":0,"master_deck":["Defend_G","Defend_G","Defend_G","Strike_G","Strike_G","Strike_G","Strike_G","Strike_G","Survivor","Neutralize+1","Cloak And Dagger+1","Cloak And Dagger","Flying Knee"],"relics":["Runic Pyramid","Lantern","Ancient Tea Set"],"potions_floor_usage":[12],"damage_taken":[{"damage":3,"enemies":"Jaw Worm","floor":1,"turns":4},{"damage":4,"enemies":"2 Louse","floor":4,"turns":2},{"damage":6,"enemies":"Cultist","floor":8,"turns":4},{"damage":14,"enemies":"Exordium Thugs","floor":11,"turns":5},{"damage":7,"enemies":"Gremlin Gang","floor":12,"turns":3},{"damage":8,"enemies":"2 Fungi Beasts","floor":14,"turns":3},{"damage":49,"enemies":"Slime Boss","floor":16,"turns":8}],"seed_played":"-7042107859374128361","potions_obtained":[{"floor":4,"key":"Strength Potion"},{"floor":14,"key":"SpeedPotion"}],"is_trial":false,"path_per_floor":["M","$","?","M","$","R","$","M","T","R","M","M","T","M","R"],"character_chosen":"THE_SILENT","items_purchased":[],"campfire_rested":1,"item_purchase_floors":[],"current_hp_per_floor":[67,67,60,56,56,56,56,50,50,50,36,29,29,21,42,0],"gold":177,"neow_bonus":"BOSS_RELIC","is_prod":false,"is_daily":false,"chose_seed":false,"campfire_upgraded":2,"win_rate":0,"timestamp":1531751969,"path_taken":["M","$","?","M","$","R","?","M","T","R","?","M","?","M","R","BOSS"],"build_version":"2018-07-12","purchased_purges":1,"victory":false,"max_hp_per_floor":[70,70,70,70,70,70,70,70,70,70,70,70,70,70,70,70],"card_choices":[{"not_picked":["Deadly Poison","Dodge and Roll","Reflex"],"picked":"SKIP","floor":1},{"not_picked":["Caltrops","Slice","Catalyst"],"picked":"SKIP","floor":4},{"not_picked":["Infinite Blades","Slice"],"picked":"Cloak And Dagger","floor":8},{"not_picked":["Quick Slash","Terror"],"picked":"Cloak And Dagger","floor":11},{"not_picked":["Heel Hook","Calculated Gamble","Cloak And Dagger"],"picked":"SKIP","floor":12},{"not_picked":["PiercingWail","Backflip"],"picked":"Flying Knee","floor":14}],"player_experience":258104,"relics_obtained":[{"floor":9,"key":"Lantern"},{"floor":13,"key":"Ancient Tea Set"}],"event_choices":[{"event_name":"Golden Wing","player_choice":"Card Removal","floor":3,"damage_taken":0}],"boss_relics":[],"items_purged_floors":[2],"is_endless":false,"potions_floor_spawned":[4,14],"killed_by":"Slime Boss","ascension_level":0}