{"gold_per_floor":[117,117,42,55,75,75,88,88,112,12,12,12,24,40,40,40],"floor_reached":16,"playtime":402,"items_purged":["Dualcast","Defend_B"],"score":92,"play_id":"20e88c92-d992-4274-bf05-5674b1b3a233","local_time":"20180801123424","is_ascension_mode":false,"campfire_choices":[{"data":"Sweeping Beam","floor":6,"key":"SMITH"},{"floor":15,"key":"REST"}],"neow_cost":"NONE","seed_source_timestamp":1830706760764689,"circlet_count":0,"master_deck":["Strike_B","Strike_B","Strike_B","Strike_B","Defend_B","Rebound","Sweeping Beam+1","Reboot"],"relics":["Cracked Core","Regal Pillow"],"potions_floor_usage":[4,16,16],"damage_taken":[{"damage":0,"enemies":"2 Louse","floor":1,"turns":2},{"damage":6,"enemies":"Cultist","floor":4,"turns":3},{"damage":11,"enemies":"Jaw Worm","floor":5,"turns":3},{"damage":10,"enemies":"3 Louse","floor":7,"turns":3},{"damage":10,"enemies":"Looter","floor":13,"turns":2},{"damage":0,"enemies":"2 Fungi Beasts","floor":14,"turns":2},{"damage":82,"enemies":"Hexaghost","floor":16,"turns":8}],"seed_played":"3934195423970197530","potions_obtained":[{"floor":1,"key":"AttackPotion"},{"floor":7,"key":"AttackPotion"},{"floor":14,"key":"SkillPotion"}],"is_trial":false,"path_per_floor":["M","?","$","M","M","R","M","$","T","$","?","?","M","M","R"],"character_chosen":"DEFECT","items_purchased":[],"campfire_rested":1,"item_purchase_floors":[],"current_hp_per_floor":[75,75,75,69,58,58,48,48,48,48,48,48,38,38,75,0],"gold":40,"neow_bonus":"REMOVE_CARD","is_prod":false,"is_daily":false,"chose_seed":false,"campfire_upgraded":1,"win_rate":0,"timestamp":1533141264,"path_taken":["M","?","$","?","M","R","M","$","T","$","?","?","M","M","R","BOSS"],"build_version":"2018-07-26","purchased_purges":2,"victory":false,"max_hp_per_floor":[75,75,75,75,75,75,75,75,75,75,75,75,75,75,75,75],"card_choices":[{"not_picked":["Double Energy","Compile Driver","Melter"],"picked":"SKIP","floor":1},{"not_picked":["Redo","Ball Lightning"],"picked":"Rebound","floor":4},{"not_picked":["Cold Snap","Tempest"],"picked":"Sweeping Beam","floor":5},{"not_picked":["Rebound","Double Energy","Leap"],"picked":"SKIP","floor":7},{"not_picked":["Darkness","Ball Lightning","Fusion"],"picked":"SKIP","floor":13},{"not_picked":["Heatsinks","Fusion","Melter"],"picked":"SKIP","floor":14}],"player_experience":309391,"relics_obtained":[{"floor":9,"key":"Regal Pillow"}],"event_choices":[{"event_name":"Bonfire Elementals","player_choice":"BASIC","floor":2,"damage_taken":0},{"event_name":"Transmorgrifier","player_choice":"Transform","floor":11,"damage_taken":0},{"event_name":"The Cleric","player_choice":"Leave","floor":12,"damage_taken":0}],"is_beta":false,"boss_relics":[],"items_purged_floors":[3,10],"is_endless":false,"potions_floor_spawned":[1,7,14],"killed_by":"Hexaghost","ascension_level":0}