{"gold_per_floor":[117,130,157,167,122,157,177,177,258,258,277,293,293,293,293,398,398],"floor_reached":17,"playtime":371,"items_purged":[],"score":181,"play_id":"e7c67582-c910-4050-984e-b140b7e2045b","local_time":"20190325013147","is_ascension_mode":true,"campfire_choices":[{"data":"Gash","floor":8,"key":"SMITH"},{"floor":10,"key":"REST"},{"floor":13,"key":"REST"},{"data":"Scrape","floor":15,"key":"SMITH"}],"neow_cost":"NONE","seed_source_timestamp":7872347419285677,"circlet_count":0,"master_deck":["Strike_B","Strike_B","Strike_B","Strike_B","Defend_B","Defend_B","Defend_B","Defend_B","Zap","Dualcast","Scrape+1","Gash+1","Rebound","Hologram"],"relics":["Cracked Core","Bronze Scales","Pocketwatch","Pantograph","Philosopher\u0027s Stone"],"potions_floor_usage":[11,12,16,16],"damage_taken":[{"damage":1,"enemies":"Cultist","floor":1,"turns":3},{"damage":15,"enemies":"2 Louse","floor":2,"turns":2},{"damage":12,"enemies":"Small Slimes","floor":4,"turns":2},{"damage":35,"enemies":"Lagavulin","floor":6,"turns":5},{"damage":7,"enemies":"3 Louse","floor":7,"turns":3},{"damage":7,"enemies":"Large Slime","floor":11,"turns":3},{"damage":18,"enemies":"Exordium Thugs","floor":12,"turns":4},{"damage":78,"enemies":"The Guardian","floor":16,"turns":8}],"seed_played":"-1277320586769708536","potions_obtained":[{"floor":4,"key":"Swift Potion"},{"floor":6,"key":"Fire Potion"},{"floor":11,"key":"EssenceOfSteel"},{"floor":12,"key":"Regen Potion"}],"is_trial":false,"path_per_floor":["M","M","T","M","$","E","M","R","T","R","M","M","R","?","R","B",null],"character_chosen":"DEFECT","items_purchased":["Rebound"],"campfire_rested":2,"item_purchase_floors":[5],"current_hp_per_floor":[74,59,59,47,47,12,5,5,5,27,20,2,24,49,49,3,75],"gold":398,"neow_bonus":"THREE_CARDS","is_prod":false,"is_daily":false,"chose_seed":false,"campfire_upgraded":2,"win_rate":0,"timestamp":1553491907,"path_taken":["M","M","?","M","$","E","?","R","T","R","M","M","R","?","R","BOSS"],"build_version":"2019-01-23","purchased_purges":0,"victory":false,"max_hp_per_floor":[75,75,75,75,75,75,75,75,75,75,75,75,75,75,75,75,75],"card_choices":[{"not_picked":["Leap","Ball Lightning"],"picked":"Scrape","floor":0},{"not_picked":["Cold Snap","Tempest","Leap"],"picked":"SKIP","floor":1},{"not_picked":["Loop","Leap","Streamline"],"picked":"SKIP","floor":2},{"not_picked":["Go for the Eyes","All For One"],"picked":"Gash","floor":4},{"not_picked":["Doom and Gloom","Force Field"],"picked":"Hologram","floor":6},{"not_picked":["Rebound","Steam","Fusion"],"picked":"SKIP","floor":7},{"not_picked":["Sweeping Beam","Recycle","Melter"],"picked":"SKIP","floor":11},{"not_picked":["Stack","Conserve Battery","Turbo"],"picked":"SKIP","floor":12}],"player_experience":493283,"relics_obtained":[{"floor":3,"key":"Bronze Scales"},{"floor":6,"key":"Pocketwatch"},{"floor":9,"key":"Pantograph"}],"event_choices":[{"damage_healed":25,"gold_gain":0,"player_choice":"Banana","damage_taken":0,"max_hp_gain":0,"max_hp_loss":0,"event_name":"Big Fish","floor":14,"gold_loss":0}],"is_beta":false,"boss_relics":[{"not_picked":["Tiny House","Eternal Feather"],"picked":"Philosopher\u0027s Stone"}],"items_purged_floors":[],"is_endless":false,"potions_floor_spawned":[4,6,11,12],"ascension_level":3}