{"gold_per_floor":[115,66,84,84,259,259,277,277,277,293,307,307,324,344,344,442,442,452,230,230,230,230,230,280,280,336,347,33,33,43,63,63,63],"floor_reached":33,"playtime":794,"items_purged":["Regret","Defend_R"],"score":262,"play_id":"8b01f753-6901-47be-a9f3-8e2d6843a66d","local_time":"20180803000049","is_ascension_mode":false,"campfire_choices":[{"data":"Armaments","floor":6,"key":"SMITH"},{"data":"Flex","floor":8,"key":"SMITH"},{"data":"Pommel Strike","floor":15,"key":"SMITH"},{"data":"Bludgeon","floor":23,"key":"SMITH"},{"data":"Bludgeon","floor":25,"key":"SMITH"},{"data":"Enlightenment","floor":29,"key":"SMITH"},{"data":"Bash","floor":32,"key":"SMITH"}],"neow_cost":"NONE","seed_source_timestamp":1957898933589537,"circlet_count":0,"master_deck":["Defend_R","Defend_R","Defend_R","Bash+1","Feed+1","Armaments+1","Flex+1","Pommel Strike+1","Bludgeon+1","Bludgeon+1","Bite","Bite","Bite","Bite","Bite","Spot Weakness+1","Enlightenment+1"],"relics":["Burning Blood","Kunai","Dodecahedron","Runic Dome","Juzu Bracelet","Tiny Chest"],"potions_floor_usage":[16,33,33],"damage_taken":[{"damage":10,"enemies":"Small Slimes","floor":1,"turns":4},{"damage":1,"enemies":"Cultist","floor":3,"turns":3},{"damage":11,"enemies":"Jaw Worm","floor":7,"turns":2},{"damage":2,"enemies":"3 Louse","floor":10,"turns":3},{"damage":3,"enemies":"2 Fungi Beasts","floor":11,"turns":3},{"damage":10,"enemies":"Large Slime","floor":13,"turns":5},{"damage":16,"enemies":"3 Louse","floor":14,"turns":4},{"damage":94,"enemies":"Slime Boss","floor":16,"turns":14},{"damage":13,"enemies":"Shell Parasite","floor":18,"turns":3},{"damage":10,"enemies":"3 Byrds","floor":27,"turns":3},{"damage":5,"enemies":"Centurion and Healer","floor":30,"turns":4},{"damage":15,"enemies":"Cultist and Chosen","floor":31,"turns":4},{"damage":102,"enemies":"Automaton","floor":33,"turns":8}],"seed_played":"-5966244706592944366","potions_obtained":[{"floor":1,"key":"Regen Potion"},{"floor":3,"key":"Strength Potion"},{"floor":14,"key":"Dexterity Potion"},{"floor":18,"key":"Weak Potion"}],"is_trial":false,"path_per_floor":["M","$","M","?","?","R","M","R","T","M","M","?","M","M","R","B",null,"M","$","?","?","?","R","?","R","T","M","$","R","M","M","R"],"character_chosen":"IRONCLAD","items_purchased":["Flex","Bludgeon","Enlightenment"],"campfire_rested":0,"item_purchase_floors":[2,19,28],"current_hp_per_floor":[79,79,83,83,83,83,78,78,78,86,91,91,87,81,81,8,95,92,92,92,92,69,69,69,69,69,69,69,69,77,72,72,0],"gold":63,"neow_bonus":"ONE_RANDOM_RARE_CARD","is_prod":false,"is_daily":false,"chose_seed":false,"campfire_upgraded":7,"win_rate":0,"timestamp":1533268849,"path_taken":["M","$","M","?","?","R","M","R","T","M","M","?","M","M","R","BOSS","M","$","?","?","?","R","?","R","T","M","$","R","M","M","R","BOSS"],"build_version":"2018-08-02","purchased_purges":2,"victory":false,"max_hp_per_floor":[83,83,83,83,83,83,83,83,83,87,91,91,91,95,95,95,95,99,99,99,99,69,69,69,69,69,73,73,73,77,77,77,77],"card_choices":[{"not_picked":["Power Through","Anger"],"picked":"Armaments","floor":1},{"not_picked":["Infernal Blade","Shockwave","Armaments"],"picked":"SKIP","floor":3},{"not_picked":["Flame Barrier","Heavy Blade","Clash"],"picked":"SKIP","floor":7},{"not_picked":["Body Slam","Fire Breathing","Anger"],"picked":"SKIP","floor":10},{"not_picked":["Iron Wave","Uppercut"],"picked":"Pommel Strike","floor":11},{"not_picked":["Clothesline","Twin Strike","Headbutt"],"picked":"SKIP","floor":13},{"not_picked":["Combust","Seeing Red","Rage"],"picked":"SKIP","floor":14},{"not_picked":["Double Tap","Dark Embrace"],"picked":"Bludgeon","floor":16},{"not_picked":["Flex","Cleave+1","Sword Boomerang"],"picked":"SKIP","floor":18},{"not_picked":["Anger","Clash"],"picked":"Spot Weakness+1","floor":27},{"not_picked":["Combust","Seeing Red","Impervious"],"picked":"SKIP","floor":30},{"not_picked":["Clothesline","Sword Boomerang","Seeing Red"],"picked":"SKIP","floor":31}],"player_experience":331555,"relics_obtained":[{"floor":9,"key":"Kunai"},{"floor":26,"key":"Tiny Chest"}],"event_choices":[{"event_name":"Upgrade Shrine","player_choice":"Upgraded","floor":4,"damage_taken":0},{"event_name":"Liars Game","player_choice":"agreed","floor":5,"damage_taken":0},{"event_name":"Big Fish","player_choice":"Box","floor":12,"damage_taken":0},{"event_name":"WeMeetAgain","player_choice":"Potion","floor":20,"damage_taken":0},{"event_name":"Purifier","player_choice":"One Purge","floor":21,"damage_taken":0},{"event_name":"Vampires","player_choice":"Became a vampire","floor":22,"damage_taken":0},{"event_name":"The Joust","player_choice":"Bet on Murderer","floor":24,"damage_taken":0}],"is_beta":false,"boss_relics":[{"not_picked":["Runic Cube","Snecko Eye"],"picked":"Runic Dome"}],"items_purged_floors":[19,28],"is_endless":false,"potions_floor_spawned":[1,3,14,18],"killed_by":"Automaton","ascension_level":0}