{"gold_per_floor":[211,127,141,161,228,253,267,286,286,84,84,102,136,154,154,256,256,226,238,238,256,266,297,297,297],"floor_reached":25,"playtime":2783,"items_purged":[],"score":237,"play_id":"db00380f-e0e6-4947-b6ac-4234eb0b9564","local_time":"20190321110714","is_ascension_mode":false,"campfire_choices":[{"data":"Neutralize","floor":11,"key":"SMITH"},{"floor":15,"key":"REST"},{"floor":24,"key":"REST"}],"neow_cost":"NONE","seed_source_timestamp":97730257967135,"circlet_count":0,"master_deck":["Defend_G","Defend_G","Defend_G","Defend_G","Defend_G","Strike_G","Strike_G","Strike_G","Strike_G","Strike_G","Survivor","Neutralize+1","All Out Attack","Caltrops","Catalyst","Dash","Die Die Die","Leg Sweep+1"],"relics":["Ring of the Snake","Art of War","Meat on the Bone","Happy Flower","Orichalcum","White Beast Statue","Peace Pipe"],"potions_floor_usage":[6,6,8,13,13,16,21,21,23,23,25],"damage_taken":[{"damage":0,"enemies":"Jaw Worm","floor":1,"turns":6},{"damage":1,"enemies":"2 Louse","floor":3,"turns":2},{"damage":0,"enemies":"Small Slimes","floor":4,"turns":3},{"damage":21,"enemies":"Gremlin Nob","floor":6,"turns":4},{"damage":0,"enemies":"Exordium Wildlife","floor":7,"turns":3},{"damage":4,"enemies":"Exordium Thugs","floor":8,"turns":7},{"damage":4,"enemies":"Blue Slaver","floor":12,"turns":4},{"damage":16,"enemies":"Lagavulin","floor":13,"turns":8},{"damage":0,"enemies":"Exordium Wildlife","floor":14,"turns":2},{"damage":45,"enemies":"Hexaghost","floor":16,"turns":14},{"damage":17,"enemies":"2 Thieves","floor":18,"turns":5},{"damage":6,"enemies":"Chosen","floor":19,"turns":6},{"damage":0,"enemies":"Centurion and Healer","floor":21,"turns":12},{"damage":38,"enemies":"Snecko","floor":22,"turns":10},{"damage":13,"enemies":"Book of Stabbing","floor":23,"turns":9},{"damage":50,"enemies":"Gremlin Leader","floor":25,"turns":14}],"seed_played":"-919629966019911111","potions_obtained":[{"floor":4,"key":"EssenceOfSteel"},{"floor":7,"key":"SteroidPotion"},{"floor":12,"key":"Fire Potion"},{"floor":13,"key":"Weak Potion"},{"floor":18,"key":"EssenceOfSteel"},{"floor":19,"key":"EssenceOfSteel"},{"floor":21,"key":"SteroidPotion"},{"floor":22,"key":"EssenceOfSteel"},{"floor":23,"key":"GhostInAJar"}],"is_trial":false,"path_per_floor":["?","?"],"character_chosen":"THE_SILENT","items_purchased":["PowerPotion","All Out Attack","Happy Flower","AttackPotion"],"campfire_rested":2,"item_purchase_floors":[2,2,10,10],"current_hp_per_floor":[70,70,69,69,69,48,48,44,44,44,44,40,36,36,57,24,70,53,47,47,47,21,20,41,0],"gold":297,"neow_bonus":"HUNDRED_GOLD","is_prod":false,"is_daily":false,"chose_seed":false,"campfire_upgraded":1,"win_rate":0,"timestamp":1553177234,"path_taken":["M","$","M","M","?","E","M","M","T","$","R","M","E","M","R","BOSS","M","M","?","M","M","E","R","E"],"build_version":"2019-01-23","purchased_purges":0,"victory":false,"max_hp_per_floor":[70,70,70,70,70,70,70,70,70,70,70,70,70,70,70,70,70,70,70,70,70,70,70,70,70],"card_choices":[{"not_picked":["Slice","Acrobatics","Poisoned Stab"],"picked":"SKIP","floor":1},{"not_picked":["Outmaneuver","Heel Hook","Dagger Spray"],"picked":"SKIP","floor":3},{"not_picked":["PiercingWail","Poisoned Stab"],"picked":"Caltrops","floor":4},{"not_picked":["Phantasmal Killer","Acrobatics","Outmaneuver"],"picked":"SKIP","floor":6},{"not_picked":["Acrobatics","Quick Slash","Dagger Spray"],"picked":"SKIP","floor":7},{"not_picked":["Bullet Time","Dagger Throw","Dagger Spray"],"picked":"SKIP","floor":8},{"not_picked":["Sucker Punch","Predator"],"picked":"Catalyst","floor":12},{"not_picked":["Catalyst","Outmaneuver","Escape Plan"],"picked":"SKIP","floor":13},{"not_picked":["Accuracy","Sucker Punch"],"picked":"Dash","floor":14},{"not_picked":["Burst","Venomology"],"picked":"Die Die Die","floor":16},{"not_picked":["Quick Slash","Underhanded Strike+1","Heel Hook"],"picked":"SKIP","floor":18},{"not_picked":["Bane+1","Deflect","Riddle With Holes"],"picked":"SKIP","floor":19},{"not_picked":["Underhanded Strike","Phantasmal Killer"],"picked":"Leg Sweep+1","floor":21},{"not_picked":["Dagger Throw","Poisoned Stab","Blade Dance"],"picked":"SKIP","floor":22},{"not_picked":["Expertise","Bane","Acrobatics"],"picked":"SKIP","floor":23}],"player_experience":395001,"relics_obtained":[{"floor":6,"key":"Art of War"},{"floor":9,"key":"Meat on the Bone"},{"floor":13,"key":"Orichalcum"},{"floor":23,"key":"Peace Pipe"}],"event_choices":[{"damage_healed":0,"gold_gain":67,"player_choice":"Gained Gold","damage_taken":0,"max_hp_gain":0,"max_hp_loss":0,"event_name":"Golden Wing","floor":5,"gold_loss":0},{"damage_healed":0,"gold_gain":0,"player_choice":"Ignored","damage_taken":0,"max_hp_gain":0,"max_hp_loss":0,"event_name":"Beggar","floor":20,"gold_loss":0}],"is_beta":false,"boss_relics":[{"not_picked":["HoveringKite","Astrolabe"],"picked":"White Beast Statue"}],"items_purged_floors":[],"is_endless":false,"potions_floor_spawned":[4,7,12,13,18,19,21,22,23],"killed_by":"Gremlin Leader","ascension_level":0}