{"gold_per_floor":[115,115,115,115,190,190,208,208,208,25,40,59,59,75,75,203,203,221,221,242,261,261],"floor_reached":22,"playtime":2378,"items_purged":[],"score":201,"play_id":"7a76f3cb-d4b2-44b1-a852-e2670dcc5091","local_time":"20190131043608","is_ascension_mode":false,"campfire_choices":[{"floor":6,"key":"REST"},{"data":"Perfected Strike","floor":8,"key":"SMITH"},{"data":"Bash","floor":15,"key":"SMITH"}],"neow_cost":"NONE","seed_source_timestamp":750943719288120,"circlet_count":0,"master_deck":["Strike_R","Strike_R","Strike_R","Strike_R","Strike_R","Defend_R","Defend_R","Defend_R","Bash+1","Perfected Strike+1","Pummel","Perfected Strike","Inflame","Anger","Double Tap","Perfected Strike","Perfected Strike","Bloodletting","Flex","Headbutt","Dual Wield","Perfected Strike"],"relics":["Burning Blood","Golden Idol","FossilizedHelix","Orrery","Torii"],"potions_floor_usage":[20,22,22],"damage_taken":[{"damage":7,"enemies":"Small Slimes","floor":1,"turns":3},{"damage":1,"enemies":"2 Louse","floor":7,"turns":2},{"damage":0,"enemies":"Cultist","floor":11,"turns":3},{"damage":2,"enemies":"Blue Slaver","floor":12,"turns":3},{"damage":0,"enemies":"2 Fungi Beasts","floor":14,"turns":3},{"damage":68,"enemies":"Hexaghost","floor":16,"turns":9},{"damage":24,"enemies":"Shell Parasite","floor":18,"turns":3},{"damage":61,"enemies":"3 Byrds","floor":20,"turns":6},{"damage":14,"enemies":"Snake Plant","floor":21,"turns":3},{"damage":12,"enemies":"Masked Bandits","floor":22,"turns":3}],"seed_played":"6760400313579055062","potions_obtained":[{"floor":1,"key":"Explosive Potion"},{"floor":11,"key":"Fire Potion"},{"floor":20,"key":"LiquidBronze"}],"is_trial":false,"path_per_floor":["?","?","?","?","$","?","?","M","?"],"character_chosen":"IRONCLAD","items_purchased":["Secret Technique"],"campfire_rested":1,"item_purchase_floors":[10],"current_hp_per_floor":[87,87,80,58,47,73,78,78,78,78,84,88,93,93,93,31,93,75,75,20,12,0],"gold":261,"neow_bonus":"TEN_PERCENT_HP_BONUS","is_prod":false,"is_daily":false,"chose_seed":false,"campfire_upgraded":2,"win_rate":0.0,"timestamp":1548920168,"path_taken":["M","?","?","?","?","R","M","R","T","?","M","M","?","M","R","BOSS","M","?","M","?","?"],"build_version":"2019-01-23","purchased_purges":0,"victory":false,"max_hp_per_floor":[88,88,88,88,88,88,88,88,88,88,88,88,93,93,93,93,93,93,93,93,93,93],"card_choices":[{"not_picked":["Rupture","Combust"],"picked":"Perfected Strike","floor":1},{"not_picked":["Entrench","Disarm"],"picked":"Pummel","floor":7},{"not_picked":["Iron Wave","Hemokinesis"],"picked":"Perfected Strike","floor":11},{"not_picked":["Intimidate","Sword Boomerang"],"picked":"Inflame","floor":12},{"not_picked":["Reckless Charge","Combust"],"picked":"Anger","floor":14},{"not_picked":["Brutality","Offering"],"picked":"Double Tap","floor":16},{"not_picked":["Combust","Clash"],"picked":"Perfected Strike","floor":17},{"not_picked":["Reaper","Twin Strike"],"picked":"Perfected Strike","floor":17},{"not_picked":["Burning Pact","Armaments"],"picked":"Bloodletting","floor":17},{"not_picked":["Intimidate","Clash"],"picked":"Flex","floor":17},{"not_picked":["Rage","Armaments"],"picked":"Headbutt","floor":18},{"not_picked":["Warcry","Ghostly Armor"],"picked":"Dual Wield","floor":20},{"not_picked":["Fire Breathing+1","Warcry"],"picked":"Perfected Strike","floor":21}],"player_experience":31711,"relics_obtained":[{"floor":9,"key":"FossilizedHelix"}],"event_choices":[{"damage_healed":0,"gold_gain":0,"player_choice":"Leave","damage_taken":0,"max_hp_gain":0,"max_hp_loss":0,"event_name":"The Cleric","floor":2,"gold_loss":0},{"cards_removed":["Defend_R"],"damage_healed":0,"gold_gain":0,"player_choice":"Card Removal","damage_taken":7,"max_hp_gain":0,"max_hp_loss":0,"event_name":"Golden Wing","floor":3,"gold_loss":0},{"damage_healed":0,"gold_gain":0,"player_choice":"Take Damage","damage_taken":22,"relics_obtained":["Golden Idol"],"max_hp_gain":0,"max_hp_loss":0,"event_name":"Golden Idol","floor":4,"gold_loss":0},{"damage_healed":0,"gold_gain":75,"player_choice":"Gather Gold","damage_taken":11,"max_hp_gain":0,"max_hp_loss":0,"event_name":"World of Goop","floor":5,"gold_loss":0},{"damage_healed":0,"gold_gain":0,"player_choice":"Donut","damage_taken":0,"max_hp_gain":5,"max_hp_loss":0,"event_name":"Big Fish","floor":13,"gold_loss":0},{"cards_removed":["Secret Technique"],"damage_healed":0,"gold_gain":0,"player_choice":"Gave Card","damage_taken":0,"relics_obtained":["Torii"],"max_hp_gain":0,"max_hp_loss":0,"event_name":"WeMeetAgain","floor":19,"gold_loss":0},{"damage_healed":0,"gold_gain":0,"player_choice":"Fought Bandits","damage_taken":0,"max_hp_gain":0,"max_hp_loss":0,"event_name":"Masked Bandits","floor":22,"gold_loss":0}],"is_beta":false,"boss_relics":[{"not_picked":["Black Star","Cursed Key"],"picked":"Orrery"}],"items_purged_floors":[],"is_endless":false,"potions_floor_spawned":[1,11,20],"killed_by":"Masked Bandits","ascension_level":0}