{"gold_per_floor":[115,40,52,52,68,68,68,68,94,107,124,124,124,143,143,143],"floor_reached":16,"playtime":542,"items_purged":["Grand Finale"],"score":92,"play_id":"bbc756e5-2fe0-49e7-9cff-62a74d27eb83","local_time":"20180725133524","is_ascension_mode":false,"campfire_choices":[{"data":"Quick Slash","floor":6,"key":"SMITH"},{"data":"Flying Knee","floor":8,"key":"SMITH"},{"floor":12,"key":"REST"},{"data":"Neutralize","floor":15,"key":"SMITH"}],"neow_cost":"NONE","seed_source_timestamp":1229414465395222,"circlet_count":0,"master_deck":["Defend_G","Defend_G","Defend_G","Strike_G","Strike_G","Strike_G+1","Strike_G","Strike_G+1","Survivor","Neutralize+1","Flying Knee+1","Quick Slash+1"],"relics":["Ring of the Snake","Regal Pillow"],"potions_floor_usage":[11],"damage_taken":[{"damage":9,"enemies":"Cultist","floor":1,"turns":4},{"damage":1,"enemies":"Small Slimes","floor":3,"turns":4},{"damage":0,"enemies":"Jaw Worm","floor":5,"turns":4},{"damage":1,"enemies":"Red Slaver","floor":10,"turns":3},{"damage":8,"enemies":"Large Slime","floor":11,"turns":3},{"damage":5,"enemies":"Lots of Slimes","floor":14,"turns":3},{"damage":62,"enemies":"Hexaghost","floor":16,"turns":8}],"seed_played":"-5866916998183099992","potions_obtained":[{"floor":3,"key":"GamblersBrew"},{"floor":10,"key":"Explosive Potion"}],"is_trial":false,"path_per_floor":["M","$","M","?","M","R","?","R","T","M","M","R","?","M","R"],"character_chosen":"THE_SILENT","items_purchased":[],"campfire_rested":1,"item_purchase_floors":[],"current_hp_per_floor":[61,61,60,46,46,46,39,39,39,38,30,66,66,61,61,0],"gold":143,"neow_bonus":"ONE_RANDOM_RARE_CARD","is_prod":false,"is_daily":false,"chose_seed":false,"campfire_upgraded":3,"win_rate":0,"timestamp":1532540124,"path_taken":["M","$","?","?","M","R","?","R","T","M","?","R","?","M","R","BOSS"],"build_version":"2018-07-19v2","purchased_purges":1,"victory":false,"max_hp_per_floor":[70,70,70,70,70,70,70,70,70,70,70,70,70,70,70,70],"card_choices":[{"not_picked":["Infinite Blades","Caltrops"],"picked":"Flying Knee","floor":1},{"not_picked":["Skewer","Acrobatics"],"picked":"Quick Slash","floor":3},{"not_picked":["Distraction","Reflex","Bane"],"picked":"SKIP","floor":5},{"not_picked":["Quick Slash","Terror","Dodge and Roll"],"picked":"SKIP","floor":10},{"not_picked":["Dagger Throw","Crippling Poison","Dodge and Roll"],"picked":"SKIP","floor":11},{"not_picked":["Acrobatics","Infinite Blades","Crippling Poison"],"picked":"SKIP","floor":14}],"player_experience":275514,"relics_obtained":[{"floor":9,"key":"Regal Pillow"}],"event_choices":[{"event_name":"Shining Light","player_choice":"Entered Light","floor":4,"damage_taken":0},{"event_name":"Golden Wing","player_choice":"Card Removal","floor":7,"damage_taken":0},{"event_name":"Bonfire Elementals","player_choice":"BASIC","floor":13,"damage_taken":0}],"is_beta":false,"boss_relics":[],"items_purged_floors":[2],"is_endless":false,"potions_floor_spawned":[3,10],"killed_by":"Hexaghost","ascension_level":0}