{"gold_per_floor":[111,128,128,78,97,138,138,161,191,116,116,130,144,163,163,291,291,304,204,220,41,41],"floor_reached":22,"playtime":584,"items_purged":["Defend_R","Defend_R"],"score":188,"play_id":"c221d440-0c1d-4c42-bdb3-8c459137c2a3","local_time":"20180706015955","is_ascension_mode":false,"campfire_choices":[{"floor":7,"key":"REST"},{"floor":11,"key":"REST"},{"floor":15,"key":"REST"}],"neow_cost":"NONE","seed_source_timestamp":1296308197514044,"circlet_count":0,"master_deck":["Strike_R","Strike_R","Strike_R","Strike_R","Strike_R","Defend_R","Bash","Spot Weakness","Thunderclap","Limit Break","Pommel Strike","Flex","Seeing Red"],"relics":["Burning Blood","NeowsBlessing","Golden Idol","Happy Flower","Tiny Chest","Busted Crown","Juzu Bracelet"],"potions_floor_usage":[16,16,16,20],"damage_taken":[{"damage":0,"enemies":"Small Slimes","floor":1,"turns":1},{"damage":0,"enemies":"Jaw Worm","floor":2,"turns":1},{"damage":0,"enemies":"Cultist","floor":5,"turns":1},{"damage":43,"enemies":"3 Sentries","floor":6,"turns":8},{"damage":19,"enemies":"3 Louse","floor":8,"turns":4},{"damage":12,"enemies":"Blue Slaver","floor":12,"turns":2},{"damage":18,"enemies":"Large Slime","floor":13,"turns":5},{"damage":27,"enemies":"Exordium Thugs","floor":14,"turns":3},{"damage":28,"enemies":"Slime Boss","floor":16,"turns":9},{"damage":29,"enemies":"Shell Parasite","floor":18,"turns":4},{"damage":25,"enemies":"2 Thieves","floor":20,"turns":3},{"damage":38,"enemies":"Centurion and Healer","floor":22,"turns":3}],"seed_played":"-6982447082164647399","potions_obtained":[{"floor":2,"key":"Weak Potion"},{"floor":12,"key":"EssenceOfSteel"},{"floor":13,"key":"AttackPotion"},{"floor":14,"key":"AttackPotion"},{"floor":16,"key":"Strength Potion"},{"floor":18,"key":"SpeedPotion"}],"is_trial":false,"path_per_floor":["M","M","?","?","M","E","R","M","T","$","R","M","M","M","R","B",null,"M","$","M","$"],"character_chosen":"IRONCLAD","items_purchased":["Seeing Red","Juzu Bracelet"],"campfire_rested":3,"item_purchase_floors":[21,21],"current_hp_per_floor":[80,80,60,60,66,29,53,40,40,40,64,58,46,25,49,27,80,57,57,38,38,0],"gold":41,"neow_bonus":"THREE_ENEMY_KILL","is_prod":false,"is_daily":false,"chose_seed":false,"campfire_upgraded":0,"win_rate":0.0,"timestamp":1530856795,"path_taken":["M","M","?","?","M","E","R","?","T","?","R","M","M","M","R","BOSS","M","?","M","$","M"],"build_version":"2018-06-28","purchased_purges":2,"victory":false,"max_hp_per_floor":[80,80,80,80,80,80,80,80,80,80,80,80,80,80,80,80,80,80,80,80,80,80],"card_choices":[{"not_picked":["Clash","Headbutt","Heavy Blade"],"picked":"SKIP","floor":1},{"not_picked":["Clothesline","Havoc","Second Wind"],"picked":"SKIP","floor":2},{"not_picked":["Shockwave","Iron Wave"],"picked":"Spot Weakness","floor":5},{"not_picked":["Dual Wield","Feel No Pain","Immolate"],"picked":"SKIP","floor":6},{"not_picked":["Body Slam","Pommel Strike","Dual Wield"],"picked":"SKIP","floor":8},{"not_picked":["Armaments","Heavy Blade"],"picked":"Thunderclap","floor":12},{"not_picked":["Headbutt","Fire Breathing","Warcry"],"picked":"SKIP","floor":13},{"not_picked":["Wild Strike","Hemokinesis","Carnage"],"picked":"SKIP","floor":14},{"not_picked":["Double Tap","Feed"],"picked":"Limit Break","floor":16},{"not_picked":[],"picked":"Pommel Strike","floor":18},{"not_picked":[],"picked":"Flex","floor":20}],"player_experience":74679,"relics_obtained":[{"floor":6,"key":"Happy Flower"},{"floor":9,"key":"Tiny Chest"}],"event_choices":[{"event_name":"Golden Idol","player_choice":"Take Damage","floor":3,"damage_taken":0},{"event_name":"The Cleric","player_choice":"Card Removal","floor":4,"damage_taken":0}],"boss_relics":[{"not_picked":["Lizard Tail","Mark of Pain"],"picked":"Busted Crown"}],"items_purged_floors":[10,19],"is_endless":false,"potions_floor_spawned":[2,12,13,14,16,18],"killed_by":"Centurion and Healer","ascension_level":0}