{"gold_per_floor":[115,115,14,14,27,27,58,58,88,107,7,23,23,33,33,135,135,154,169,44,62,62,62],"floor_reached":23,"playtime":650,"items_purged":["Defend_R","Defend_R","Defend_R"],"score":191,"play_id":"a9cbe0c6-3e10-4869-8be1-8f3a9aa1ed35","local_time":"20180801163322","is_ascension_mode":false,"campfire_choices":[{"data":"Pommel Strike","floor":6,"key":"SMITH"},{"data":"Shrug It Off","floor":8,"key":"SMITH"},{"data":"Demon Form","floor":13,"key":"SMITH"},{"data":"Shrug It Off","floor":15,"key":"SMITH"}],"neow_cost":"NONE","seed_source_timestamp":1844795867355969,"circlet_count":0,"master_deck":["Strike_R","Strike_R","Strike_R","Strike_R","Strike_R","Defend_R","Bash","Shrug It Off+1","Pommel Strike+1","Shrug It Off+1","Demon Form+1","Decay"],"relics":["Black Blood","Darkstone Periapt","Turnip","Tiny Chest"],"potions_floor_usage":[14,19,21],"damage_taken":[{"damage":3,"enemies":"Jaw Worm","floor":1,"turns":3},{"damage":3,"enemies":"2 Louse","floor":5,"turns":3},{"damage":19,"enemies":"3 Sentries","floor":7,"turns":9},{"damage":6,"enemies":"Cultist","floor":10,"turns":3},{"damage":2,"enemies":"Exordium Wildlife","floor":12,"turns":4},{"damage":13,"enemies":"Large Slime","floor":14,"turns":4},{"damage":49,"enemies":"Hexaghost","floor":16,"turns":8},{"damage":31,"enemies":"Shell Parasite","floor":18,"turns":6},{"damage":19,"enemies":"Spheric Guardian","floor":19,"turns":6},{"damage":49,"enemies":"3 Cultists","floor":21,"turns":6},{"damage":40,"enemies":"Slavers","floor":23,"turns":3}],"seed_played":"5742361581030304102","potions_obtained":[{"floor":7,"key":"Block Potion"},{"floor":12,"key":"AttackPotion"},{"floor":14,"key":"Strength Potion"},{"floor":16,"key":"Ancient Potion"},{"floor":18,"key":"LiquidBronze"},{"floor":19,"key":"FairyPotion"}],"is_trial":false,"path_per_floor":["M","?","$","$","M","R","E","R","T","M","$","M","R","M","R","B",null,"M","M","$","M","?"],"character_chosen":"IRONCLAD","items_purchased":["Shrug It Off"],"campfire_rested":0,"item_purchase_floors":[3],"current_hp_per_floor":[80,68,68,68,71,71,58,58,58,58,58,62,62,55,55,12,80,59,50,50,11,17,0],"gold":62,"neow_bonus":"THREE_CARDS","is_prod":false,"is_daily":false,"chose_seed":false,"campfire_upgraded":4,"win_rate":0,"timestamp":1533155602,"path_taken":["M","?","?","$","M","R","E","R","T","M","$","M","R","M","R","BOSS","M","M","$","M","?","E"],"build_version":"2018-07-26","purchased_purges":3,"victory":false,"max_hp_per_floor":[80,80,80,80,80,80,80,80,80,80,80,80,80,80,80,80,80,80,80,80,80,86,86],"card_choices":[{"not_picked":["Heavy Blade","Clash"],"picked":"Shrug It Off","floor":0},{"not_picked":["Headbutt","Heavy Blade"],"picked":"Pommel Strike","floor":1},{"not_picked":["Carnage","Heavy Blade","Warcry"],"picked":"SKIP","floor":5},{"not_picked":["True Grit","Shockwave","Bloodletting"],"picked":"SKIP","floor":7},{"not_picked":["Clothesline","Hemokinesis","Body Slam"],"picked":"SKIP","floor":10},{"not_picked":["Uppercut","Heavy Blade"],"picked":"Demon Form","floor":12},{"not_picked":["Clash","Armaments","Anger"],"picked":"SKIP","floor":14},{"not_picked":["Headbutt","Whirlwind+1","Clash"],"picked":"SKIP","floor":18},{"not_picked":["Heavy Blade","Cleave+1","Pummel"],"picked":"SKIP","floor":19},{"not_picked":["Havoc","Warcry","Shrug It Off+1"],"picked":"SKIP","floor":21}],"player_experience":323086,"relics_obtained":[{"floor":7,"key":"Turnip"},{"floor":9,"key":"Tiny Chest"}],"event_choices":[{"event_name":"Scrap Ooze","player_choice":"success","floor":2,"damage_taken":12},{"event_name":"Forgotten Altar","player_choice":"Smashed Altar","floor":22,"damage_taken":0}],"is_beta":false,"boss_relics":[{"not_picked":["Ectoplasm","White Beast Statue"],"picked":"Black Blood"}],"items_purged_floors":[3,11,20],"is_endless":false,"potions_floor_spawned":[7,12,14,16,18,19],"killed_by":"Slavers","ascension_level":0}