{"gold_per_floor":[114,134,146,158,168,197,197,231,303,303,319,319,332,181,181,285,585,602,617,517,517,530,564,564,590,590,602,21,21,40,40,40,136,136,136],"floor_reached":35,"playtime":1527,"items_purged":["Strike_G","Strike_G"],"score":479,"play_id":"70b47e33-9c4d-448c-aab1-74a66399e0c1","local_time":"20190326030747","is_ascension_mode":true,"campfire_choices":[{"floor":10,"key":"REST"},{"data":"Glass Knife","floor":12,"key":"SMITH"},{"data":"A Thousand Cuts","floor":15,"key":"SMITH"},{"data":"Caltrops","floor":24,"key":"SMITH"},{"floor":32,"key":"REST"}],"neow_cost":"NONE","seed_source_timestamp":7963353967837663,"circlet_count":0,"master_deck":["Defend_G+1","Defend_G+1","Defend_G+1","Defend_G+1","Defend_G+1","Strike_G+1","Strike_G+1","Strike_G+1","Survivor+1","Neutralize","Dagger Throw","Caltrops","Underhanded Strike","Dagger Throw","Dagger Spray","Glass Knife+1","PiercingWail","A Thousand Cuts+1","Normality","Injury","Clumsy","Skewer+1","Caltrops+1","Flash of Steel"],"relics":["Ring of the Snake","Vajra","Thread and Needle","Torii","Darkstone Periapt","Calling Bell","Centennial Puzzle","Blue Candle","Old Coin","War Paint","Pen Nib","Frozen Egg 2","Bronze Scales","Chemical X","Strawberry","MutagenicStrength","HoveringKite"],"potions_floor_usage":[5,6,13,16,33],"damage_taken":[{"damage":0,"enemies":"2 Louse","floor":1,"turns":2},{"damage":0,"enemies":"Jaw Worm","floor":2,"turns":5},{"damage":0,"enemies":"Cultist","floor":3,"turns":4},{"damage":25,"enemies":"Exordium Thugs","floor":4,"turns":6},{"damage":0,"enemies":"Looter","floor":5,"turns":3},{"damage":23,"enemies":"3 Sentries","floor":6,"turns":8},{"damage":12,"enemies":"Lagavulin","floor":8,"turns":6},{"damage":0,"enemies":"Blue Slaver","floor":11,"turns":3},{"damage":0,"enemies":"3 Louse","floor":13,"turns":3},{"damage":6,"enemies":"Hexaghost","floor":16,"turns":9},{"damage":2,"enemies":"Spheric Guardian","floor":18,"turns":3},{"damage":5,"enemies":"Chosen","floor":19,"turns":5},{"damage":12,"enemies":"Centurion and Healer","floor":22,"turns":5},{"damage":36,"enemies":"Slavers","floor":23,"turns":5},{"damage":10,"enemies":"Gremlin Leader","floor":25,"turns":6},{"damage":3,"enemies":"Snake Plant","floor":27,"turns":4},{"damage":2,"enemies":"Shelled Parasite and Fungi","floor":30,"turns":2},{"damage":60,"enemies":"Automaton","floor":33,"turns":8},{"damage":0,"enemies":"Orb Walker","floor":35,"turns":2}],"seed_played":"6964665441453724394","potions_obtained":[{"floor":2,"key":"Swift Potion"},{"floor":3,"key":"GamblersBrew"},{"floor":4,"key":"AttackPotion"},{"floor":8,"key":"SkillPotion"},{"floor":11,"key":"EssenceOfSteel"},{"floor":18,"key":"Weak Potion"},{"floor":22,"key":"Dexterity Potion"},{"floor":25,"key":"Fire Potion"},{"floor":33,"key":"Swift Potion"}],"is_trial":false,"path_per_floor":["M","M","M","M","M","E","?","E","T","R","M","R","M","$","R","B",null,"M","M","$","?","M","E","R","E","T","M","$","?","M","?","R","B",null,"M"],"character_chosen":"THE_SILENT","items_purchased":["A Thousand Cuts","Flash of Steel","Bronze Scales","Chemical X","Strawberry"],"campfire_rested":2,"item_purchase_floors":[14,28,28,28,28],"current_hp_per_floor":[77,77,77,52,52,29,29,17,17,40,40,40,40,40,40,34,95,93,88,88,88,76,40,40,30,30,27,34,34,32,32,62,2,102,102],"gold":136,"neow_bonus":"TEN_PERCENT_HP_BONUS","is_prod":false,"is_daily":false,"chose_seed":false,"campfire_upgraded":3,"win_rate":0,"timestamp":1553584067,"path_taken":["M","M","M","M","M","E","?","E","T","R","M","R","M","$","R","BOSS","M","M","$","?","M","E","R","E","T","M","$","?","M","?","R","BOSS","M"],"build_version":"2019-01-23","purchased_purges":2,"victory":false,"max_hp_per_floor":[77,77,77,77,77,77,77,77,77,77,77,77,77,77,77,77,95,95,95,95,95,95,95,95,95,95,95,102,102,102,102,102,102,102,102],"card_choices":[{"not_picked":["Bane","Outmaneuver"],"picked":"Dagger Throw","floor":1},{"not_picked":["Bane","Dagger Throw"],"picked":"Caltrops","floor":2},{"not_picked":["Quick Slash","Choke"],"picked":"Underhanded Strike","floor":3},{"not_picked":["Quick Slash","Dash"],"picked":"Dagger Throw","floor":4},{"not_picked":["Underhanded Strike","Calculated Gamble"],"picked":"Dagger Spray","floor":5},{"not_picked":["Distraction","Flechettes"],"picked":"Glass Knife","floor":6},{"not_picked":["Predator","Dagger Spray","Underhanded Strike"],"picked":"SKIP","floor":8},{"not_picked":["Dash","Outmaneuver"],"picked":"PiercingWail","floor":11},{"not_picked":["Underhanded Strike","Dodge and Roll","Slice"],"picked":"SKIP","floor":13},{"not_picked":["Backflip","Escape Plan+1","Poisoned Stab"],"picked":"SKIP","floor":18},{"not_picked":["Underhanded Strike","Deflect+1"],"picked":"Skewer+1","floor":19},{"not_picked":["Dagger Spray","Deflect"],"picked":"Caltrops","floor":22},{"not_picked":["Choke+1","Envenom","Distraction"],"picked":"SKIP","floor":23},{"not_picked":["Dagger Spray","Bane","Escape Plan"],"picked":"SKIP","floor":25},{"not_picked":["Dagger Spray","Accuracy+1","Flechettes+1"],"picked":"SKIP","floor":27},{"not_picked":["Outmaneuver","Backflip","Dodge and Roll"],"picked":"SKIP","floor":30}],"player_experience":524898,"relics_obtained":[{"floor":6,"key":"Vajra"},{"floor":8,"key":"Torii"},{"floor":9,"key":"Darkstone Periapt"},{"floor":17,"key":"Centennial Puzzle"},{"floor":17,"key":"Blue Candle"},{"floor":17,"key":"Old Coin"},{"floor":23,"key":"War Paint"},{"floor":25,"key":"Pen Nib"},{"floor":26,"key":"Frozen Egg 2"}],"event_choices":[{"damage_healed":0,"gold_gain":0,"player_choice":"Searched \u00272\u0027 times","damage_taken":0,"relics_obtained":["Thread and Needle"],"max_hp_gain":0,"max_hp_loss":0,"event_name":"Dead Adventurer","floor":7,"gold_loss":0},{"damage_healed":0,"gold_gain":0,"player_choice":"Ignored","damage_taken":0,"max_hp_gain":0,"max_hp_loss":0,"event_name":"Ghosts","floor":21,"gold_loss":0},{"damage_healed":0,"gold_gain":0,"player_choice":"Simplicity","damage_taken":0,"max_hp_gain":0,"max_hp_loss":0,"event_name":"Back to Basics","floor":29,"gold_loss":0,"cards_upgraded":["Defend_G","Defend_G","Defend_G","Defend_G","Strike_G","Strike_G","Strike_G"]},{"damage_healed":0,"gold_gain":0,"player_choice":"Inject Mutagens","damage_taken":0,"relics_obtained":["MutagenicStrength"],"max_hp_gain":0,"max_hp_loss":0,"event_name":"Drug Dealer","floor":31,"gold_loss":0}],"is_beta":false,"boss_relics":[{"not_picked":["Pandora\u0027s Box","Eternal Feather"],"picked":"Calling Bell"},{"not_picked":["WristBlade","White Beast Statue"],"picked":"HoveringKite"}],"items_purged_floors":[14,20],"is_endless":false,"potions_floor_spawned":[2,3,4,8,11,18,22,23,25,33],"killed_by":"Orb Walker","ascension_level":1}