{"gold_per_floor":[111,128,3,17,28,28,53,53,53,32,32,32,32,42,42,139,139,157,176,96,96,60,60,75,75,75,75,91,126,126,143,143,143],"floor_reached":33,"playtime":1145,"items_purged":["Defend_R","Injury"],"score":265,"play_id":"522da7df-956e-478b-adce-5a8c9290b24c","local_time":"20180725140803","is_ascension_mode":false,"campfire_choices":[{"data":"Offering","floor":6,"key":"SMITH"},{"data":"Thunderclap","floor":8,"key":"SMITH"},{"data":"Flex","floor":12,"key":"SMITH"},{"floor":15,"key":"REST"},{"data":"Searing Blow+1","floor":23,"key":"SMITH"},{"floor":27,"key":"REST"},{"floor":30,"key":"REST"},{"floor":32,"key":"REST"}],"neow_cost":"CURSE","seed_source_timestamp":1230770759069208,"circlet_count":0,"master_deck":["Strike_R+1","Strike_R+1","Strike_R+1","Strike_R+1","Strike_R+1","Defend_R+1","Defend_R+1","Defend_R+1","Bash","Offering+1","Sword Boomerang","Flex+1","Pommel Strike","Thunderclap+1","Sword Boomerang+1","Searing Blow+2","Armaments","Flex","Shrug It Off"],"relics":["Burning Blood","The Courier","Bottled Lightning","Black Star","Enchiridion","Champion Belt","Oddly Smooth Stone","Vajra"],"potions_floor_usage":[7,16,24,29],"damage_taken":[{"damage":14,"enemies":"2 Louse","floor":1,"turns":3},{"damage":5,"enemies":"Cultist","floor":2,"turns":2},{"damage":5,"enemies":"Jaw Worm","floor":4,"turns":1},{"damage":12,"enemies":"Large Slime","floor":5,"turns":4},{"damage":26,"enemies":"Lagavulin","floor":7,"turns":4},{"damage":5,"enemies":"2 Fungi Beasts","floor":14,"turns":1},{"damage":81,"enemies":"The Guardian","floor":16,"turns":7},{"damage":8,"enemies":"3 Byrds","floor":18,"turns":3},{"damage":25,"enemies":"2 Thieves","floor":19,"turns":2},{"damage":21,"enemies":"Centurion and Healer","floor":24,"turns":4},{"damage":5,"enemies":"Snecko","floor":28,"turns":1},{"damage":39,"enemies":"Gremlin Leader","floor":29,"turns":5},{"damage":28,"enemies":"Slaver and Parasite","floor":31,"turns":3},{"damage":72,"enemies":"Automaton","floor":33,"turns":6}],"seed_played":"5828938767717482689","potions_obtained":[{"floor":2,"key":"Energy Potion"},{"floor":5,"key":"FairyPotion"},{"floor":14,"key":"BloodPotion"},{"floor":19,"key":"BloodPotion"},{"floor":24,"key":"EssenceOfSteel"}],"is_trial":false,"path_per_floor":["M","M","$","M","M","R","E","R","T","$","?","R","?","M","R","B",null,"M","M","$","?","$","R","M","?","T","R","M","E","R","M","R"],"character_chosen":"IRONCLAD","items_purchased":["Flex","Sword Boomerang","Flex"],"campfire_rested":4,"item_purchase_floors":[3,10,22],"current_hp_per_floor":[72,73,73,74,68,68,48,48,48,48,48,48,40,41,65,8,80,78,59,59,59,59,59,52,36,36,60,61,28,52,30,54,0],"gold":143,"neow_bonus":"THREE_RARE_CARDS","is_prod":false,"is_daily":false,"chose_seed":false,"campfire_upgraded":4,"win_rate":0,"timestamp":1532542083,"path_taken":["M","M","$","M","M","R","E","R","T","$","?","R","?","M","R","BOSS","M","M","$","?","$","R","?","?","T","R","M","E","R","M","R","BOSS"],"build_version":"2018-07-19v2","purchased_purges":2,"victory":false,"max_hp_per_floor":[80,80,80,80,80,80,80,80,80,80,80,80,80,80,80,80,80,80,80,80,80,80,80,80,80,80,80,80,80,80,80,80,80],"card_choices":[{"not_picked":["Reaper","Berserk"],"picked":"Offering","floor":0},{"not_picked":["Bloodletting","Iron Wave","Uppercut"],"picked":"SKIP","floor":1},{"not_picked":["Shrug It Off","Evolve"],"picked":"Sword Boomerang","floor":2},{"not_picked":["Havoc","Wild Strike","Power Through"],"picked":"SKIP","floor":4},{"not_picked":["Ghostly Armor","Heavy Blade"],"picked":"Pommel Strike","floor":5},{"not_picked":["Impervious","Anger"],"picked":"Thunderclap","floor":7},{"not_picked":["Blood for Blood","Fire Breathing","Infernal Blade"],"picked":"SKIP","floor":14},{"not_picked":["Clash+1","Headbutt+1"],"picked":"Searing Blow+1","floor":18},{"not_picked":["Metallicize","Heavy Blade"],"picked":"Armaments","floor":19},{"not_picked":["Clothesline","Seeing Red","Corruption+1"],"picked":"SKIP","floor":24},{"not_picked":["Flex","Pummel","Rampage"],"picked":"SKIP","floor":28},{"not_picked":["Armaments+1","Power Through","Feed"],"picked":"SKIP","floor":29},{"not_picked":["Rage+1","Warcry+1"],"picked":"Shrug It Off","floor":31}],"player_experience":276802,"relics_obtained":[{"floor":7,"key":"The Courier"},{"floor":9,"key":"Bottled Lightning"},{"floor":25,"key":"Enchiridion"},{"floor":26,"key":"Champion Belt"},{"floor":29,"key":"Oddly Smooth Stone"},{"floor":29,"key":"Vajra"}],"event_choices":[{"event_name":"Upgrade Shrine","player_choice":"Upgraded","floor":11,"damage_taken":0},{"event_name":"Wheel of Change","player_choice":"Damage","floor":13,"damage_taken":0},{"event_name":"Back to Basics","player_choice":"Simplicity","floor":21,"damage_taken":0},{"event_name":"Cursed Tome","player_choice":"Obtained Book","floor":25,"damage_taken":0}],"is_beta":false,"boss_relics":[{"not_picked":["White Beast Statue","Empty Cage"],"picked":"Black Star"}],"items_purged_floors":[3,20],"is_endless":false,"potions_floor_spawned":[2,5,14,19,24],"killed_by":"Automaton","ascension_level":0}