{"gold_per_floor":[112,123,123,140,159,159,186,186,186,361,380,46,70,98,98,196,196,212,231,231,250,95,95,120,135,135,135,151,181,201,219,219,322,322,335,346,346,357,357,357,357,357,357,357],"floor_reached":44,"playtime":2028,"items_purged":["Defend_G","Doubt"],"score":483,"play_id":"bbf5b416-83bb-483f-9a30-73f70d3c858c","local_time":"20190327191308","is_ascension_mode":true,"campfire_choices":[{"data":"Skewer","floor":6,"key":"SMITH"},{"data":"Neutralize","floor":8,"key":"SMITH"},{"data":"Sucker Punch","floor":15,"key":"SMITH"},{"data":"Infinite Blades","floor":23,"key":"SMITH"},{"floor":32,"key":"REST"},{"floor":40,"key":"REST"},{"data":"Storm of Steel","floor":42,"key":"SMITH"}],"neow_cost":"NONE","seed_source_timestamp":8107180246719996,"circlet_count":0,"master_deck":["Defend_G+1","Defend_G+1","Defend_G+1","Defend_G+1","Strike_G+1","Strike_G+1","Strike_G+1","Strike_G+1","Strike_G+1","Survivor","Neutralize+1","Endless Agony","Skewer+1","PiercingWail","Flying Knee","Poisoned Stab","Sucker Punch+1","Caltrops","Storm of Steel+1","Acrobatics","Shame","Deadly Poison","Infinite Blades+1","Crippling Poison+1","Quick Slash+1","Backstab+1","Die Die Die+1","Heel Hook+1"],"relics":["Ring of the Snake","Orichalcum","Unceasing Top","Torii","TheAbacus","Art of War","The Courier","WristBlade","Nunchaku","Whetstone","Molten Egg 2","Strawberry","White Beast Statue","Prayer Wheel"],"potions_floor_usage":[5,14,25,33,33,33,38,38,44],"damage_taken":[{"damage":3,"enemies":"Small Slimes","floor":1,"turns":4},{"damage":0,"enemies":"2 Louse","floor":2,"turns":3},{"damage":0,"enemies":"Jaw Worm","floor":4,"turns":3},{"damage":0,"enemies":"Blue Slaver","floor":5,"turns":6},{"damage":17,"enemies":"Lagavulin","floor":7,"turns":8},{"damage":0,"enemies":"Exordium Wildlife","floor":11,"turns":4},{"damage":2,"enemies":"Gremlin Nob","floor":14,"turns":4},{"damage":4,"enemies":"Hexaghost","floor":16,"turns":10},{"damage":2,"enemies":"Chosen","floor":18,"turns":3},{"damage":1,"enemies":"Spheric Guardian","floor":19,"turns":3},{"damage":4,"enemies":"Snake Plant","floor":21,"turns":5},{"damage":21,"enemies":"Gremlin Leader","floor":24,"turns":6},{"damage":7,"enemies":"Centurion and Healer","floor":25,"turns":4},{"damage":1,"enemies":"3 Cultists","floor":28,"turns":4},{"damage":11,"enemies":"Book of Stabbing","floor":29,"turns":6},{"damage":2,"enemies":"Snecko","floor":30,"turns":4},{"damage":1,"enemies":"Snake Plant","floor":31,"turns":3},{"damage":48,"enemies":"Collector","floor":33,"turns":11},{"damage":1,"enemies":"Orb Walker","floor":35,"turns":3},{"damage":25,"enemies":"3 Darklings","floor":36,"turns":4},{"damage":18,"enemies":"Maw","floor":38,"turns":8},{"damage":80,"enemies":"Giant Head","floor":44,"turns":8}],"seed_played":"1133270477526255099","potions_obtained":[{"floor":1,"key":"Strength Potion"},{"floor":2,"key":"Regen Potion"},{"floor":5,"key":"Regen Potion"},{"floor":14,"key":"Fire Potion"},{"floor":19,"key":"SkillPotion"},{"floor":29,"key":"EssenceOfSteel"},{"floor":35,"key":"SteroidPotion"},{"floor":36,"key":"GamblersBrew"},{"floor":38,"key":"SteroidPotion"}],"is_trial":false,"path_per_floor":["M","M","?","M","M","R","E","R","T","?","M","$","T","E","R","B",null,"M","M","?","M","$","R","E","M","T","?","M","E","M","M","R","B",null,"M","M","?","M","?","R","?","R","T","E"],"character_chosen":"THE_SILENT","items_purchased":["TheAbacus","Sucker Punch","Deadly Poison","Infinite Blades"],"campfire_rested":2,"item_purchase_floors":[12,12,22,22],"current_hp_per_floor":[67,67,53,53,68,68,51,51,51,51,51,51,51,61,61,57,70,68,67,67,63,63,63,42,35,35,35,34,30,28,27,50,2,77,76,51,51,33,33,54,73,73,73,0],"gold":357,"neow_bonus":"RANDOM_COMMON_RELIC","is_prod":false,"is_daily":false,"chose_seed":false,"campfire_upgraded":5,"win_rate":0,"timestamp":1553728388,"path_taken":["M","M","?","M","M","R","E","R","T","?","M","?","?","E","R","BOSS","M","M","?","M","$","R","E","M","T","?","M","E","M","?","R","BOSS","M","M","?","M","?","R","?","R","T","E"],"build_version":"2019-01-23","purchased_purges":2,"victory":false,"max_hp_per_floor":[70,70,70,70,70,70,70,70,70,70,70,70,70,70,70,70,70,70,70,70,70,70,70,70,70,70,70,70,77,77,77,77,77,77,77,77,77,77,73,73,73,73,73,73],"card_choices":[{"not_picked":["Leg Sweep","Footwork"],"picked":"Endless Agony","floor":1},{"not_picked":["Heel Hook","Underhanded Strike"],"picked":"Skewer","floor":2},{"not_picked":["Cloak And Dagger","Dodge and Roll"],"picked":"PiercingWail","floor":4},{"not_picked":["Quick Slash","Finisher"],"picked":"Flying Knee","floor":5},{"not_picked":["PiercingWail","Bane","Tactician"],"picked":"SKIP","floor":7},{"not_picked":["Dodge and Roll","Accuracy"],"picked":"Poisoned Stab","floor":11},{"not_picked":["Prepared","Poisoned Stab"],"picked":"Caltrops","floor":14},{"not_picked":["Bullet Time","Night Terror"],"picked":"Storm of Steel","floor":16},{"not_picked":["Leg Sweep","Bane","Blur"],"picked":"SKIP","floor":18},{"not_picked":["Accuracy+1","Tactician"],"picked":"Acrobatics","floor":19},{"not_picked":["Eviscerate","Bane","All Out Attack"],"picked":"SKIP","floor":21},{"not_picked":["Blur+1","Flying Knee+1","PiercingWail"],"picked":"SKIP","floor":24},{"not_picked":["Dodge and Roll+1","Predator+1","Dagger Spray"],"picked":"SKIP","floor":25},{"not_picked":["Prepared+1","Flying Knee+1"],"picked":"Crippling Poison+1","floor":28},{"not_picked":["Outmaneuver+1","Acrobatics"],"picked":"Quick Slash+1","floor":29},{"not_picked":["Dagger Spray+1","Distraction"],"picked":"Backstab+1","floor":30},{"not_picked":["Quick Slash+1","Venomology","Underhanded Strike+1"],"picked":"SKIP","floor":31},{"not_picked":["Night Terror","Venomology"],"picked":"Die Die Die+1","floor":33},{"not_picked":["Deflect","Deadly Poison+1"],"picked":"Heel Hook+1","floor":35},{"not_picked":["Expertise","Deadly Poison","Dagger Throw+1"],"picked":"SKIP","floor":36},{"not_picked":["Flying Knee+1","Choke+1","Acrobatics"],"picked":"SKIP","floor":38}],"player_experience":552449,"relics_obtained":[{"floor":7,"key":"Unceasing Top"},{"floor":9,"key":"Torii"},{"floor":13,"key":"Art of War"},{"floor":14,"key":"The Courier"},{"floor":24,"key":"Whetstone"},{"floor":26,"key":"Molten Egg 2"},{"floor":29,"key":"Strawberry"},{"floor":43,"key":"Prayer Wheel"}],"event_choices":[{"damage_healed":0,"gold_gain":0,"player_choice":"Entered Light","damage_taken":14,"max_hp_gain":0,"max_hp_loss":0,"event_name":"Shining Light","floor":3,"gold_loss":0,"cards_upgraded":["Strike_G","Defend_G"]},{"damage_healed":0,"gold_gain":175,"player_choice":"AGREE","damage_taken":0,"max_hp_gain":0,"max_hp_loss":0,"event_name":"Liars Game","floor":10,"gold_loss":0,"cards_obtained":["Doubt"]},{"damage_healed":0,"gold_gain":0,"player_choice":"Stole Relic","damage_taken":0,"relics_obtained":["Nunchaku"],"max_hp_gain":0,"max_hp_loss":0,"event_name":"Addict","floor":20,"gold_loss":0,"cards_obtained":["Shame"]},{"damage_healed":0,"gold_gain":0,"player_choice":"Simplicity","damage_taken":0,"max_hp_gain":0,"max_hp_loss":0,"event_name":"Back to Basics","floor":27,"gold_loss":0,"cards_upgraded":["Defend_G","Defend_G","Defend_G","Strike_G","Strike_G"]},{"damage_healed":0,"gold_gain":0,"player_choice":"Ignored","damage_taken":0,"max_hp_gain":0,"max_hp_loss":0,"event_name":"Tomb of Lord Red Mask","floor":37,"gold_loss":0},{"damage_healed":0,"gold_gain":0,"player_choice":"Max HP","damage_taken":0,"max_hp_gain":0,"max_hp_loss":4,"event_name":"Winding Halls","floor":39,"gold_loss":0},{"damage_healed":19,"gold_gain":0,"player_choice":"Full Heal","damage_taken":0,"max_hp_gain":0,"max_hp_loss":0,"event_name":"Wheel of Change","floor":41,"gold_loss":0}],"is_beta":false,"boss_relics":[{"not_picked":["Orrery","HoveringKite"],"picked":"WristBlade"},{"not_picked":["Black Star","Tiny House"],"picked":"White Beast Statue"}],"items_purged_floors":[12,22],"is_endless":false,"potions_floor_spawned":[1,2,5,14,19,24,29,30,35,36,38],"killed_by":"Giant Head","ascension_level":1}