{"gold_per_floor":[119,134,59,59,134,134,151,151,229,257,157,332,348,348,348,348],"floor_reached":16,"playtime":361,"items_purged":["Defend_G","Defend_G"],"score":98,"play_id":"84d6f78f-a0e2-40f5-a92b-7471128c7095","local_time":"20180713151528","is_ascension_mode":false,"campfire_choices":[{"data":"Dagger Spray","floor":6,"key":"SMITH"},{"data":"Neutralize","floor":8,"key":"SMITH"},{"data":"Survivor","floor":15,"key":"SMITH"}],"neow_cost":"NONE","seed_source_timestamp":198780855969906,"circlet_count":0,"master_deck":["Defend_G","Defend_G","Defend_G","Strike_G+1","Strike_G","Strike_G","Strike_G+1","Strike_G","Survivor+1","Neutralize+1","Dagger Spray+1","Doubt"],"relics":["Coffee Dripper","Blue Candle","Happy Flower"],"potions_floor_usage":[2,16,16],"damage_taken":[{"damage":1,"enemies":"Cultist","floor":1,"turns":4},{"damage":0,"enemies":"Small Slimes","floor":2,"turns":2},{"damage":0,"enemies":"2 Louse","floor":7,"turns":2},{"damage":25,"enemies":"Gremlin Nob","floor":10,"turns":5},{"damage":2,"enemies":"Looter","floor":13,"turns":2},{"damage":21,"enemies":"Slime Boss","floor":16,"turns":6}],"seed_played":"-185177108552242991","potions_obtained":[{"floor":1,"key":"AttackPotion"},{"floor":10,"key":"SteroidPotion"},{"floor":13,"key":"SpeedPotion"}],"is_trial":false,"path_per_floor":["M","M","$","?","?","R","M","R","T","E","$","?","M","?","R"],"character_chosen":"THE_SILENT","items_purchased":[],"campfire_rested":0,"item_purchase_floors":[],"current_hp_per_floor":[69,69,69,69,58,58,58,58,58,33,33,33,31,17,17,0],"gold":348,"neow_bonus":"BOSS_RELIC","is_prod":false,"is_daily":false,"chose_seed":false,"campfire_upgraded":3,"win_rate":0,"timestamp":1531509328,"path_taken":["M","?","$","?","?","R","M","R","T","E","$","?","M","?","R","BOSS"],"build_version":"2018-07-12","purchased_purges":2,"victory":false,"max_hp_per_floor":[70,70,70,70,70,70,70,70,70,70,70,70,70,70,70,70],"card_choices":[{"not_picked":["Dash","Leg Sweep","PiercingWail"],"picked":"SKIP","floor":1},{"not_picked":["Acrobatics","Quick Slash"],"picked":"Dagger Spray","floor":2},{"not_picked":["Endless Agony","Catalyst","Deflect"],"picked":"SKIP","floor":7},{"not_picked":["Accuracy","Escape Plan","Tools of the Trade"],"picked":"SKIP","floor":10},{"not_picked":["Distraction","Leg Sweep","Dagger Spray"],"picked":"SKIP","floor":13}],"player_experience":249062,"relics_obtained":[{"floor":9,"key":"Blue Candle"},{"floor":10,"key":"Happy Flower"}],"event_choices":[{"event_name":"The Woman in Blue","player_choice":"Bought 0 Potions","floor":4,"damage_taken":0},{"event_name":"World of Goop","player_choice":"Gather Gold","floor":5,"damage_taken":0},{"event_name":"Liars Game","player_choice":"agreed","floor":12,"damage_taken":0},{"event_name":"Shining Light","player_choice":"Entered Light","floor":14,"damage_taken":0}],"boss_relics":[],"items_purged_floors":[3,11],"is_endless":false,"potions_floor_spawned":[1,10,13],"killed_by":"Slime Boss","ascension_level":0}