{"gold_per_floor":[110,120,137,156,175,175,175,175,175,175,175,191,222,277,277,277],"floor_reached":16,"playtime":759,"items_purged":[],"score":102,"play_id":"94d64b14-d63b-4ab4-90b4-cefdae92dcd7","local_time":"20180704230903","is_ascension_mode":false,"campfire_choices":[{"data":"Bane","floor":6,"key":"SMITH"},{"data":"Neutralize","floor":8,"key":"SMITH"},{"floor":11,"key":"REST"},{"floor":15,"key":"REST"}],"neow_cost":"NONE","seed_source_timestamp":1199479714595839,"circlet_count":0,"master_deck":["Defend_G","Defend_G","Defend_G","Defend_G","Strike_G","Strike_G","Strike_G","Strike_G","Strike_G","Survivor+1","Neutralize+1","Bane+1","Deadly Poison","Flying Knee","Bouncing Flask","Poisoned Stab","Bane","Crippling Poison","Bane"],"relics":["Ring of the Snake","Mummified Hand","Matryoshka","Dodecahedron"],"potions_floor_usage":[16,16],"damage_taken":[{"damage":6,"enemies":"2 Louse","floor":1,"turns":3},{"damage":0,"enemies":"Small Slimes","floor":2,"turns":4},{"damage":0,"enemies":"Cultist","floor":3,"turns":3},{"damage":20,"enemies":"Lots of Slimes","floor":4,"turns":3},{"damage":6,"enemies":"Exordium Wildlife","floor":5,"turns":3},{"damage":7,"enemies":"Looter","floor":12,"turns":2},{"damage":18,"enemies":"Lagavulin","floor":13,"turns":5},{"damage":22,"enemies":"Lagavulin Event","floor":14,"turns":4},{"damage":44,"enemies":"The Guardian","floor":16,"turns":7}],"seed_played":"5125401008701155185","potions_obtained":[{"floor":1,"key":"GhostInAJar"},{"floor":4,"key":"FearPotion"},{"floor":5,"key":"FairyPotion"}],"is_trial":false,"path_per_floor":["M","M","M","M","M","R","?","R","T","$","R","M","E","?","R"],"character_chosen":"THE_SILENT","items_purchased":[],"campfire_rested":2,"item_purchase_floors":[],"current_hp_per_floor":[64,64,64,44,38,38,38,38,38,38,59,52,34,12,33,0],"gold":277,"neow_bonus":"REMOVE_CARD","is_prod":false,"is_daily":false,"chose_seed":false,"campfire_upgraded":2,"win_rate":0.0,"timestamp":1530760143,"path_taken":["M","M","M","M","M","R","?","R","T","?","R","?","E","?","R","BOSS"],"build_version":"2018-06-28","purchased_purges":0,"victory":false,"max_hp_per_floor":[70,70,70,70,70,70,70,70,70,70,70,70,70,70,70,70],"card_choices":[{"not_picked":["Malaise","Acrobatics"],"picked":"Bane","floor":1},{"not_picked":["Dagger Throw","Noxious Fumes"],"picked":"Deadly Poison","floor":2},{"not_picked":["Leg Sweep","Acrobatics"],"picked":"Flying Knee","floor":3},{"not_picked":["Backflip","Prepared"],"picked":"Bouncing Flask","floor":4},{"not_picked":["Outmaneuver","Dagger Throw"],"picked":"Poisoned Stab","floor":5},{"not_picked":["Deadly Poison","Endless Agony"],"picked":"Bane","floor":12},{"not_picked":["Poisoned Stab","Doppelganger"],"picked":"Crippling Poison","floor":13},{"not_picked":["Expertise","Malaise"],"picked":"Bane","floor":14}],"player_experience":18064,"relics_obtained":[{"floor":9,"key":"Mummified Hand"},{"floor":13,"key":"Matryoshka"},{"floor":14,"key":"Dodecahedron"}],"event_choices":[{"event_name":"Living Wall","player_choice":"Grow","floor":7,"damage_taken":0},{"event_name":"Dead Adventurer","player_choice":"Searched \u00272\u0027 times","floor":14,"damage_taken":0}],"boss_relics":[],"items_purged_floors":[],"is_endless":false,"potions_floor_spawned":[1,4,5],"killed_by":"The Guardian","ascension_level":0}