{"gold_per_floor":[112,130,130,130,130,144,144,179,179,190,207,207,61,76,76,76],"floor_reached":16,"playtime":409,"items_purged":[],"score":102,"play_id":"dc534211-03d8-46d2-beb8-3f3cd3c8ab5c","local_time":"20180924021637","is_ascension_mode":false,"campfire_choices":[{"data":"Bash","floor":7,"key":"SMITH"},{"floor":15,"key":"REST"}],"neow_cost":"CURSE","seed_source_timestamp":227443991505917,"circlet_count":0,"master_deck":["Strike_R","Strike_R","Strike_R","Strike_R","Strike_R","Defend_R","Defend_R","Defend_R","Bash+1","Offering","Cleave+1","Perfected Strike","Flex"],"relics":["Burning Blood","Bird Faced Urn","Kunai","Strawberry","PreservedInsect"],"potions_floor_usage":[10,16,16,16],"damage_taken":[{"damage":6,"enemies":"Small Slimes","floor":1,"turns":3},{"damage":17,"enemies":"Jaw Worm","floor":2,"turns":3},{"damage":6,"enemies":"Cultist","floor":6,"turns":3},{"damage":22,"enemies":"Gremlin Nob","floor":8,"turns":3},{"damage":8,"enemies":"Looter","floor":10,"turns":2},{"damage":6,"enemies":"Exordium Thugs","floor":11,"turns":3},{"damage":18,"enemies":"3 Louse","floor":14,"turns":2},{"damage":81,"enemies":"The Guardian","floor":16,"turns":7}],"seed_played":"-1045321812695728263","potions_obtained":[{"floor":8,"key":"Weak Potion"},{"floor":10,"key":"SkillPotion"},{"floor":11,"key":"Regen Potion"},{"floor":14,"key":"Energy Potion"}],"is_trial":false,"path_per_floor":["M","M","?","?","?","M","R","E","T","M","M","T","$","M","R"],"character_chosen":"IRONCLAD","items_purchased":["PreservedInsect"],"campfire_rested":1,"item_purchase_floors":[13],"current_hp_per_floor":[80,69,62,62,62,62,62,46,46,44,44,51,51,39,65,0],"gold":76,"neow_bonus":"THREE_RARE_CARDS","is_prod":false,"is_daily":false,"chose_seed":false,"campfire_upgraded":1,"win_rate":0,"timestamp":1537769797,"path_taken":["M","M","?","?","?","M","R","E","T","M","M","?","$","M","R","BOSS"],"build_version":"2018-09-20","purchased_purges":0,"victory":false,"max_hp_per_floor":[80,80,80,80,80,80,80,80,80,80,80,87,87,87,87,87],"card_choices":[{"not_picked":["Immolate","Feed"],"picked":"Offering","floor":0},{"not_picked":["Dual Wield","Clothesline"],"picked":"Cleave","floor":1},{"not_picked":["Corruption","Evolve","Sword Boomerang"],"picked":"SKIP","floor":2},{"not_picked":["Warcry","Iron Wave","Infernal Blade"],"picked":"SKIP","floor":6},{"not_picked":["Reckless Charge","Clothesline"],"picked":"Perfected Strike","floor":8},{"not_picked":["Cleave","Clothesline"],"picked":"Flex","floor":10},{"not_picked":["Shockwave","Rupture","Havoc"],"picked":"SKIP","floor":11},{"not_picked":["Armaments","Impervious","Pummel"],"picked":"SKIP","floor":14}],"player_experience":393814,"relics_obtained":[{"floor":8,"key":"Bird Faced Urn"},{"floor":9,"key":"Kunai"},{"floor":12,"key":"Strawberry"}],"event_choices":[{"event_name":"Golden Wing","player_choice":"Card Removal","floor":3,"damage_taken":0},{"event_name":"Upgrade Shrine","player_choice":"Upgraded","floor":4,"damage_taken":0},{"event_name":"Bonfire Elementals","player_choice":"BASIC","floor":5,"damage_taken":0}],"is_beta":false,"boss_relics":[],"items_purged_floors":[],"is_endless":false,"potions_floor_spawned":[8,10,11,14],"killed_by":"The Guardian","ascension_level":0}