{"gold_per_floor":[214,16,27,94,108,123,135,168,168,183,183,202,234,85,85,188,188,200,125,125,40,58,90,189,189,262,297,313,313],"floor_reached":29,"playtime":1654,"items_purged":["Strike_G"],"score":315,"play_id":"cc7d98ef-86d5-4c6d-8c18-0f424c593601","local_time":"20190328200926","is_ascension_mode":true,"campfire_choices":[{"data":"Dagger Spray","floor":11,"key":"SMITH"},{"data":"A Thousand Cuts","floor":15,"key":"SMITH"},{"data":"Tools of the Trade","floor":25,"key":"SMITH"}],"neow_cost":"NONE","seed_source_timestamp":8197338415316394,"circlet_count":0,"master_deck":["Defend_G","Defend_G","Defend_G","Defend_G","Defend_G","Strike_G","Strike_G","Strike_G","Strike_G","Survivor","Neutralize","Backstab","Dagger Spray+1","Deadly Poison+1","PiercingWail+1","A Thousand Cuts+1","Cloak And Dagger+1","Underhanded Strike+1","Quick Slash+1","Tools of the Trade+1","Bouncing Flask+1","Bouncing Flask+1","Backflip+1","Blade Dance+1","Blade Dance+1","Regret","Leg Sweep+1","Prepared+1"],"relics":["Ring of the Snake","ClockworkSouvenir","Toxic Egg 2","Mummified Hand","Molten Egg 2","Cursed Key","Pear","Bottled Flame","Unceasing Top"],"potions_floor_usage":[6,8,8,22,27],"damage_taken":[{"damage":5,"enemies":"Small Slimes","floor":1,"turns":4},{"damage":0,"enemies":"Jaw Worm","floor":3,"turns":3},{"damage":0,"enemies":"2 Louse","floor":5,"turns":2},{"damage":17,"enemies":"Large Slime","floor":6,"turns":9},{"damage":0,"enemies":"2 Fungi Beasts","floor":7,"turns":3},{"damage":0,"enemies":"Gremlin Nob","floor":8,"turns":2},{"damage":0,"enemies":"Lots of Slimes","floor":10,"turns":3},{"damage":0,"enemies":"Blue Slaver","floor":12,"turns":3},{"damage":15,"enemies":"3 Sentries","floor":13,"turns":5},{"damage":5,"enemies":"Slime Boss","floor":16,"turns":8},{"damage":5,"enemies":"Chosen","floor":18,"turns":4},{"damage":12,"enemies":"2 Thieves","floor":22,"turns":2},{"damage":10,"enemies":"Slavers","floor":23,"turns":3},{"damage":27,"enemies":"Gremlin Leader","floor":27,"turns":5},{"damage":4,"enemies":"Centurion and Healer","floor":28,"turns":7},{"damage":25,"enemies":"Slavers","floor":29,"turns":3}],"seed_played":"-1710742546753240203","potions_obtained":[{"floor":1,"key":"Block Potion"},{"floor":5,"key":"SteroidPotion"},{"floor":6,"key":"SkillPotion"},{"floor":10,"key":"Energy Potion"},{"floor":23,"key":"Energy Potion"}],"is_trial":false,"path_per_floor":["M","$","M","?","M","M","M","E","T","M","R","M","E","$","R","B",null,"M","$","?","?","M","E","?","R","T","E","M","E"],"character_chosen":"THE_SILENT","items_purchased":["ClockworkSouvenir","Underhanded Strike+1","Quick Slash+1","Bouncing Flask+1"],"campfire_rested":0,"item_purchase_floors":[2,14,14,19],"current_hp_per_floor":[65,65,65,65,65,48,48,48,48,48,48,48,33,33,33,28,70,65,65,65,75,63,53,53,53,53,26,22,0],"gold":313,"neow_bonus":"HUNDRED_GOLD","is_prod":false,"is_daily":false,"chose_seed":false,"campfire_upgraded":3,"win_rate":0,"timestamp":1553818166,"path_taken":["M","$","M","?","M","M","M","E","T","M","R","M","E","$","R","BOSS","M","$","?","?","M","E","?","R","T","E","?","E"],"build_version":"2019-01-23","purchased_purges":1,"victory":false,"max_hp_per_floor":[70,70,70,70,70,70,70,70,70,70,70,70,70,70,70,70,70,70,70,70,80,80,80,80,80,80,80,80,80],"card_choices":[{"not_picked":["Masterful Stab","Distraction"],"picked":"Backstab","floor":1},{"not_picked":["Accuracy","Concentrate","Infinite Blades"],"picked":"SKIP","floor":3},{"not_picked":["Outmaneuver","Bane","Slice"],"picked":"SKIP","floor":5},{"not_picked":["Slice","Deflect","Eviscerate"],"picked":"SKIP","floor":6},{"not_picked":["Flechettes","Accuracy"],"picked":"Dagger Spray","floor":7},{"not_picked":["Quick Slash","Outmaneuver"],"picked":"Deadly Poison","floor":8},{"not_picked":["Backstab","Infinite Blades"],"picked":"PiercingWail+1","floor":10},{"not_picked":["Tactician+1","Quick Slash"],"picked":"A Thousand Cuts","floor":12},{"not_picked":["PiercingWail+1","Slice"],"picked":"Cloak And Dagger+1","floor":13},{"not_picked":["Glass Knife+1","Unload+1"],"picked":"Tools of the Trade","floor":16},{"not_picked":["Dodge and Roll+1","Escape Plan+1"],"picked":"Bouncing Flask+1","floor":18},{"not_picked":["Deflect+1","Poisoned Stab+1"],"picked":"Blade Dance+1","floor":22},{"not_picked":["Poisoned Stab+1","Dagger Throw+1"],"picked":"Blade Dance+1","floor":23},{"not_picked":["Heel Hook+1","Flying Knee+1"],"picked":"Leg Sweep+1","floor":27},{"not_picked":["Sucker Punch+1","Dagger Spray+1"],"picked":"Prepared+1","floor":28}],"player_experience":587478,"relics_obtained":[{"floor":8,"key":"Toxic Egg 2"},{"floor":9,"key":"Mummified Hand"},{"floor":13,"key":"Molten Egg 2"},{"floor":23,"key":"Bottled Flame"},{"floor":27,"key":"Unceasing Top"}],"event_choices":[{"damage_healed":0,"gold_gain":67,"player_choice":"Gained Gold","damage_taken":0,"max_hp_gain":0,"max_hp_loss":0,"event_name":"Golden Wing","floor":4,"gold_loss":0},{"damage_healed":0,"gold_gain":0,"player_choice":"Read","damage_taken":0,"max_hp_gain":0,"max_hp_loss":0,"event_name":"The Library","floor":20,"gold_loss":0,"cards_obtained":["Backflip"]},{"damage_healed":0,"gold_gain":0,"player_choice":"Obtained Relic","damage_taken":0,"relics_obtained":["Pear"],"max_hp_gain":0,"max_hp_loss":0,"event_name":"Addict","floor":21,"gold_loss":85},{"damage_healed":0,"gold_gain":99,"player_choice":"Stole From Cult","damage_taken":0,"max_hp_gain":0,"max_hp_loss":0,"event_name":"Nest","floor":24,"gold_loss":0}],"is_beta":false,"boss_relics":[{"not_picked":["Orrery","Astrolabe"],"picked":"Cursed Key"}],"items_purged_floors":[14],"is_endless":false,"potions_floor_spawned":[1,5,6,10,23],"killed_by":"Slavers","ascension_level":1}