{"gold_per_floor":[113,123,142,142,155,155,11,11,87,87,97,107,124,142,142,245,245,259,277,277,277],"floor_reached":21,"playtime":618,"items_purged":["Defend_R"],"score":175,"play_id":"e218e5ed-d726-41cc-978a-f16d44f8fba2","local_time":"20180706011825","is_ascension_mode":false,"campfire_choices":[{"floor":6,"key":"REST"},{"data":"Perfected Strike","floor":8,"key":"SMITH"},{"floor":15,"key":"REST"}],"neow_cost":"NONE","seed_source_timestamp":1293783896427635,"circlet_count":0,"master_deck":["Strike_R","Strike_R","Strike_R","Strike_R","Strike_R","Defend_R","Defend_R","Bash","Thunderclap","Bash","Flex","Perfected Strike+1","Perfected Strike","Inflame","Bludgeon","Perfected Strike","Decay"],"relics":["Runic Pyramid","Letter Opener","Mark of Pain"],"potions_floor_usage":[21],"damage_taken":[{"damage":11,"enemies":"Jaw Worm","floor":1,"turns":2},{"damage":6,"enemies":"Cultist","floor":2,"turns":3},{"damage":5,"enemies":"2 Louse","floor":3,"turns":2},{"damage":33,"enemies":"Exordium Thugs","floor":5,"turns":5},{"damage":9,"enemies":"2 Fungi Beasts","floor":11,"turns":2},{"damage":12,"enemies":"3 Louse","floor":12,"turns":2},{"damage":0,"enemies":"Looter","floor":13,"turns":1},{"damage":7,"enemies":"Blue Slaver","floor":14,"turns":2},{"damage":7,"enemies":"Slime Boss","floor":16,"turns":8},{"damage":22,"enemies":"Shell Parasite","floor":18,"turns":3},{"damage":30,"enemies":"2 Thieves","floor":19,"turns":3},{"damage":36,"enemies":"Centurion and Healer","floor":21,"turns":3}],"seed_played":"-773595564224953358","potions_obtained":[{"floor":2,"key":"Dexterity Potion"},{"floor":5,"key":"SkillPotion"},{"floor":12,"key":"SpeedPotion"},{"floor":13,"key":"PowerPotion"},{"floor":14,"key":"Swift Potion"},{"floor":19,"key":"FearPotion"}],"is_trial":false,"path_per_floor":["M","M","M","?","M","R","$","R","T","?","M","M","M","M","R","B",null,"M","M","?"],"character_chosen":"IRONCLAD","items_purchased":["Flex","Perfected Strike"],"campfire_rested":2,"item_purchase_floors":[7,7],"current_hp_per_floor":[69,63,58,58,25,49,49,49,49,49,40,28,28,21,45,38,80,58,28,28,0],"gold":277,"neow_bonus":"BOSS_RELIC","is_prod":false,"is_daily":false,"chose_seed":false,"campfire_upgraded":1,"win_rate":0.0,"timestamp":1530854305,"path_taken":["M","M","M","?","M","R","?","R","T","?","M","?","M","M","R","BOSS","M","M","?","M"],"build_version":"2018-06-28","purchased_purges":1,"victory":false,"max_hp_per_floor":[80,80,80,80,80,80,80,80,80,80,80,80,80,80,80,80,80,80,80,80,80],"card_choices":[{"not_picked":["Heavy Blade","Anger","Warcry"],"picked":"SKIP","floor":1},{"not_picked":["Combust","Havoc","Pommel Strike"],"picked":"SKIP","floor":2},{"not_picked":["Clothesline","Uppercut"],"picked":"Thunderclap","floor":3},{"not_picked":["Sever Soul","Dual Wield","Rage"],"picked":"SKIP","floor":5},{"not_picked":["Anger","Armaments"],"picked":"Perfected Strike","floor":11},{"not_picked":["Uppercut","Pommel Strike","Havoc"],"picked":"SKIP","floor":12},{"not_picked":["Reckless Charge","Shockwave","Shrug It Off"],"picked":"SKIP","floor":13},{"not_picked":["Thunderclap","Carnage"],"picked":"Inflame","floor":14},{"not_picked":["Fiend Fire","Impervious"],"picked":"Bludgeon","floor":16},{"not_picked":["Feel No Pain","Evolve+1"],"picked":"Perfected Strike","floor":18},{"not_picked":["Headbutt","Dropkick+1","Twin Strike"],"picked":"SKIP","floor":19}],"player_experience":72185,"relics_obtained":[{"floor":9,"key":"Letter Opener"}],"event_choices":[{"event_name":"Match and Keep!","player_choice":"1 cards matched","floor":4,"damage_taken":0},{"event_name":"Living Wall","player_choice":"Forget","floor":10,"damage_taken":0},{"event_name":"Forgotten Altar","player_choice":"Smashed Altar","floor":20,"damage_taken":0}],"boss_relics":[{"not_picked":["Calling Bell","Eternal Feather"],"picked":"Mark of Pain"}],"items_purged_floors":[7],"is_endless":false,"potions_floor_spawned":[2,5,12,13,14,19],"killed_by":"Centurion and Healer","ascension_level":0}