{"gold_per_floor":[118,130,147,166,22,22,35,61,88,100,124,148,160,172,184,299,311,333,355,65,80,91,91,101,129,129,142,142,142,67,79,79,183,183,202,202,213,89,108,108,122,122,122,122,132,57,57,57,57,57],"floor_reached":51,"playtime":3504,"items_purged":["Zap"],"score":773,"play_id":"c3c95f06-a8be-42a0-a92b-5afd453ad756","local_time":"20190325141441","is_ascension_mode":true,"campfire_choices":[{"data":"Creative AI","floor":6,"key":"SMITH"},{"floor":10,"key":"REST"},{"floor":15,"key":"REST"},{"data":"Glacier","floor":23,"key":"SMITH"},{"floor":28,"key":"REST"},{"data":"Blizzard","floor":32,"key":"SMITH"},{"data":"Reinforced Body","floor":40,"key":"SMITH"},{"floor":42,"key":"REST"},{"data":"Sunder","floor":47,"key":"SMITH"},{"floor":49,"key":"REST"}],"neow_cost":"TEN_PERCENT_HP_LOSS","seed_source_timestamp":9755276355300,"circlet_count":0,"master_deck":["Strike_B+1","Strike_B+1","Strike_B+1","Strike_B+1","Defend_B+1","Defend_B+1","Defend_B+1","Defend_B+1","Dualcast","Creative AI+1","Genetic Algorithm+1","Reinforced Body+1","Conserve Battery","Blizzard+1","Glacier+1","Cold Snap+1","Cold Snap","Heatsinks+1","Machine Learning+1","Self Repair+1","Madness","Madness","Rip and Tear+1","Chill+1","Flash of Steel","Discovery","Madness","Sunder+1"],"relics":["Cracked Core","Orichalcum","Bronze Scales","MawBank","Boot","Cursed Key","Frozen Egg 2","Ancient Tea Set","Busted Crown"],"potions_floor_usage":[25,25,41,50,50,50],"damage_taken":[{"damage":0,"enemies":"2 Louse","floor":1,"turns":2},{"damage":7,"enemies":"Small Slimes","floor":2,"turns":3},{"damage":7,"enemies":"Jaw Worm","floor":3,"turns":3},{"damage":8,"enemies":"Large Slime","floor":4,"turns":8},{"damage":3,"enemies":"3 Louse","floor":7,"turns":4},{"damage":17,"enemies":"3 Sentries","floor":8,"turns":14},{"damage":3,"enemies":"Exordium Wildlife","floor":11,"turns":5},{"damage":8,"enemies":"2 Fungi Beasts","floor":12,"turns":5},{"damage":28,"enemies":"Hexaghost","floor":16,"turns":11},{"damage":6,"enemies":"Chosen","floor":18,"turns":6},{"damage":20,"enemies":"2 Thieves","floor":19,"turns":4},{"damage":0,"enemies":"Snecko","floor":21,"turns":9},{"damage":1,"enemies":"Centurion and Healer","floor":22,"turns":10},{"damage":8,"enemies":"Snake Plant","floor":24,"turns":6},{"damage":3,"enemies":"Gremlin Leader","floor":25,"turns":11},{"damage":13,"enemies":"Shelled Parasite and Fungi","floor":27,"turns":11},{"damage":7,"enemies":"Centurion and Healer","floor":31,"turns":8},{"damage":19,"enemies":"Collector","floor":33,"turns":15},{"damage":5,"enemies":"Orb Walker","floor":35,"turns":6},{"damage":13,"enemies":"3 Darklings","floor":37,"turns":8},{"damage":30,"enemies":"Spire Growth","floor":39,"turns":8},{"damage":19,"enemies":"Jaw Worm Horde","floor":41,"turns":5},{"damage":0,"enemies":"Sphere and 2 Shapes","floor":45,"turns":6},{"damage":49,"enemies":"Awakened One","floor":50,"turns":19}],"seed_played":"5075999132235349166","potions_obtained":[{"floor":2,"key":"GamblersBrew"},{"floor":3,"key":"Dexterity Potion"},{"floor":11,"key":"FearPotion"},{"floor":16,"key":"Weak Potion"},{"floor":22,"key":"Swift Potion"},{"floor":31,"key":"FearPotion"},{"floor":41,"key":"Ancient Potion"},{"floor":45,"key":"SteroidPotion"}],"is_trial":false,"path_per_floor":["?","?","?","?","?","?","$","?"],"character_chosen":"DEFECT","items_purchased":["Orichalcum","Frozen Egg 2","Cold Snap","Dexterity Potion","Sunder"],"campfire_rested":5,"item_purchase_floors":[5,20,20,38,46],"current_hp_per_floor":[68,61,54,46,46,46,43,26,26,46,43,35,35,28,48,20,68,62,42,42,42,41,41,33,30,30,17,37,37,37,30,30,21,68,68,59,56,56,36,36,27,47,47,37,47,47,47,47,67,28],"gold":57,"neow_bonus":"THREE_RARE_CARDS","is_prod":false,"is_daily":false,"chose_seed":false,"campfire_upgraded":5,"win_rate":0,"timestamp":1553537681,"path_taken":["M","M","M","M","$","R","M","E","T","R","M","M","?","?","R","BOSS","M","M","$","M","M","R","M","E","T","M","R","?","?","M","R","BOSS","M","?","M","$","M","R","M","R","T","?","M","?","R","?","R","BOSS"],"build_version":"2019-01-23","purchased_purges":1,"victory":true,"max_hp_per_floor":[68,68,68,68,68,68,68,68,68,68,68,68,68,68,68,68,68,68,68,68,68,68,68,68,68,68,68,68,68,68,68,68,68,68,68,68,68,68,68,68,68,68,68,68,68,68,68,68,68,68],"card_choices":[{"not_picked":["Seek","Biased Cognition"],"picked":"Creative AI","floor":0},{"not_picked":["Hologram","Gash"],"picked":"Genetic Algorithm","floor":1},{"not_picked":["Fusion","Skim"],"picked":"Reinforced Body","floor":2},{"not_picked":["Coolheaded","Stack"],"picked":"Conserve Battery","floor":3},{"not_picked":["Fusion","Hello World"],"picked":"Auto Shields","floor":4},{"not_picked":["Hologram","Rebound","Consume"],"picked":"SKIP","floor":7},{"not_picked":["Compile Driver","Tempest"],"picked":"Blizzard","floor":8},{"not_picked":["Loop","Chaos","Steam Power"],"picked":"SKIP","floor":11},{"not_picked":["Turbo","Steam","Rainbow"],"picked":"SKIP","floor":12},{"not_picked":["Doom and Gloom","Chill+1"],"picked":"Glacier","floor":18},{"not_picked":["Sunder","Tempest"],"picked":"Cold Snap+1","floor":19},{"not_picked":["Beam Cell+1","Tempest"],"picked":"Heatsinks+1","floor":21},{"not_picked":["Fusion+1","Hologram","Conserve Battery"],"picked":"SKIP","floor":22},{"not_picked":["Fusion","Recycle","Streamline+1"],"picked":"SKIP","floor":24},{"not_picked":["Scrape","Coolheaded"],"picked":"Machine Learning+1","floor":25},{"not_picked":["Redo+1","Hello World+1","Genetic Algorithm"],"picked":"SKIP","floor":27},{"not_picked":["Stack","Steam+1"],"picked":"Self Repair+1","floor":31},{"not_picked":["Cold Snap"],"picked":"SKIP","floor":35},{"not_picked":["Recycle"],"picked":"SKIP","floor":37},{"not_picked":[],"picked":"Rip and Tear+1","floor":39},{"not_picked":[],"picked":"Chill+1","floor":41},{"not_picked":[],"picked":"Flash of Steel","floor":44},{"not_picked":[],"picked":"Discovery","floor":44},{"not_picked":[],"picked":"Madness","floor":44},{"not_picked":["Redo+1"],"picked":"SKIP","floor":45}],"player_experience":278669,"relics_obtained":[{"floor":8,"key":"Bronze Scales"},{"floor":9,"key":"MawBank"},{"floor":25,"key":"Ancient Tea Set"}],"event_choices":[{"damage_healed":0,"gold_gain":0,"player_choice":"Grow","damage_taken":0,"max_hp_gain":0,"max_hp_loss":0,"event_name":"Living Wall","floor":13,"gold_loss":0,"cards_upgraded":["Genetic Algorithm"]},{"damage_healed":0,"gold_gain":0,"player_choice":"Success","damage_taken":7,"relics_obtained":["Boot"],"max_hp_gain":0,"max_hp_loss":0,"event_name":"Scrap Ooze","floor":14,"gold_loss":0},{"damage_healed":0,"gold_gain":0,"player_choice":"Simplicity","damage_taken":0,"max_hp_gain":0,"max_hp_loss":0,"event_name":"Back to Basics","floor":29,"gold_loss":0,"cards_upgraded":["Strike_B","Strike_B","Strike_B","Strike_B","Defend_B","Defend_B","Defend_B","Defend_B"]},{"cards_removed":["Auto Shields"],"damage_healed":0,"gold_gain":0,"player_choice":"Gave Gold","damage_taken":0,"max_hp_gain":0,"max_hp_loss":0,"event_name":"Beggar","floor":30,"gold_loss":75},{"damage_healed":0,"gold_gain":0,"player_choice":"Embrace Madness","damage_taken":9,"max_hp_gain":0,"max_hp_loss":0,"event_name":"Winding Halls","floor":36,"gold_loss":0,"cards_obtained":["Madness","Madness"]},{"damage_healed":0,"gold_gain":0,"player_choice":"Memory 3","damage_taken":10,"max_hp_gain":0,"max_hp_loss":0,"event_name":"SensoryStone","floor":44,"gold_loss":0},{"damage_healed":0,"gold_gain":0,"player_choice":"Ignored","damage_taken":0,"max_hp_gain":0,"max_hp_loss":0,"event_name":"Mysterious Sphere","floor":48,"gold_loss":0}],"is_beta":false,"boss_relics":[{"not_picked":["Runic Dome","Tiny House"],"picked":"Cursed Key"},{"not_picked":["Orrery","Black Star"],"picked":"Busted Crown"}],"items_purged_floors":[38],"is_endless":false,"potions_floor_spawned":[2,3,11,16,18,22,31,41,45],"ascension_level":4}