{"gold_per_floor":[118,42,61,73,73,99,99,99,172,192,28,47,47,72,72,72],"floor_reached":16,"playtime":1773,"items_purged":["Defend_R"],"score":110,"play_id":"aac2797e-01a0-4f0f-8879-4cedfdaa45f7","local_time":"20180704115227","is_ascension_mode":false,"campfire_choices":[{"floor":7,"key":"REST"},{"data":"Flash of Steel","floor":13,"key":"SMITH"},{"floor":15,"key":"REST"}],"neow_cost":"","seed_source_timestamp":1157859257235558,"circlet_count":0,"master_deck":["Strike_R","Strike_R","Strike_R","Strike_R","Strike_R","Defend_R","Defend_R","Defend_R","Bash","Sword Boomerang+1","Perfected Strike","Thunderclap","Iron Wave+1","Sever Soul","Shrug It Off","Perfected Strike","Flash of Steel+1","Twin Strike","Reaper"],"relics":["Burning Blood","Vajra","Frozen Egg 2","Lantern"],"potions_floor_usage":[],"damage_taken":[{"damage":2,"enemies":"2 Louse","floor":1,"turns":3},{"damage":7,"enemies":"Small Slimes","floor":3,"turns":3},{"damage":11,"enemies":"Jaw Worm","floor":4,"turns":2},{"damage":29,"enemies":"3 Sentries","floor":6,"turns":8},{"damage":26,"enemies":"Exordium Thugs","floor":10,"turns":4},{"damage":0,"enemies":"Exordium Wildlife","floor":12,"turns":3},{"damage":36,"enemies":"Lagavulin","floor":14,"turns":4},{"damage":66,"enemies":"The Guardian","floor":16,"turns":7}],"seed_played":"-6916011997023117718","potions_obtained":[{"floor":4,"key":"SmokeBomb"}],"is_trial":false,"path_per_floor":["M","$","M","M","?","E","R","?","T","M","$","M","R","E","R"],"character_chosen":"IRONCLAD","items_purchased":["Perfected Strike","Thunderclap","Flash of Steel"],"campfire_rested":2,"item_purchase_floors":[2,2,11],"current_hp_per_floor":[80,80,79,74,58,35,59,80,80,60,60,66,66,36,60,0],"gold":72,"neow_bonus":"","is_prod":false,"is_daily":false,"chose_seed":false,"campfire_upgraded":1,"win_rate":0.0,"timestamp":1530719547,"path_taken":["M","$","M","M","?","E","R","?","T","M","$","M","R","E","R","BOSS"],"build_version":"2018-06-28","purchased_purges":1,"victory":false,"max_hp_per_floor":[80,80,80,80,80,80,80,80,80,80,80,80,80,80,80,80],"card_choices":[{"not_picked":["Flex","Headbutt"],"picked":"Sword Boomerang","floor":1},{"not_picked":["Reckless Charge","Warcry"],"picked":"Iron Wave","floor":3},{"not_picked":["Hemokinesis","Shrug It Off"],"picked":"Sever Soul","floor":4},{"not_picked":["Body Slam","Iron Wave"],"picked":"Shrug It Off","floor":6},{"not_picked":["Thunderclap","Pommel Strike"],"picked":"Perfected Strike","floor":10},{"not_picked":["Sword Boomerang","Flex"],"picked":"Twin Strike","floor":12},{"not_picked":["True Grit","Thunderclap"],"picked":"Reaper","floor":14}],"player_experience":0,"relics_obtained":[{"floor":6,"key":"Vajra"},{"floor":9,"key":"Frozen Egg 2"},{"floor":14,"key":"Lantern"}],"event_choices":[{"event_name":"Shining Light","player_choice":"Entered Light","floor":5,"damage_taken":0},{"event_name":"Big Fish","player_choice":"Banana","floor":8,"damage_taken":0}],"boss_relics":[],"items_purged_floors":[11],"is_endless":false,"potions_floor_spawned":[4],"killed_by":"The Guardian","ascension_level":0}