{"gold_per_floor":[119,119,26,26,40,73,73,98,98,98,98,117,149,164,164,267,267,278,122,134,153,168,168],"floor_reached":23,"playtime":750,"items_purged":[],"score":248,"play_id":"0755993c-521c-4a5f-8949-6bfcf5131c6b","local_time":"20190328010826","is_ascension_mode":true,"campfire_choices":[{"data":"Backflip","floor":7,"key":"SMITH"},{"data":"Sucker Punch","floor":10,"key":"SMITH"},{"floor":15,"key":"REST"}],"neow_cost":"NONE","seed_source_timestamp":8129777569203271,"circlet_count":0,"master_deck":["Defend_G+1","Defend_G","Defend_G","Defend_G+1","Strike_G","Strike_G","Survivor","Neutralize","Sucker Punch+1","Flying Knee","Backflip+1","Backflip","Choke","Storm of Steel","A Thousand Cuts+1","Catalyst+1","Noxious Fumes+1","Heel Hook+1","Deadly Poison","Footwork","Dagger Spray","Catalyst+1","Corpse Explosion"],"relics":["Ring of the Snake","NeowsBlessing","Pear","Smiling Mask","Darkstone Periapt","Astrolabe"],"potions_floor_usage":[8,14,16],"damage_taken":[{"damage":0,"enemies":"Cultist","floor":1,"turns":1},{"damage":0,"enemies":"Jaw Worm","floor":5,"turns":1},{"damage":0,"enemies":"Gremlin Nob","floor":6,"turns":1},{"damage":2,"enemies":"Lagavulin","floor":8,"turns":8},{"damage":0,"enemies":"2 Louse","floor":12,"turns":2},{"damage":30,"enemies":"Gremlin Nob","floor":13,"turns":6},{"damage":0,"enemies":"Red Slaver","floor":14,"turns":3},{"damage":16,"enemies":"Hexaghost","floor":16,"turns":11},{"damage":15,"enemies":"3 Byrds","floor":18,"turns":6},{"damage":20,"enemies":"Chosen","floor":20,"turns":5},{"damage":16,"enemies":"Snake Plant","floor":21,"turns":6},{"damage":16,"enemies":"Centurion and Healer","floor":22,"turns":7},{"damage":16,"enemies":"Slavers","floor":23,"turns":1}],"seed_played":"1131566282051819163","potions_obtained":[{"floor":6,"key":"Poison Potion"},{"floor":8,"key":"Ancient Potion"},{"floor":12,"key":"LiquidBronze"},{"floor":13,"key":"Dexterity Potion"},{"floor":20,"key":"Ancient Potion"},{"floor":22,"key":"Explosive Potion"}],"is_trial":false,"path_per_floor":["M","?","$","?","M","E","R","E","T","R","?","M","E","M","R","B",null,"M","$","M","M","M","E"],"character_chosen":"THE_SILENT","items_purchased":["Flying Knee","Catalyst","Deadly Poison","Footwork","Dagger Spray"],"campfire_rested":1,"item_purchase_floors":[3,3,19,19,19],"current_hp_per_floor":[70,56,56,49,49,59,59,57,57,57,57,57,27,27,51,35,80,65,65,45,29,13,0],"gold":168,"neow_bonus":"THREE_ENEMY_KILL","is_prod":false,"is_daily":false,"chose_seed":false,"campfire_upgraded":2,"win_rate":0,"timestamp":1553749706,"path_taken":["M","?","$","?","M","E","R","E","T","R","?","M","E","?","R","BOSS","M","$","M","?","M","E"],"build_version":"2019-01-23","purchased_purges":0,"victory":false,"max_hp_per_floor":[70,70,70,70,70,80,80,80,80,80,80,80,80,80,80,80,80,80,80,80,80,80,80],"card_choices":[{"not_picked":["Underhanded Strike","Dodge and Roll"],"picked":"Sucker Punch","floor":1},{"not_picked":["Acrobatics","Escape Plan","Masterful Stab"],"picked":"SKIP","floor":5},{"not_picked":["Blade Dance","Dodge and Roll"],"picked":"Backflip","floor":6},{"not_picked":["Outmaneuver","Cloak And Dagger"],"picked":"Backflip","floor":8},{"not_picked":["Underhanded Strike","Dodge and Roll","Accuracy"],"picked":"SKIP","floor":12},{"not_picked":["After Image","Cloak And Dagger","Prepared"],"picked":"SKIP","floor":13},{"not_picked":["Masterful Stab","Sucker Punch","Choke"],"picked":"SKIP","floor":14},{"not_picked":["Doppelganger","Unload"],"picked":"Storm of Steel","floor":16},{"not_picked":["Terror+1","Blade Dance"],"picked":"Heel Hook+1","floor":18},{"not_picked":["Escape Plan","Backflip","Quick Slash"],"picked":"SKIP","floor":20},{"not_picked":["Acrobatics","Outmaneuver"],"picked":"Catalyst+1","floor":21},{"not_picked":["Quick Slash","Dagger Throw"],"picked":"Corpse Explosion","floor":22}],"player_experience":567996,"relics_obtained":[{"floor":6,"key":"Pear"},{"floor":8,"key":"Smiling Mask"},{"floor":13,"key":"Darkstone Periapt"}],"event_choices":[{"damage_healed":0,"gold_gain":0,"player_choice":"Entered Light","damage_taken":14,"max_hp_gain":0,"max_hp_loss":0,"event_name":"Shining Light","floor":2,"gold_loss":0,"cards_upgraded":["Defend_G","Defend_G"]},{"cards_removed":["Strike_G"],"damage_healed":0,"gold_gain":0,"player_choice":"Card Removal","damage_taken":7,"max_hp_gain":0,"max_hp_loss":0,"event_name":"Golden Wing","floor":4,"gold_loss":0},{"damage_healed":0,"gold_gain":0,"cards_transformed":["Strike_G"],"player_choice":"Transformed","damage_taken":0,"max_hp_gain":0,"max_hp_loss":0,"event_name":"Transmorgrifier","floor":11,"gold_loss":0,"cards_obtained":["Choke"]}],"is_beta":false,"boss_relics":[{"not_picked":["HoveringKite","White Beast Statue"],"picked":"Astrolabe"}],"items_purged_floors":[],"is_endless":false,"potions_floor_spawned":[6,8,12,13,20,22],"killed_by":"Slavers","ascension_level":1}