{"gold_per_floor":[112,130,130,100,117,117,147,147,199,211,145,145,160,335,335,434,434,408,225,140,159,88,88,118,131,202,235,265,68,68,68],"floor_reached":31,"playtime":2660,"items_purged":["Doubt"],"score":249,"play_id":"8cadabf5-8868-4f35-a0b3-a29f4287b024","local_time":"20190204110017","is_ascension_mode":false,"campfire_choices":[{"data":"Zap","floor":6,"key":"SMITH"},{"data":"Conserve Battery","floor":8,"key":"SMITH"},{"data":"Steam","floor":10,"key":"SMITH"},{"data":"Static Discharge","floor":12,"key":"SMITH"},{"data":"Steam","floor":15,"key":"SMITH"},{"data":"Self Repair","floor":23,"key":"SMITH"},{"data":"Echo Form","floor":30,"key":"SMITH"}],"neow_cost":"NONE","seed_source_timestamp":84791810957680,"circlet_count":0,"master_deck":["Strike_B+1","Strike_B+1","Strike_B+1","Strike_B+1","Defend_B","Defend_B","Defend_B","Defend_B","Zap+1","Dualcast","Conserve Battery+1","Steam+1","Steam+1","Undo","Static Discharge+1","Ball Lightning","Echo Form+1","Rebound","Capacitor","Leap","Redo+1","Self Repair+1","Leap+1","Conserve Battery","Reinforced Body+1"],"relics":["Cracked Core","Anchor","Whetstone","MawBank","Lizard Tail","Potion Belt","Lantern","Toxic Egg 2","Red Mask","Tiny Chest","Runic Capacitor"],"potions_floor_usage":[21,21,24],"damage_taken":[{"damage":0,"enemies":"2 Louse","floor":1,"turns":4},{"damage":0,"enemies":"Jaw Worm","floor":2,"turns":4},{"damage":0,"enemies":"Cultist","floor":5,"turns":4},{"damage":9,"enemies":"3 Sentries","floor":7,"turns":9},{"damage":0,"enemies":"Looter","floor":13,"turns":3},{"damage":22,"enemies":"Hexaghost","floor":16,"turns":10},{"damage":5,"enemies":"2 Thieves","floor":18,"turns":5},{"damage":7,"enemies":"Spheric Guardian","floor":21,"turns":5},{"damage":42,"enemies":"Slavers","floor":24,"turns":5},{"damage":14,"enemies":"Centurion and Healer","floor":25,"turns":11},{"damage":63,"enemies":"Masked Bandits","floor":27,"turns":5},{"damage":65,"enemies":"Cultist and Chosen","floor":31,"turns":6}],"seed_played":"5697181885159239323","potions_obtained":[{"floor":2,"key":"AttackPotion"},{"floor":4,"key":"EssenceOfSteel"},{"floor":4,"key":"Poison Potion"},{"floor":18,"key":"Energy Potion"}],"is_trial":false,"path_per_floor":["?","?","M","?","?","?","?","$"],"character_chosen":"DEFECT","items_purchased":["Static Discharge","Capacitor","Leap","Self Repair","Runic Capacitor"],"campfire_rested":0,"item_purchase_floors":[11,19,19,22,29],"current_hp_per_floor":[75,75,60,60,60,60,51,51,51,51,51,51,51,51,51,29,75,70,70,70,63,63,63,41,47,47,57,57,57,57,0],"gold":68,"neow_bonus":"RANDOM_COMMON_RELIC","is_prod":false,"is_daily":false,"chose_seed":false,"campfire_upgraded":7,"win_rate":0.0,"timestamp":1549288817,"path_taken":["M","M","?","?","M","R","E","R","T","R","$","R","?","?","R","BOSS","M","$","?","M","$","R","E","M","T","?","?","?","R","M"],"build_version":"2019-01-23","purchased_purges":1,"victory":false,"max_hp_per_floor":[75,75,75,75,75,75,75,75,75,75,75,75,75,75,75,75,75,75,75,75,75,75,75,75,75,75,75,75,75,75,75],"card_choices":[{"not_picked":["Gash","Coolheaded"],"picked":"Conserve Battery","floor":1},{"not_picked":["Hologram","Streamline"],"picked":"Steam","floor":2},{"not_picked":["Steam Power","Darkness"],"picked":"Steam","floor":5},{"not_picked":["FTL","Barrage"],"picked":"Undo","floor":7},{"not_picked":["Barrage","Gash"],"picked":"Ball Lightning","floor":13},{"not_picked":["Reboot","Fission"],"picked":"Echo Form","floor":16},{"not_picked":["Compile Driver","Reprogram"],"picked":"Rebound","floor":18},{"not_picked":["Loop","Rebound"],"picked":"Redo+1","floor":21},{"not_picked":["Barrage","Rebound+1"],"picked":"Leap+1","floor":24},{"not_picked":["FTL","Genetic Algorithm+1"],"picked":"Conserve Battery","floor":25},{"not_picked":["Capacitor","White Noise+1"],"picked":"Reinforced Body+1","floor":27}],"player_experience":105846,"relics_obtained":[{"floor":7,"key":"Whetstone"},{"floor":9,"key":"MawBank"},{"floor":24,"key":"Lantern"},{"floor":26,"key":"Toxic Egg 2"},{"floor":27,"key":"Red Mask"}],"event_choices":[{"damage_healed":0,"gold_gain":0,"player_choice":"Entered Light","damage_taken":15,"max_hp_gain":0,"max_hp_loss":0,"event_name":"Shining Light","floor":3,"gold_loss":0,"cards_upgraded":["Strike_B","Strike_B"]},{"damage_healed":0,"gold_gain":0,"player_choice":"Bought 2 Potions","damage_taken":0,"max_hp_gain":0,"max_hp_loss":0,"event_name":"The Woman in Blue","floor":4,"gold_loss":0},{"damage_healed":0,"gold_gain":175,"player_choice":"AGREE","damage_taken":0,"max_hp_gain":0,"max_hp_loss":0,"event_name":"Liars Game","floor":14,"gold_loss":0,"cards_obtained":["Doubt"]},{"damage_healed":0,"gold_gain":0,"player_choice":"Obtained Relic","damage_taken":0,"relics_obtained":["Potion Belt"],"max_hp_gain":0,"max_hp_loss":0,"event_name":"Addict","floor":20,"gold_loss":85},{"damage_healed":0,"gold_gain":0,"player_choice":"Fought Bandits","damage_taken":0,"max_hp_gain":0,"max_hp_loss":0,"event_name":"Masked Bandits","floor":27,"gold_loss":0},{"damage_healed":0,"gold_gain":0,"player_choice":"Opened","damage_taken":0,"relics_obtained":["Tiny Chest"],"max_hp_gain":0,"max_hp_loss":0,"event_name":"The Mausoleum","floor":28,"gold_loss":0}],"is_beta":false,"boss_relics":[{"not_picked":["Runic Dome","Snecko Eye"],"picked":"Lizard Tail"}],"items_purged_floors":[19],"is_endless":false,"potions_floor_spawned":[2,5,13,18],"killed_by":"Cultist and Chosen","ascension_level":0}