{"gold_per_floor":[115,139,139,139,152,152,167,187,187,187,86,86,86,113,113,210,210,228,228,228],"floor_reached":20,"playtime":1586,"items_purged":[],"score":170,"play_id":"7efb46ea-3721-429d-b12b-131c84b710db","local_time":"20190218021944","is_ascension_mode":false,"campfire_choices":[{"data":"Gash","floor":6,"key":"SMITH"},{"floor":10,"key":"REST"},{"data":"Hello World","floor":15,"key":"SMITH"}],"neow_cost":"NONE","seed_source_timestamp":206453956432334,"circlet_count":0,"master_deck":["Zap","Dualcast","Hello World+1","Gash+1","Hologram","Defragment+1","Leap","Redo","Buffer","Hologram","Defragment","Machine Learning","Redo","Force Field","Melter","FTL","Streamline","RitualDagger"],"relics":["Cracked Core","Ancient Tea Set","Shuriken","Blood Vial","Pandora\u0027s Box"],"potions_floor_usage":[8,14,14],"damage_taken":[{"damage":1,"enemies":"Cultist","floor":1,"turns":4},{"damage":1,"enemies":"Small Slimes","floor":5,"turns":4},{"damage":6,"enemies":"Jaw Worm","floor":7,"turns":3},{"damage":24,"enemies":"Large Slime","floor":8,"turns":5},{"damage":24,"enemies":"3 Sentries","floor":14,"turns":7},{"damage":35,"enemies":"Slime Boss","floor":16,"turns":9},{"damage":44,"enemies":"3 Byrds","floor":18,"turns":4},{"damage":44,"enemies":"Masked Bandits","floor":20,"turns":3}],"seed_played":"-7776346842348988916","potions_obtained":[{"floor":1,"key":"Energy Potion"},{"floor":7,"key":"Energy Potion"},{"floor":14,"key":"Fruit Juice"}],"is_trial":false,"path_per_floor":["T","?","?","M","?","?","?","?"],"character_chosen":"DEFECT","items_purchased":["Defragment","Leap"],"campfire_rested":1,"item_purchase_floors":[11,11],"current_hp_per_floor":[81,81,74,67,66,66,60,36,36,60,60,82,82,63,63,30,87,43,37,0],"gold":228,"neow_bonus":"TEN_PERCENT_HP_BONUS","is_prod":false,"is_daily":false,"chose_seed":false,"campfire_upgraded":2,"win_rate":0,"timestamp":1550467184,"path_taken":["M","?","?","?","?","R","M","M","T","R","$","?","?","E","R","BOSS","M","?","?"],"build_version":"2019-01-23","purchased_purges":0,"victory":false,"max_hp_per_floor":[82,82,82,82,82,82,82,82,82,82,82,82,82,87,87,87,87,87,87,87],"card_choices":[{"not_picked":["Leap","Cold Snap"],"picked":"Hello World","floor":1},{"not_picked":["Hologram","Blizzard"],"picked":"Gash","floor":5},{"not_picked":["Melter","Aggregate"],"picked":"Hologram","floor":7},{"not_picked":["Chaos","Go for the Eyes","Streamline"],"picked":"SKIP","floor":8},{"not_picked":["Genetic Algorithm","Compile Driver"],"picked":"Redo","floor":14},{"not_picked":["Echo Form","Meteor Strike"],"picked":"Buffer","floor":16},{"not_picked":["Steam Power","Aggregate"],"picked":"Streamline","floor":18}],"player_experience":206133,"relics_obtained":[{"floor":9,"key":"Shuriken"},{"floor":14,"key":"Blood Vial"}],"event_choices":[{"cards_removed":["Strike_B"],"damage_healed":0,"gold_gain":0,"player_choice":"Card Removal","damage_taken":7,"max_hp_gain":0,"max_hp_loss":0,"event_name":"Golden Wing","floor":3,"gold_loss":0},{"damage_healed":0,"gold_gain":0,"player_choice":"Success","damage_taken":7,"relics_obtained":["Ancient Tea Set"],"max_hp_gain":0,"max_hp_loss":0,"event_name":"Scrap Ooze","floor":4,"gold_loss":0},{"damage_healed":27,"gold_gain":0,"player_choice":"Banana","damage_taken":0,"max_hp_gain":0,"max_hp_loss":0,"event_name":"Big Fish","floor":12,"gold_loss":0},{"damage_healed":0,"gold_gain":0,"player_choice":"Grow","damage_taken":0,"max_hp_gain":0,"max_hp_loss":0,"event_name":"Living Wall","floor":13,"gold_loss":0,"cards_upgraded":["Defragment"]},{"damage_healed":0,"gold_gain":0,"player_choice":"Joined the Cult","damage_taken":6,"max_hp_gain":0,"max_hp_loss":0,"event_name":"Nest","floor":19,"gold_loss":0,"cards_obtained":["RitualDagger"]},{"damage_healed":0,"gold_gain":0,"player_choice":"Fought Bandits","damage_taken":0,"max_hp_gain":0,"max_hp_loss":0,"event_name":"Masked Bandits","floor":20,"gold_loss":0}],"is_beta":false,"boss_relics":[{"not_picked":["FrozenCore","Coffee Dripper"],"picked":"Pandora\u0027s Box"}],"items_purged_floors":[],"is_endless":false,"potions_floor_spawned":[1,7,14],"killed_by":"Masked Bandits","ascension_level":0}