{"gold_per_floor":[111,81,58,333,219,219,251,251,251,251,265,278,306,320,320,417,417,435,446,90,101,101,134,134,150,150,167,167,196,146,163,163,263,313,323,323,323,341,441,441,476,426,426,648,680,345,345,360,360,360],"floor_reached":50,"playtime":4839,"items_purged":["Regret","Strike_G","Strike_G","Strike_G","Strike_G"],"score":576,"play_id":"6bf9d0fa-cef9-464d-b15e-af278202d992","local_time":"20190325214600","is_ascension_mode":false,"campfire_choices":[{"data":"Neutralize","floor":6,"key":"SMITH"},{"data":"Well Laid Plans","floor":8,"key":"SMITH"},{"data":"Infinite Blades","floor":10,"key":"SMITH"},{"data":"Dagger Spray","floor":15,"key":"SMITH"},{"floor":24,"key":"REST"},{"floor":32,"key":"REST"},{"data":"Secret Technique","floor":40,"key":"SMITH"},{"floor":49,"key":"RECALL"}],"neow_cost":"NONE","seed_source_timestamp":353114942684300,"circlet_count":0,"master_deck":["Defend_G+1","Defend_G+1","Defend_G","Defend_G","Defend_G","Strike_G","Survivor","Neutralize+1","Noxious Fumes","PiercingWail","Well Laid Plans+1","Infinite Blades+1","Sucker Punch","Bane","Dagger Spray+1","Tools of the Trade+1","Flying Knee","All Out Attack","Corpse Explosion","Backstab+1","Malaise","Noxious Fumes+1","Dodge and Roll+1","Secret Technique+1","Cloak And Dagger+1","Storm of Steel","Noxious Fumes","Bane","Accuracy+1"],"relics":["Ring of the Snake","NeowsBlessing","Boot","Ice Cream","Orichalcum","Sozu","Kunai","War Paint","Smiling Mask","Red Mask","Tiny House","Incense Burner","Anchor","Art of War","Membership Card","Meat on the Bone"],"potions_floor_usage":[7,13,13,16],"damage_taken":[{"damage":0,"enemies":"Cultist","floor":1,"turns":1},{"damage":0,"enemies":"Gremlin Nob","floor":7,"turns":1},{"damage":0,"enemies":"Jaw Worm","floor":11,"turns":1},{"damage":0,"enemies":"Small Slimes","floor":12,"turns":3},{"damage":7,"enemies":"3 Sentries","floor":13,"turns":7},{"damage":7,"enemies":"2 Fungi Beasts","floor":14,"turns":3},{"damage":38,"enemies":"The Guardian","floor":16,"turns":14},{"damage":18,"enemies":"Spheric Guardian","floor":18,"turns":5},{"damage":1,"enemies":"Chosen","floor":19,"turns":6},{"damage":7,"enemies":"Shelled Parasite and Fungi","floor":21,"turns":6},{"damage":36,"enemies":"Slavers","floor":23,"turns":5},{"damage":1,"enemies":"Chosen and Byrds","floor":25,"turns":7},{"damage":9,"enemies":"Snake Plant","floor":27,"turns":5},{"damage":4,"enemies":"Masked Bandits","floor":29,"turns":2},{"damage":0,"enemies":"Cultist and Chosen","floor":31,"turns":4},{"damage":18,"enemies":"Champ","floor":33,"turns":13},{"damage":13,"enemies":"Orb Walker","floor":35,"turns":4},{"damage":0,"enemies":"3 Darklings","floor":38,"turns":3},{"damage":6,"enemies":"Mind Bloom Boss Battle","floor":39,"turns":6},{"damage":1,"enemies":"Giant Head","floor":41,"turns":11},{"damage":24,"enemies":"Nemesis","floor":45,"turns":7},{"damage":10,"enemies":"4 Shapes","floor":48,"turns":4},{"damage":43,"enemies":"Donu and Deca","floor":50,"turns":6}],"seed_played":"952412204768098261","potions_obtained":[{"floor":1,"key":"GamblersBrew"},{"floor":2,"key":"Explosive Potion"},{"floor":2,"key":"SkillPotion"},{"floor":11,"key":"SkillPotion"}],"is_trial":false,"path_per_floor":["?","$","?","M","?","?","?","?","?","?","$","?","T"],"character_chosen":"THE_SILENT","items_purchased":["PiercingWail","Well Laid Plans","Kunai","Noxious Fumes","Bane","Membership Card"],"campfire_rested":2,"item_purchase_floors":[3,5,20,46,46,46],"current_hp_per_floor":[70,70,70,70,70,70,70,70,70,70,70,70,63,56,56,18,70,52,51,51,44,44,8,29,28,28,19,42,38,38,38,59,41,75,62,62,62,62,56,56,55,55,55,55,31,31,31,33,33,0],"gold":360,"neow_bonus":"THREE_ENEMY_KILL","is_prod":false,"is_daily":false,"chose_seed":false,"campfire_upgraded":5,"win_rate":0,"timestamp":1553561160,"path_taken":["M","?","?","?","$","R","E","R","T","R","M","?","E","M","R","BOSS","M","M","$","M","?","E","R","M","T","M","?","?","$","M","R","BOSS","M","?","?","M","?","R","E","?","T","?","E","$","?","M","R","BOSS"],"build_version":"2019-01-23","purchased_purges":5,"victory":false,"max_hp_per_floor":[70,70,70,70,70,70,70,70,70,70,70,70,70,70,70,70,70,70,70,70,70,70,70,70,70,70,70,70,70,70,70,70,70,75,75,75,75,75,75,75,75,75,75,75,75,75,75,75,75,75],"card_choices":[{"not_picked":["Blade Dance","Cloak And Dagger"],"picked":"Noxious Fumes","floor":1},{"not_picked":["Poisoned Stab","Deflect"],"picked":"Infinite Blades","floor":7},{"not_picked":["Bane","Expertise"],"picked":"Sucker Punch","floor":11},{"not_picked":["Slice","Noxious Fumes"],"picked":"Bane","floor":12},{"not_picked":["Accuracy","Masterful Stab"],"picked":"Dagger Spray","floor":13},{"not_picked":["Well Laid Plans","Sucker Punch","Endless Agony"],"picked":"SKIP","floor":14},{"not_picked":["Burst","Bullet Time"],"picked":"Tools of the Trade","floor":16},{"not_picked":["Blade Dance","Deflect"],"picked":"Flying Knee","floor":18},{"not_picked":["Dagger Throw","Endless Agony"],"picked":"All Out Attack","floor":19},{"not_picked":["Well Laid Plans","Deflect","Acrobatics+1"],"picked":"SKIP","floor":21},{"not_picked":["Sucker Punch","Slice","Poisoned Stab"],"picked":"SKIP","floor":23},{"not_picked":["Quick Slash","Tactician"],"picked":"Corpse Explosion","floor":25},{"not_picked":["Dagger Spray","Quick Slash"],"picked":"Backstab+1","floor":27},{"not_picked":["Sucker Punch","Setup","Outmaneuver"],"picked":"SKIP","floor":31},{"not_picked":["Venomology","Wraith Form v2"],"picked":"Malaise","floor":33},{"not_picked":["Outmaneuver+1","Choke"],"picked":"Noxious Fumes+1","floor":34},{"not_picked":["Outmaneuver+1","Underhanded Strike"],"picked":"Dodge and Roll+1","floor":35},{"not_picked":["Panacea","Dramatic Entrance"],"picked":"Secret Technique","floor":36},{"not_picked":["Blade Dance","Backstab"],"picked":"Cloak And Dagger+1","floor":38},{"not_picked":["Outmaneuver+1","Masterful Stab","Eviscerate"],"picked":"SKIP","floor":41},{"not_picked":["Endless Agony","Bouncing Flask+1"],"picked":"Storm of Steel","floor":45},{"not_picked":["Flying Knee+1","Dagger Throw"],"picked":"Accuracy+1","floor":48}],"player_experience":436509,"relics_obtained":[{"floor":7,"key":"Boot"},{"floor":9,"key":"Ice Cream"},{"floor":13,"key":"Orichalcum"},{"floor":23,"key":"War Paint"},{"floor":26,"key":"Smiling Mask"},{"floor":29,"key":"Red Mask"},{"floor":39,"key":"Incense Burner"},{"floor":41,"key":"Anchor"},{"floor":45,"key":"Art of War"},{"floor":47,"key":"Meat on the Bone"}],"event_choices":[{"damage_healed":0,"gold_gain":0,"player_choice":"Bought 2 Potions","damage_taken":0,"max_hp_gain":0,"max_hp_loss":0,"event_name":"The Woman in Blue","floor":2,"gold_loss":0},{"damage_healed":0,"gold_gain":275,"player_choice":"Desecrate","damage_taken":0,"max_hp_gain":0,"max_hp_loss":0,"event_name":"Golden Shrine","floor":4,"gold_loss":0,"cards_obtained":["Regret"]},{"damage_healed":0,"gold_gain":0,"player_choice":"Ignored","damage_taken":0,"max_hp_gain":0,"max_hp_loss":0,"event_name":"The Mausoleum","floor":22,"gold_loss":0},{"damage_healed":23,"gold_gain":0,"player_choice":"Heal","damage_taken":0,"max_hp_gain":0,"max_hp_loss":0,"event_name":"The Library","floor":28,"gold_loss":0},{"damage_healed":0,"gold_gain":0,"player_choice":"Fought Bandits","damage_taken":0,"max_hp_gain":0,"max_hp_loss":0,"event_name":"Masked Bandits","floor":29,"gold_loss":0},{"damage_healed":0,"gold_gain":0,"player_choice":"Memory 1","damage_taken":0,"max_hp_gain":0,"max_hp_loss":0,"event_name":"SensoryStone","floor":36,"gold_loss":0},{"damage_healed":0,"gold_gain":0,"player_choice":"Ignored","damage_taken":0,"max_hp_gain":0,"max_hp_loss":0,"event_name":"Mysterious Sphere","floor":37,"gold_loss":0},{"damage_healed":0,"gold_gain":0,"player_choice":"Fight","damage_taken":0,"max_hp_gain":0,"max_hp_loss":0,"event_name":"MindBloom","floor":39,"gold_loss":0},{"damage_healed":0,"gold_gain":222,"player_choice":"Wore Mask","damage_taken":0,"max_hp_gain":0,"max_hp_loss":0,"event_name":"Tomb of Lord Red Mask","floor":44,"gold_loss":0}],"is_beta":false,"boss_relics":[{"not_picked":["Eternal Feather","Astrolabe"],"picked":"Sozu"},{"not_picked":["White Beast Statue","Ring of the Serpent"],"picked":"Tiny House"}],"items_purged_floors":[5,20,30,42,46],"is_endless":false,"potions_floor_spawned":[1,11,18,23,35,41,48],"killed_by":"Donu and Deca","ascension_level":0}