{"gold_per_floor":[111,111,130,130,130,130,150,163,163,163,173,191,191,204,204,299,299,312,327,327,342,51,51,51,67,67,87,87,104,122,135,135,135],"floor_reached":33,"playtime":1938,"items_purged":[],"score":245,"play_id":"a7ec9900-8f2d-4fb7-8b2d-858e5d17aed8","local_time":"20180705161953","is_ascension_mode":false,"campfire_choices":[{"floor":6,"key":"REST"},{"floor":13,"key":"REST"},{"floor":15,"key":"REST"},{"floor":23,"key":"REST"},{"floor":32,"key":"REST"}],"neow_cost":"","seed_source_timestamp":1260153507840739,"circlet_count":0,"master_deck":["Strike_R+1","Strike_R+1","Strike_R+1","Strike_R+1","Strike_R+1","Defend_R+1","Defend_R+1","Defend_R+1","Bash","Warcry","Battle Trance+1","Flex","Pommel Strike","Iron Wave","Cleave","Cleave","Dark Embrace","Iron Wave+1","Anger+1","Headbutt"],"relics":["Burning Blood","Peace Pipe","Busted Crown","Girya","Thread and Needle","Oddly Smooth Stone"],"potions_floor_usage":[16,21,33,33],"damage_taken":[{"damage":17,"enemies":"2 Louse","floor":1,"turns":3},{"damage":10,"enemies":"Small Slimes","floor":3,"turns":3},{"damage":6,"enemies":"Cultist","floor":7,"turns":3},{"damage":10,"enemies":"Looter","floor":8,"turns":2},{"damage":21,"enemies":"2 Fungi Beasts","floor":11,"turns":3},{"damage":20,"enemies":"Exordium Wildlife","floor":12,"turns":3},{"damage":32,"enemies":"Exordium Thugs","floor":14,"turns":4},{"damage":26,"enemies":"Slime Boss","floor":16,"turns":9},{"damage":11,"enemies":"3 Byrds","floor":18,"turns":5},{"damage":31,"enemies":"Shell Parasite","floor":19,"turns":5},{"damage":41,"enemies":"Centurion and Healer","floor":21,"turns":5},{"damage":28,"enemies":"3 Cultists","floor":25,"turns":5},{"damage":25,"enemies":"Snecko","floor":27,"turns":7},{"damage":11,"enemies":"Snake Plant","floor":29,"turns":3},{"damage":1,"enemies":"3 Cultists","floor":30,"turns":4},{"damage":29,"enemies":"Chosen and Byrds","floor":31,"turns":6},{"damage":84,"enemies":"Automaton","floor":33,"turns":6}],"seed_played":"2989685947220548408","potions_obtained":[{"floor":1,"key":"Strength Potion"},{"floor":11,"key":"FearPotion"},{"floor":14,"key":"Regen Potion"},{"floor":16,"key":"Regen Potion"},{"floor":21,"key":"SpeedPotion"}],"is_trial":false,"path_per_floor":["M","?","M","?","?","R","M","M","T","?","M","M","R","M","R","B",null,"M","M","?","M","$","R","?","M","T","M","?","M","M","M","R"],"character_chosen":"IRONCLAD","items_purchased":["Thread and Needle"],"campfire_rested":5,"item_purchase_floors":[22],"current_hp_per_floor":[69,74,70,70,53,78,78,74,74,74,59,45,70,44,69,49,85,80,55,55,32,32,57,85,63,63,44,44,39,44,21,46,0],"gold":135,"neow_bonus":"","is_prod":false,"is_daily":false,"chose_seed":false,"campfire_upgraded":0,"win_rate":0.0,"timestamp":1530821993,"path_taken":["M","?","M","?","?","R","M","?","T","?","M","?","R","M","R","BOSS","M","M","?","M","$","R","?","?","T","M","?","M","M","M","R","BOSS"],"build_version":"2018-06-28","purchased_purges":0,"victory":false,"max_hp_per_floor":[80,85,85,85,85,85,85,85,85,85,85,85,85,85,85,85,85,85,85,85,85,85,85,85,85,85,85,85,85,85,85,85,85],"card_choices":[{"not_picked":["Armaments","Thunderclap"],"picked":"Warcry","floor":1},{"not_picked":["Clash","Flame Barrier"],"picked":"Battle Trance","floor":3},{"not_picked":["Heavy Blade","Shrug It Off"],"picked":"Flex","floor":7},{"not_picked":["Thunderclap","Inflame"],"picked":"Pommel Strike","floor":8},{"not_picked":["Fiend Fire","Anger"],"picked":"Iron Wave","floor":11},{"not_picked":["Pommel Strike","Combust"],"picked":"Cleave","floor":12},{"not_picked":["True Grit","Headbutt"],"picked":"Cleave","floor":14},{"not_picked":["Berserk","Juggernaut"],"picked":"Dark Embrace","floor":16},{"not_picked":["Anger"],"picked":"SKIP","floor":18},{"not_picked":["Blood for Blood+1"],"picked":"SKIP","floor":19},{"not_picked":["Rupture"],"picked":"SKIP","floor":21},{"not_picked":[],"picked":"Iron Wave+1","floor":25},{"not_picked":[],"picked":"Anger+1","floor":27},{"not_picked":[],"picked":"Headbutt","floor":29},{"not_picked":["Headbutt"],"picked":"SKIP","floor":30},{"not_picked":["Clothesline"],"picked":"SKIP","floor":31}],"player_experience":53547,"relics_obtained":[{"floor":9,"key":"Peace Pipe"},{"floor":26,"key":"Oddly Smooth Stone"}],"event_choices":[{"event_name":"Big Fish","player_choice":"Donut","floor":2,"damage_taken":0},{"event_name":"Living Wall","player_choice":"Grow","floor":4,"damage_taken":0},{"event_name":"Shining Light","player_choice":"Entered Light","floor":5,"damage_taken":0},{"event_name":"Purifier","player_choice":"One Purge","floor":10,"damage_taken":0},{"event_name":"The Mausoleum","player_choice":"Yes","floor":20,"damage_taken":0},{"event_name":"The Library","player_choice":"Heal","floor":24,"damage_taken":0},{"event_name":"Back to Basics","player_choice":"Simplicity","floor":28,"damage_taken":0}],"boss_relics":[{"not_picked":["Runic Cube","Cursed Key"],"picked":"Busted Crown"}],"items_purged_floors":[],"is_endless":false,"potions_floor_spawned":[1,11,14,16,18,21,27],"killed_by":"Automaton","ascension_level":0}