{"gold_per_floor":[367,382,382,150,168,197,197,215,215,180,194,214,199],"floor_reached":13,"playtime":876,"items_purged":["Defend_R"],"score":87,"play_id":"1aa38674-1e1c-47aa-987b-c21213deadb4","local_time":"20180705105324","is_ascension_mode":false,"campfire_choices":[{"data":"Searing Blow","floor":7,"key":"SMITH"}],"neow_cost":"TEN_PERCENT_HP_LOSS","seed_source_timestamp":1241627113007467,"circlet_count":0,"master_deck":["Strike_R","Strike_R","Strike_R","Strike_R","Strike_R","Defend_R","Defend_R","Bash","Shockwave","Pommel Strike","Battle Trance","Searing Blow+1","Feed","Wild Strike","Hemokinesis","Anger","Wild Strike","Warcry"],"relics":["Burning Blood","Paper Frog","Kunai"],"potions_floor_usage":[],"damage_taken":[{"damage":17,"enemies":"Small Slimes","floor":1,"turns":3},{"damage":5,"enemies":"2 Louse","floor":2,"turns":3},{"damage":16,"enemies":"Jaw Worm","floor":5,"turns":3},{"damage":27,"enemies":"3 Sentries","floor":6,"turns":6},{"damage":9,"enemies":"Large Slime","floor":8,"turns":4},{"damage":19,"enemies":"Exordium Wildlife","floor":11,"turns":3},{"damage":35,"enemies":"Gremlin Gang","floor":12,"turns":4},{"damage":13,"enemies":"Looter","floor":13,"turns":1}],"seed_played":"-3195609758370801442","potions_obtained":[{"floor":5,"key":"Weak Potion"},{"floor":6,"key":"Dexterity Potion"},{"floor":11,"key":"BloodPotion"}],"is_trial":false,"path_per_floor":["M","M","?","$","M","E","R","M","T","?","M","M"],"character_chosen":"IRONCLAD","items_purchased":["Searing Blow","Feed"],"campfire_rested":0,"item_purchase_floors":[4,4],"current_hp_per_floor":[61,62,62,62,52,31,31,28,28,46,33,7,0],"gold":199,"neow_bonus":"TWO_FIFTY_GOLD","is_prod":false,"is_daily":false,"chose_seed":false,"campfire_upgraded":1,"win_rate":0.0,"timestamp":1530802404,"path_taken":["M","M","?","$","M","E","R","M","T","?","M","?","M"],"build_version":"2018-06-28","purchased_purges":1,"victory":false,"max_hp_per_floor":[72,72,72,72,72,72,72,72,72,72,72,75,75],"card_choices":[{"not_picked":["Iron Wave","Inflame"],"picked":"Shockwave","floor":1},{"not_picked":["Clothesline","Flame Barrier"],"picked":"Pommel Strike","floor":2},{"not_picked":["Armaments","Body Slam"],"picked":"Wild Strike","floor":5},{"not_picked":["Body Slam","Entrench"],"picked":"Hemokinesis","floor":6},{"not_picked":["Dropkick","Ghostly Armor"],"picked":"Anger","floor":8},{"not_picked":["Ghostly Armor","Clothesline"],"picked":"Wild Strike","floor":11},{"not_picked":["Rupture","Metallicize"],"picked":"Warcry","floor":12}],"player_experience":36534,"relics_obtained":[{"floor":6,"key":"Paper Frog"},{"floor":9,"key":"Kunai"}],"event_choices":[{"event_name":"Living Wall","player_choice":"Change","floor":3,"damage_taken":0},{"event_name":"The Cleric","player_choice":"Healed","floor":10,"damage_taken":0}],"boss_relics":[],"items_purged_floors":[4],"is_endless":false,"potions_floor_spawned":[5,6,11],"killed_by":"Looter","ascension_level":0}