{"gold_per_floor":[109,184,195,211,25,25,60,60,60,60,76,76,27,27,27,123,123,133,133,333,18,18,43,43,71,71,71,88,88,103,120,120,218,218,238,250,10,10,29,29,49,49,95,114,114,130,130,142,142,142],"floor_reached":51,"playtime":2117,"items_purged":["Defend_R"],"score":766,"play_id":"5145bda1-39ed-4b02-a916-691d61a25f46","local_time":"20180918141255","is_ascension_mode":true,"campfire_choices":[{"data":"Offering","floor":6,"key":"SMITH"},{"data":"Flex","floor":8,"key":"SMITH"},{"data":"Anger","floor":10,"key":"SMITH"},{"data":"Feed","floor":12,"key":"SMITH"},{"data":"Twin Strike","floor":15,"key":"SMITH"},{"data":"J.A.X.","floor":24,"key":"SMITH"},{"floor":27,"key":"REST"},{"data":"Bludgeon","floor":29,"key":"SMITH"},{"data":"Flex","floor":32,"key":"SMITH"},{"data":"Thinking Ahead","floor":40,"key":"SMITH"},{"data":"Thunderclap","floor":42,"key":"SMITH"},{"floor":49,"key":"REST"}],"neow_cost":"NONE","seed_source_timestamp":380788582695937,"circlet_count":0,"master_deck":["Strike_R","Strike_R","Strike_R","Strike_R","Strike_R","Defend_R","Defend_R","Bash","Feed+1","Anger+1","Offering+1","Twin Strike+1","Flex+1","Thunderclap+1","Shrug It Off","Bash","Bludgeon+1","Shrug It Off","Seeing Red","Flex+1","J.A.X.+1","Leap+1","Quick Slash","Thinking Ahead+1","Sweeping Beam+1","Spot Weakness+1","Clumsy","Finesse+1","Offering+1"],"relics":["Burning Blood","Self Forming Clay","Pear","Cursed Key","PrismaticShard","Sundial","Darkstone Periapt","Ginger","Runic Dome","Bottled Flame","Spirit Poop","Anchor","StoneCalendar"],"potions_floor_usage":[25,33,33,50,50,50],"damage_taken":[{"damage":11,"enemies":"Jaw Worm","floor":1,"turns":2},{"damage":1,"enemies":"Cultist","floor":3,"turns":3},{"damage":3,"enemies":"Small Slimes","floor":4,"turns":3},{"damage":20,"enemies":"Gremlin Nob","floor":7,"turns":3},{"damage":6,"enemies":"Blue Slaver","floor":11,"turns":1},{"damage":25,"enemies":"Slime Boss","floor":16,"turns":8},{"damage":19,"enemies":"Shell Parasite","floor":18,"turns":3},{"damage":30,"enemies":"Book of Stabbing","floor":23,"turns":2},{"damage":35,"enemies":"Slavers","floor":25,"turns":4},{"damage":16,"enemies":"3 Byrds","floor":28,"turns":4},{"damage":9,"enemies":"Centurion and Healer","floor":30,"turns":3},{"damage":15,"enemies":"3 Cultists","floor":31,"turns":4},{"damage":29,"enemies":"Collector","floor":33,"turns":5},{"damage":18,"enemies":"3 Shapes","floor":35,"turns":3},{"damage":23,"enemies":"3 Darklings","floor":36,"turns":4},{"damage":18,"enemies":"Spire Growth","floor":39,"turns":3},{"damage":6,"enemies":"Sphere and 2 Shapes","floor":41,"turns":1},{"damage":10,"enemies":"3 Darklings","floor":44,"turns":3},{"damage":15,"enemies":"Spire Growth","floor":46,"turns":2},{"damage":6,"enemies":"Mind Bloom Boss Battle","floor":47,"turns":1},{"damage":17,"enemies":"4 Shapes","floor":48,"turns":2},{"damage":79,"enemies":"Time Eater","floor":50,"turns":7}],"seed_played":"-3664995463173493152","potions_obtained":[{"floor":3,"key":"Dexterity Potion"},{"floor":16,"key":"Ancient Potion"},{"floor":18,"key":"Swift Potion"},{"floor":23,"key":"FearPotion"},{"floor":31,"key":"Explosive Potion"},{"floor":36,"key":"Ancient Potion"},{"floor":47,"key":"Energy Potion"}],"is_trial":false,"path_per_floor":["M","?","M","M","$","R","E","R","T","R","M","R","$","?","R","B",null,"M","?","?","$","?","E","R","E","T","R","M","R","M","M","R","B",null,"M","M","$","?","M","R","M","R","T","M","?","M","?","M","R","B"],"character_chosen":"IRONCLAD","items_purchased":["Offering","Twin Strike","Thunderclap","Flex","PrismaticShard","Bottled Flame"],"campfire_rested":2,"item_purchase_floors":[5,5,13,21,21,37],"current_hp_per_floor":[75,67,75,81,81,81,67,67,77,77,77,77,77,77,77,58,96,83,83,83,83,83,63,63,34,40,71,61,61,62,53,53,30,110,102,85,85,85,73,73,73,73,79,75,75,66,66,59,96,23],"gold":142,"neow_bonus":"ONE_RANDOM_RARE_CARD","is_prod":false,"is_daily":false,"chose_seed":false,"campfire_upgraded":10,"win_rate":0,"timestamp":1537294375,"path_taken":["M","?","M","?","$","R","E","R","T","R","M","R","$","?","R","BOSS","M","?","?","$","?","E","R","E","T","R","M","R","M","?","R","BOSS","M","M","$","?","M","R","M","R","T","M","?","M","?","M","R","BOSS"],"build_version":"2018-09-06","purchased_purges":1,"victory":true,"max_hp_per_floor":[80,80,83,86,86,86,86,86,96,96,96,96,96,96,96,96,96,96,96,96,96,96,100,100,100,106,106,106,106,110,110,110,110,110,114,114,114,114,114,114,114,114,120,120,120,120,120,124,124,124],"card_choices":[{"not_picked":["Heavy Blade","Clash"],"picked":"Anger","floor":1},{"not_picked":["Warcry","Cleave","Rupture"],"picked":"SKIP","floor":3},{"not_picked":["Clash","Feel No Pain","Seeing Red"],"picked":"SKIP","floor":4},{"not_picked":["Reckless Charge","Sword Boomerang"],"picked":"Flex","floor":7},{"not_picked":["Hemokinesis","Heavy Blade","Burning Pact"],"picked":"SKIP","floor":11},{"not_picked":["Barricade","Berserk"],"picked":"Bludgeon","floor":16},{"not_picked":["Sever Soul+1","Thunderclap"],"picked":"Shrug It Off","floor":18},{"not_picked":["All Out Attack+1","Caltrops","Dodge and Roll"],"picked":"SKIP","floor":23},{"not_picked":["Storm+1","Dark Shackles","Undo"],"picked":"SKIP","floor":25},{"not_picked":["Sucker Punch","Blade Dance"],"picked":"Leap+1","floor":28},{"not_picked":["Acrobatics","PiercingWail+1"],"picked":"Quick Slash","floor":30},{"not_picked":["Heavy Blade","Poisoned Stab","Pummel"],"picked":"SKIP","floor":31},{"not_picked":["Multi-Cast","Double Tap"],"picked":"Thinking Ahead","floor":33},{"not_picked":["Flechettes","Clash+1"],"picked":"Sweeping Beam+1","floor":35},{"not_picked":["Rampage+1","Warcry+1","Double Energy"],"picked":"SKIP","floor":36},{"not_picked":["Cloak And Dagger","Cold Snap+1"],"picked":"Spot Weakness+1","floor":39},{"not_picked":["Wild Strike+1","Dodge and Roll+1","Expertise"],"picked":"SKIP","floor":41},{"not_picked":["Cloak And Dagger+1","Cloak And Dagger+1"],"picked":"Finesse+1","floor":44},{"not_picked":["Go for the Eyes+1","Enlightenment","Accuracy+1"],"picked":"SKIP","floor":46},{"not_picked":["Sadistic Nature","Clothesline","Prepared"],"picked":"SKIP","floor":48}],"player_experience":348607,"relics_obtained":[{"floor":7,"key":"Self Forming Clay"},{"floor":9,"key":"Pear"},{"floor":23,"key":"Sundial"},{"floor":25,"key":"Darkstone Periapt"},{"floor":26,"key":"Ginger"},{"floor":43,"key":"Anchor"},{"floor":47,"key":"StoneCalendar"}],"event_choices":[{"event_name":"FaceTrader","player_choice":"Touch","floor":2,"damage_taken":0},{"event_name":"Match and Keep!","player_choice":"2 cards matched","floor":14,"damage_taken":0},{"event_name":"Transmorgrifier","player_choice":"Transform","floor":19,"damage_taken":0},{"event_name":"Wheel of Change","player_choice":"Gold","floor":20,"damage_taken":0},{"event_name":"Drug Dealer","player_choice":"Got JAX","floor":22,"damage_taken":0},{"event_name":"Bonfire Elementals","player_choice":"CURSE","floor":38,"damage_taken":0},{"event_name":"Duplicator","player_choice":"One dupe","floor":45,"damage_taken":0},{"event_name":"MindBloom","player_choice":"Fight","floor":47,"damage_taken":0}],"is_beta":false,"boss_relics":[{"not_picked":["White Beast Statue","Fusion Hammer"],"picked":"Cursed Key"},{"not_picked":["Empty Cage","Black Star"],"picked":"Runic Dome"}],"items_purged_floors":[21],"is_endless":false,"potions_floor_spawned":[3,16,18,23,31,36,47],"ascension_level":1}