{"gold_per_floor":[119,119,139,151,48,80,267,279],"floor_reached":8,"playtime":194,"items_purged":[],"score":59,"play_id":"185a5066-229f-4634-9f56-5ab677f0b946","local_time":"20190328005547","is_ascension_mode":true,"campfire_choices":[],"neow_cost":"NONE","seed_source_timestamp":8129575669386669,"circlet_count":0,"master_deck":["Defend_G","Defend_G","Defend_G","Defend_G","Defend_G","Strike_G","Strike_G","Strike_G","Strike_G","Survivor","Neutralize","Flying Knee","Envenom","Skewer","Poisoned Stab","Poisoned Stab","Footwork","Corpse Explosion","Doubt"],"relics":["Ring of the Snake","NeowsBlessing","MawBank"],"potions_floor_usage":[6,6],"damage_taken":[{"damage":0,"enemies":"2 Louse","floor":1,"turns":1},{"damage":0,"enemies":"Cultist","floor":3,"turns":1},{"damage":0,"enemies":"Small Slimes","floor":4,"turns":1},{"damage":18,"enemies":"3 Sentries","floor":6,"turns":9},{"damage":52,"enemies":"Gremlin Nob","floor":8,"turns":4}],"seed_played":"6909134680042992727","potions_obtained":[{"floor":3,"key":"Weak Potion"},{"floor":4,"key":"Energy Potion"},{"floor":6,"key":"LiquidBronze"}],"is_trial":false,"path_per_floor":["M","?","M","M","$","E","?","E"],"character_chosen":"THE_SILENT","items_purchased":["Poisoned Stab","Footwork"],"campfire_rested":0,"item_purchase_floors":[5,5],"current_hp_per_floor":[70,70,70,70,70,52,52,0],"gold":279,"neow_bonus":"THREE_ENEMY_KILL","is_prod":false,"is_daily":false,"chose_seed":false,"campfire_upgraded":0,"win_rate":0,"timestamp":1553748947,"path_taken":["M","?","M","?","$","E","?","E"],"build_version":"2019-01-23","purchased_purges":0,"victory":false,"max_hp_per_floor":[70,70,70,70,70,70,70,70],"card_choices":[{"not_picked":["Outmaneuver","Reflex"],"picked":"Flying Knee","floor":1},{"not_picked":["Outmaneuver","Quick Slash"],"picked":"Skewer","floor":3},{"not_picked":["Acrobatics","Terror"],"picked":"Poisoned Stab","floor":4},{"not_picked":["Dagger Throw","Flying Knee"],"picked":"Corpse Explosion","floor":6}],"player_experience":567802,"relics_obtained":[{"floor":6,"key":"MawBank"}],"event_choices":[{"damage_healed":0,"gold_gain":0,"cards_transformed":["Strike_G"],"player_choice":"Transformed","damage_taken":0,"max_hp_gain":0,"max_hp_loss":0,"event_name":"Transmorgrifier","floor":2,"gold_loss":0,"cards_obtained":["Envenom"]},{"damage_healed":0,"gold_gain":175,"player_choice":"AGREE","damage_taken":0,"max_hp_gain":0,"max_hp_loss":0,"event_name":"Liars Game","floor":7,"gold_loss":0,"cards_obtained":["Doubt"]}],"is_beta":false,"boss_relics":[],"items_purged_floors":[],"is_endless":false,"potions_floor_spawned":[3,4,6],"killed_by":"Gremlin Nob","ascension_level":1}