{"gold_per_floor":[19,19,19,35,54,54,74,93,170,187,137,137,137,149,149,253,253,263,188,199,76,87,107,107,133,185,202,212,244,244],"floor_reached":30,"playtime":1747,"items_purged":["Impervious"],"score":316,"play_id":"d554a84d-aec9-4fd5-b092-0cc9c41d73b1","local_time":"20180705124846","is_ascension_mode":false,"campfire_choices":[{"data":"Perfected Strike","floor":6,"key":"SMITH"},{"data":"Thunderclap","floor":12,"key":"SMITH"},{"data":"Pommel Strike","floor":15,"key":"SMITH"},{"floor":24,"key":"REST"}],"neow_cost":"NO_GOLD","seed_source_timestamp":1247677190726484,"circlet_count":0,"master_deck":["Strike_R","Strike_R","Strike_R","Strike_R","Strike_R","Twin Strike+1","Perfected Strike+1","Twin Strike","Thunderclap+1","Uppercut","Flame Barrier+1","Pommel Strike+1","Double Tap+1","Cleave","Pommel Strike","Perfected Strike","Warcry+1","Brutality","Perfected Strike+1","Whirlwind+1"],"relics":["Burning Blood","Toxic Egg 2","Empty Cage","Unceasing Top","Oddly Smooth Stone","Juzu Bracelet"],"potions_floor_usage":[16,16,25,25,29,29,29],"damage_taken":[{"damage":5,"enemies":"Small Slimes","floor":1,"turns":4},{"damage":6,"enemies":"2 Louse","floor":4,"turns":3},{"damage":6,"enemies":"Cultist","floor":5,"turns":3},{"damage":2,"enemies":"Blue Slaver","floor":7,"turns":3},{"damage":10,"enemies":"3 Louse","floor":8,"turns":2},{"damage":10,"enemies":"Looter","floor":10,"turns":2},{"damage":0,"enemies":"Large Slime","floor":14,"turns":3},{"damage":52,"enemies":"The Guardian","floor":16,"turns":7},{"damage":28,"enemies":"3 Byrds","floor":18,"turns":5},{"damage":0,"enemies":"Chosen","floor":20,"turns":3},{"damage":26,"enemies":"Snake Plant","floor":22,"turns":3},{"damage":8,"enemies":"Snecko","floor":23,"turns":3},{"damage":51,"enemies":"Book of Stabbing","floor":25,"turns":4},{"damage":14,"enemies":"3 Cultists","floor":27,"turns":3},{"damage":39,"enemies":"Centurion and Healer","floor":28,"turns":4},{"damage":0,"enemies":"Slavers","floor":29,"turns":1},{"damage":15,"enemies":"Cultist and Chosen","floor":30,"turns":4}],"seed_played":"-3064239658188160623","potions_obtained":[{"floor":1,"key":"BloodPotion"},{"floor":4,"key":"PowerPotion"},{"floor":8,"key":"Dexterity Potion"},{"floor":16,"key":"Dexterity Potion"},{"floor":18,"key":"Fire Potion"},{"floor":20,"key":"Energy Potion"},{"floor":27,"key":"EssenceOfSteel"},{"floor":28,"key":"Weak Potion"}],"is_trial":false,"path_per_floor":["M","$","?","M","M","R","M","M","T","M","?","R","?","M","R","B",null,"M","?","M","$","M","M","R","E","T","M","M","E"],"character_chosen":"IRONCLAD","items_purchased":["Pommel Strike"],"campfire_rested":1,"item_purchase_floors":[21],"current_hp_per_floor":[96,96,96,96,96,96,96,92,92,88,88,88,69,75,75,29,96,74,74,80,80,60,58,86,50,50,42,9,15,0],"gold":244,"neow_bonus":"TWENTY_PERCENT_HP_BONUS","is_prod":false,"is_daily":false,"chose_seed":false,"campfire_upgraded":3,"win_rate":0.0,"timestamp":1530809326,"path_taken":["M","$","?","M","?","R","M","M","T","M","?","R","?","M","R","BOSS","M","?","?","$","M","M","R","E","T","M","M","E","M"],"build_version":"2018-06-28","purchased_purges":1,"victory":false,"max_hp_per_floor":[96,96,96,96,96,96,96,96,96,96,96,96,96,96,96,96,96,96,96,96,96,96,96,96,96,96,96,96,96,96],"card_choices":[{"not_picked":["Intimidate","Disarm"],"picked":"Twin Strike","floor":1},{"not_picked":["Intimidate","Twin Strike"],"picked":"Perfected Strike","floor":4},{"not_picked":["True Grit","Blood for Blood"],"picked":"Twin Strike","floor":5},{"not_picked":["Reckless Charge","Armaments"],"picked":"Thunderclap","floor":7},{"not_picked":["Clash","Blood for Blood"],"picked":"Uppercut","floor":8},{"not_picked":["Shrug It Off+1","Spot Weakness+1"],"picked":"Flame Barrier+1","floor":10},{"not_picked":["Shrug It Off+1","Warcry+1"],"picked":"Pommel Strike","floor":14},{"not_picked":["Brutality","Feed"],"picked":"Double Tap+1","floor":16},{"not_picked":["Blood for Blood+1","Anger+1"],"picked":"Cleave","floor":18},{"not_picked":["Corruption","Fire Breathing","Armaments+1"],"picked":"SKIP","floor":20},{"not_picked":["Anger","Pommel Strike"],"picked":"Perfected Strike","floor":22},{"not_picked":["Infernal Blade+1","Armaments+1"],"picked":"Warcry+1","floor":23},{"not_picked":["Entrench+1","Flex+1"],"picked":"Brutality","floor":25},{"not_picked":["Disarm+1","Pommel Strike+1"],"picked":"Perfected Strike+1","floor":27},{"not_picked":["Iron Wave","Ghostly Armor+1"],"picked":"Whirlwind+1","floor":28},{"not_picked":["Body Slam","Sword Boomerang+1","True Grit+1"],"picked":"SKIP","floor":29}],"player_experience":42522,"relics_obtained":[{"floor":9,"key":"Toxic Egg 2"},{"floor":25,"key":"Unceasing Top"},{"floor":26,"key":"Oddly Smooth Stone"},{"floor":29,"key":"Juzu Bracelet"}],"event_choices":[{"event_name":"Living Wall","player_choice":"Change","floor":3,"damage_taken":0},{"event_name":"The Cleric","player_choice":"Card Removal","floor":11,"damage_taken":0},{"event_name":"Shining Light","player_choice":"Entered Light","floor":13,"damage_taken":0},{"event_name":"Beggar","player_choice":"Gave Gold","floor":19,"damage_taken":0}],"boss_relics":[{"not_picked":["Tiny House","Eternal Feather"],"picked":"Empty Cage"}],"items_purged_floors":[21],"is_endless":false,"potions_floor_spawned":[1,4,8,16,18,20,23,27,28],"killed_by":"Cultist and Chosen","ascension_level":0}