{"gold_per_floor":[360,379,454,469,489,489,505,396,396,396,242,267,267,282,282,282],"floor_reached":16,"playtime":926,"items_purged":["Writhe","Deadly Poison"],"score":102,"play_id":"0db4ca04-af45-4837-ab2d-832d7c8182fe","local_time":"20180712105126","is_ascension_mode":false,"campfire_choices":[{"data":"Cloak And Dagger","floor":6,"key":"SMITH"},{"floor":10,"key":"REST"},{"data":"Accuracy","floor":13,"key":"SMITH"},{"data":"Cloak And Dagger","floor":15,"key":"SMITH"}],"neow_cost":"CURSE","seed_source_timestamp":95974696621096,"circlet_count":0,"master_deck":["Defend_G","Defend_G","Defend_G","Defend_G","Defend_G","Strike_G","Strike_G","Strike_G","Strike_G","Strike_G+1","Survivor","Neutralize+1","Cloak And Dagger+1","Accuracy+1","Cloak And Dagger+1","Quick Slash"],"relics":["Ring of the Snake","Regal Pillow","Whetstone"],"potions_floor_usage":[7,7,14],"damage_taken":[{"damage":3,"enemies":"Jaw Worm","floor":1,"turns":4},{"damage":1,"enemies":"2 Louse","floor":2,"turns":3},{"damage":9,"enemies":"Small Slimes","floor":4,"turns":3},{"damage":9,"enemies":"Blue Slaver","floor":5,"turns":4},{"damage":0,"enemies":"Lots of Slimes","floor":7,"turns":4},{"damage":18,"enemies":"3 Sentries","floor":12,"turns":9},{"damage":1,"enemies":"Exordium Thugs","floor":14,"turns":6},{"damage":54,"enemies":"Slime Boss","floor":16,"turns":11}],"seed_played":"7726681957271953607","potions_obtained":[{"floor":1,"key":"Strength Potion"},{"floor":2,"key":"Energy Potion"},{"floor":12,"key":"GamblersBrew"}],"is_trial":false,"path_per_floor":["M","M","?","M","M","R","M","$","T","R","$","E","R","M","R"],"character_chosen":"THE_SILENT","items_purchased":["Accuracy","Cloak And Dagger"],"campfire_rested":1,"item_purchase_floors":[8,11],"current_hp_per_floor":[67,66,55,46,37,37,37,37,37,70,70,52,52,51,51,0],"gold":282,"neow_bonus":"TWO_FIFTY_GOLD","is_prod":false,"is_daily":false,"chose_seed":false,"campfire_upgraded":3,"win_rate":0,"timestamp":1531407086,"path_taken":["M","M","?","M","M","R","M","$","T","R","$","E","R","M","R","BOSS"],"build_version":"2018-07-05","purchased_purges":2,"victory":false,"max_hp_per_floor":[70,70,70,70,70,70,70,70,70,70,70,70,70,70,70,70],"card_choices":[{"not_picked":["Bane","Dagger Spray"],"picked":"Deadly Poison","floor":1},{"not_picked":["Quick Slash","Setup","Escape Plan"],"picked":"SKIP","floor":2},{"not_picked":["Blade Dance","Flying Knee"],"picked":"Cloak And Dagger","floor":4},{"not_picked":["Sucker Punch","Dodge and Roll","Dagger Spray"],"picked":"SKIP","floor":5},{"not_picked":["Dagger Throw","Outmaneuver","Night Terror"],"picked":"SKIP","floor":7},{"not_picked":["Slice","Prepared","Riddle With Holes"],"picked":"SKIP","floor":12},{"not_picked":["Dagger Throw","Bouncing Flask"],"picked":"Quick Slash","floor":14}],"player_experience":239699,"relics_obtained":[{"floor":9,"key":"Regal Pillow"},{"floor":12,"key":"Whetstone"}],"event_choices":[{"event_name":"World of Goop","player_choice":"Gather Gold","floor":3,"damage_taken":0}],"boss_relics":[],"items_purged_floors":[8,11],"is_endless":false,"potions_floor_spawned":[1,2,12],"killed_by":"Slime Boss","ascension_level":0}