{"gold_per_floor":[109,126,201,220,231,263,263,280,280,280,245,245,259,259,259,259],"floor_reached":16,"playtime":852,"items_purged":[],"score":102,"play_id":"dd3e1f19-8e94-460c-8f4e-03a1ea7df9d6","local_time":"20190327223935","is_ascension_mode":false,"campfire_choices":[{"data":"Cloak And Dagger","floor":7,"key":"SMITH"},{"floor":10,"key":"REST"},{"data":"Infinite Blades","floor":12,"key":"SMITH"},{"floor":15,"key":"REST"}],"neow_cost":"PERCENT_DAMAGE","seed_source_timestamp":8120745188632513,"circlet_count":0,"master_deck":["Defend_G","Defend_G","Defend_G","Defend_G","Defend_G","Strike_G","Strike_G","Strike_G","Survivor","Neutralize","Infinite Blades+1","Choke","Cloak And Dagger+1","Footwork","Quick Slash","Infinite Blades","Finisher","Backflip"],"relics":["Ring of the Snake","Du-Vu Doll","Tingsha","Ice Cream"],"potions_floor_usage":[6,16],"damage_taken":[{"damage":0,"enemies":"2 Louse","floor":1,"turns":3},{"damage":2,"enemies":"Small Slimes","floor":2,"turns":4},{"damage":2,"enemies":"Cultist","floor":4,"turns":4},{"damage":0,"enemies":"2 Fungi Beasts","floor":5,"turns":3},{"damage":12,"enemies":"Gremlin Nob","floor":6,"turns":4},{"damage":18,"enemies":"Exordium Thugs","floor":8,"turns":5},{"damage":19,"enemies":"Gremlin Gang","floor":13,"turns":4},{"damage":38,"enemies":"Slime Boss","floor":16,"turns":6}],"seed_played":"628757924074442324","potions_obtained":[{"floor":4,"key":"PowerPotion"},{"floor":13,"key":"Swift Potion"}],"is_trial":false,"path_per_floor":["M","M","?","M","M","E","R","M","T","R","?","R","M","?","R","B"],"character_chosen":"THE_SILENT","items_purchased":[],"campfire_rested":2,"item_purchase_floors":[],"current_hp_per_floor":[49,47,36,34,34,22,22,4,4,25,42,42,23,16,37,0],"gold":259,"neow_bonus":"TRANSFORM_TWO_CARDS","is_prod":false,"is_daily":false,"chose_seed":false,"campfire_upgraded":2,"win_rate":0,"timestamp":1553740775,"path_taken":["M","M","?","M","M","E","R","M","T","R","?","R","M","?","R","BOSS"],"build_version":"2019-01-23","purchased_purges":0,"victory":false,"max_hp_per_floor":[70,70,70,70,70,70,70,70,70,70,70,70,70,70,70,70],"card_choices":[{"not_picked":["Prepared","Acrobatics"],"picked":"Cloak And Dagger","floor":1},{"not_picked":["Skewer","Bouncing Flask"],"picked":"Footwork","floor":2},{"not_picked":["Catalyst","Outmaneuver"],"picked":"Quick Slash","floor":4},{"not_picked":["Dodge and Roll","Outmaneuver"],"picked":"Infinite Blades","floor":5},{"not_picked":["Storm of Steel","Riddle With Holes"],"picked":"Finisher","floor":6},{"not_picked":["Deadly Poison","Bane","Cloak And Dagger"],"picked":"SKIP","floor":8},{"not_picked":["Quick Slash","Dodge and Roll"],"picked":"Backflip","floor":13}],"player_experience":559151,"relics_obtained":[{"floor":6,"key":"Du-Vu Doll"},{"floor":9,"key":"Tingsha"}],"event_choices":[{"damage_healed":0,"gold_gain":75,"player_choice":"Gather Gold","damage_taken":11,"max_hp_gain":0,"max_hp_loss":0,"event_name":"World of Goop","floor":3,"gold_loss":0},{"damage_healed":17,"gold_gain":0,"player_choice":"Healed","damage_taken":0,"max_hp_gain":0,"max_hp_loss":0,"event_name":"The Cleric","floor":11,"gold_loss":35},{"damage_healed":0,"gold_gain":0,"player_choice":"Success","damage_taken":7,"relics_obtained":["Ice Cream"],"max_hp_gain":0,"max_hp_loss":0,"event_name":"Scrap Ooze","floor":14,"gold_loss":0}],"is_beta":false,"boss_relics":[],"items_purged_floors":[],"is_endless":false,"potions_floor_spawned":[4,13],"killed_by":"Slime Boss","ascension_level":0}