{"gold_per_floor":[115,115,131,144,16,46,46,46,46,79,79,96,96,123,123,123],"floor_reached":16,"playtime":1380,"items_purged":["Strike_R"],"score":132,"play_id":"1cc53705-cdb4-4d1b-95c2-8d8e4aed667d","local_time":"20190328083430","is_ascension_mode":true,"campfire_choices":[{"data":"Heavy Blade","floor":8,"key":"SMITH"},{"data":"Shockwave","floor":13,"key":"SMITH"},{"floor":15,"key":"REST"}],"neow_cost":"NONE","seed_source_timestamp":198915615802406,"circlet_count":0,"master_deck":["Strike_R","Strike_R","Strike_R","Strike_R","Defend_R","Defend_R","Defend_R","Defend_R","Bash+1","Flame Barrier","Shrug It Off","Shockwave+1","Shrug It Off","Heavy Blade+1","Bloodletting","Feel No Pain"],"relics":["Burning Blood","Paper Frog","Kunai","Omamori","Strawberry"],"potions_floor_usage":[6,10,11,14],"damage_taken":[{"damage":7,"enemies":"Jaw Worm","floor":1,"turns":4},{"damage":1,"enemies":"Small Slimes","floor":3,"turns":3},{"damage":12,"enemies":"Cultist","floor":4,"turns":5},{"damage":32,"enemies":"3 Sentries","floor":6,"turns":13},{"damage":6,"enemies":"Gremlin Nob","floor":10,"turns":3},{"damage":0,"enemies":"Exordium Wildlife","floor":11,"turns":1},{"damage":3,"enemies":"Looter","floor":12,"turns":4},{"damage":23,"enemies":"3 Sentries","floor":14,"turns":16},{"damage":77,"enemies":"Slime Boss","floor":16,"turns":11}],"seed_played":"-7512773367354276726","potions_obtained":[{"floor":1,"key":"SkillPotion"},{"floor":4,"key":"SteroidPotion"},{"floor":10,"key":"SmokeBomb"},{"floor":12,"key":"EssenceOfSteel"}],"is_trial":false,"path_per_floor":["?","?"],"character_chosen":"IRONCLAD","items_purchased":["Shrug It Off"],"campfire_rested":1,"item_purchase_floors":[5],"current_hp_per_floor":[79,79,80,74,74,48,48,48,48,48,54,57,57,47,73,0],"gold":123,"neow_bonus":"THREE_CARDS","is_prod":false,"is_daily":false,"chose_seed":false,"campfire_upgraded":2,"win_rate":0,"timestamp":1553772870,"path_taken":["M","?","M","M","$","E","?","R","T","E","M","M","R","E","R","BOSS"],"build_version":"2019-01-23","purchased_purges":1,"victory":false,"max_hp_per_floor":[80,80,80,80,80,80,80,80,80,80,80,80,80,87,87,87],"card_choices":[{"not_picked":["Bloodletting","Pommel Strike"],"picked":"Flame Barrier","floor":0},{"not_picked":["True Grit","Wild Strike"],"picked":"Shrug It Off","floor":1},{"not_picked":["Body Slam","Whirlwind"],"picked":"Shockwave","floor":3},{"not_picked":["Wild Strike","Entrench","Perfected Strike"],"picked":"SKIP","floor":4},{"not_picked":["Second Wind","Warcry"],"picked":"Heavy Blade","floor":6},{"not_picked":["Reckless Charge","Warcry"],"picked":"Bloodletting","floor":10},{"not_picked":["Perfected Strike","Flame Barrier","Rampage"],"picked":"SKIP","floor":12},{"not_picked":["Offering","Havoc"],"picked":"Feel No Pain","floor":14}],"player_experience":474753,"relics_obtained":[{"floor":6,"key":"Paper Frog"},{"floor":9,"key":"Kunai"},{"floor":10,"key":"Omamori"},{"floor":14,"key":"Strawberry"}],"event_choices":[{"damage_healed":0,"gold_gain":0,"player_choice":"Ignored","damage_taken":0,"max_hp_gain":0,"max_hp_loss":0,"event_name":"Shining Light","floor":2,"gold_loss":0},{"damage_healed":0,"gold_gain":0,"player_choice":"Grow","damage_taken":0,"max_hp_gain":0,"max_hp_loss":0,"event_name":"Living Wall","floor":7,"gold_loss":0,"cards_upgraded":["Bash"]}],"is_beta":false,"boss_relics":[],"items_purged_floors":[5],"is_endless":false,"potions_floor_spawned":[1,4,10,12],"killed_by":"Slime Boss","ascension_level":2}