{"gold_per_floor":[116,191,366,366,377,377,395,407,434,452,304,304,320,348,348,448,448,466,466,366,386,398,398,430,442,442,442,126,126,155,168,168,267,267,280,296,246,260,15,43,43,58,58,58,75,94,94,94],"floor_reached":48,"playtime":1957,"items_purged":["Doubt","Defend_B","Defend_B","Defend_B"],"score":509,"play_id":"fad87775-cde9-4706-88a2-fa6982f0d05e","local_time":"20190324012522","is_ascension_mode":false,"campfire_choices":[{"floor":6,"key":"REST"},{"data":"Fission","floor":12,"key":"SMITH"},{"floor":15,"key":"REST"},{"floor":23,"key":"REST"},{"data":"Rainbow","floor":27,"key":"SMITH"},{"data":"Electrodynamics","floor":29,"key":"SMITH"},{"data":"Coolheaded","floor":32,"key":"SMITH"},{"floor":41,"key":"REST"},{"floor":44,"key":"REST"}],"neow_cost":"NONE","seed_source_timestamp":7783974054346551,"circlet_count":0,"master_deck":["Defend_B","Zap+1","Dualcast","Fission+1","Compile Driver","Coolheaded+1","Ball Lightning","Electrodynamics+1","Chill","Rainbow+1","Bite","Bite","Bite","Bite","Bite","Regret","Fission+1","Injury"],"relics":["Cracked Core","Ancient Tea Set","Pen Nib","Cursed Key","Red Mask","Art of War","DollysMirror","Smiling Mask","Inserter","Bottled Lightning","Symbiotic Virus","Bottled Tornado"],"potions_floor_usage":[10,14,14,16,16,24,30,33,38,40,42],"damage_taken":[{"damage":0,"enemies":"2 Louse","floor":1,"turns":3},{"damage":6,"enemies":"Jaw Worm","floor":5,"turns":2},{"damage":10,"enemies":"Small Slimes","floor":7,"turns":3},{"damage":9,"enemies":"Blue Slaver","floor":8,"turns":4},{"damage":0,"enemies":"2 Fungi Beasts","floor":10,"turns":2},{"damage":3,"enemies":"Lots of Slimes","floor":13,"turns":2},{"damage":26,"enemies":"Lagavulin","floor":14,"turns":4},{"damage":9,"enemies":"Slime Boss","floor":16,"turns":6},{"damage":0,"enemies":"Spheric Guardian","floor":18,"turns":3},{"damage":7,"enemies":"Shell Parasite","floor":21,"turns":2},{"damage":22,"enemies":"Snake Plant","floor":22,"turns":4},{"damage":0,"enemies":"Masked Bandits","floor":24,"turns":2},{"damage":0,"enemies":"Centurion and Healer","floor":25,"turns":4},{"damage":15,"enemies":"Book of Stabbing","floor":30,"turns":4},{"damage":0,"enemies":"Cultist and Chosen","floor":31,"turns":2},{"damage":42,"enemies":"Collector","floor":33,"turns":9},{"damage":12,"enemies":"3 Shapes","floor":35,"turns":3},{"damage":0,"enemies":"Orb Walker","floor":36,"turns":2},{"damage":0,"enemies":"Sphere and 2 Shapes","floor":38,"turns":2},{"damage":43,"enemies":"Reptomancer","floor":40,"turns":6},{"damage":5,"enemies":"4 Shapes","floor":42,"turns":2},{"damage":31,"enemies":"Writhing Mass","floor":45,"turns":4},{"damage":3,"enemies":"3 Darklings","floor":46,"turns":2},{"damage":81,"enemies":"Giant Head","floor":48,"turns":7}],"seed_played":"-7204233137421589879","potions_obtained":[{"floor":7,"key":"Ancient Potion"},{"floor":8,"key":"Poison Potion"},{"floor":10,"key":"SteroidPotion"},{"floor":13,"key":"SteroidPotion"},{"floor":14,"key":"SkillPotion"},{"floor":21,"key":"Weak Potion"},{"floor":22,"key":"Energy Potion"},{"floor":25,"key":"SkillPotion"},{"floor":31,"key":"Energy Potion"},{"floor":36,"key":"Explosive Potion"},{"floor":38,"key":"Fire Potion"},{"floor":45,"key":"Fire Potion"}],"is_trial":false,"path_per_floor":["M","?","?","?","M","R","M","M","T","M","$","R","M","E","R","B",null,"M","?","$","M","M","R","?","M","T","R","$","R","E","M","R","B",null,"M","M","$","M","$","E","R","M","T","R","M","M","?","E"],"character_chosen":"DEFECT","items_purchased":["Electrodynamics","DollysMirror","Bottled Lightning"],"campfire_rested":5,"item_purchase_floors":[11,28,39],"current_hp_per_floor":[75,64,64,49,43,65,55,46,46,46,46,46,43,17,39,30,75,75,52,52,49,32,47,51,52,52,52,52,52,45,52,52,27,52,48,52,52,52,52,13,28,29,29,44,31,40,40,0],"gold":94,"neow_bonus":"ONE_RANDOM_RARE_CARD","is_prod":false,"is_daily":false,"chose_seed":false,"campfire_upgraded":4,"win_rate":0,"timestamp":1553405122,"path_taken":["M","?","?","?","M","R","M","M","T","M","$","R","M","E","R","BOSS","M","?","$","M","M","R","?","M","T","R","$","R","E","M","R","BOSS","M","M","$","M","$","E","R","M","T","R","M","M","?","E"],"build_version":"2019-01-23","purchased_purges":4,"victory":false,"max_hp_per_floor":[75,75,75,75,75,75,75,75,75,75,75,75,75,75,75,75,75,75,52,52,52,52,52,52,52,52,52,52,52,52,52,52,52,52,52,52,52,52,52,52,52,52,52,52,52,52,52,52],"card_choices":[{"not_picked":["Sunder","Skim"],"picked":"Compile Driver","floor":1},{"not_picked":["Turbo","Rip and Tear","Compile Driver"],"picked":"SKIP","floor":5},{"not_picked":["Hologram","Barrage","Double Energy"],"picked":"SKIP","floor":7},{"not_picked":["Go for the Eyes","Gash"],"picked":"Coolheaded","floor":8},{"not_picked":["Sweeping Beam","Chill"],"picked":"Ball Lightning","floor":10},{"not_picked":["Steam","Compile Driver","Leap"],"picked":"SKIP","floor":13},{"not_picked":["Redo","Skim"],"picked":"Chill","floor":14},{"not_picked":["Electrodynamics","Multi-Cast"],"picked":"Rainbow","floor":16},{"not_picked":["Redo","FTL","Conserve Battery"],"picked":"SKIP","floor":18},{"not_picked":["Storm","Hologram+1","Doom and Gloom"],"picked":"SKIP","floor":21},{"not_picked":["Aggregate","Storm","Fusion"],"picked":"SKIP","floor":22},{"not_picked":["Sunder","Fusion","Streamline"],"picked":"SKIP","floor":25},{"not_picked":["Streamline+1","Redo","Go for the Eyes"],"picked":"SKIP","floor":30},{"not_picked":["Ball Lightning","Darkness","Hello World"],"picked":"SKIP","floor":31},{"not_picked":["Compile Driver","Gash+1","Turbo+1"],"picked":"SKIP","floor":35},{"not_picked":["Compile Driver","Gash+1","Turbo+1"],"picked":"SKIP","floor":35},{"not_picked":["Redo+1","Tempest+1","Gash"],"picked":"SKIP","floor":36},{"not_picked":["Leap+1","Gash","Streamline+1"],"picked":"SKIP","floor":38},{"not_picked":["Core Surge","Conserve Battery","Coolheaded+1"],"picked":"SKIP","floor":40},{"not_picked":["Core Surge","Conserve Battery","Coolheaded+1"],"picked":"SKIP","floor":40},{"not_picked":["Fusion","Blizzard+1","Ball Lightning+1"],"picked":"SKIP","floor":42},{"not_picked":["Cold Snap+1","Recycle","Coolheaded+1"],"picked":"SKIP","floor":45},{"not_picked":["Conserve Battery+1","Skim","Stack"],"picked":"SKIP","floor":46}],"player_experience":459837,"relics_obtained":[{"floor":9,"key":"Ancient Tea Set"},{"floor":14,"key":"Pen Nib"},{"floor":24,"key":"Red Mask"},{"floor":26,"key":"Art of War"},{"floor":30,"key":"Smiling Mask"},{"floor":40,"key":"Symbiotic Virus"},{"floor":43,"key":"Bottled Tornado"}],"event_choices":[{"damage_healed":0,"gold_gain":75,"player_choice":"Gather Gold","damage_taken":11,"max_hp_gain":0,"max_hp_loss":0,"event_name":"World of Goop","floor":2,"gold_loss":0},{"damage_healed":0,"gold_gain":175,"player_choice":"AGREE","damage_taken":0,"max_hp_gain":0,"max_hp_loss":0,"event_name":"Liars Game","floor":3,"gold_loss":0,"cards_obtained":["Doubt"]},{"damage_healed":0,"gold_gain":0,"player_choice":"Entered Light","damage_taken":15,"max_hp_gain":0,"max_hp_loss":0,"event_name":"Shining Light","floor":4,"gold_loss":0,"cards_upgraded":["Strike_B","Zap"]},{"damage_healed":0,"gold_gain":0,"player_choice":"Became a vampire","damage_taken":0,"max_hp_gain":0,"max_hp_loss":23,"event_name":"Vampires","floor":19,"gold_loss":0,"cards_obtained":["Bite","Bite","Bite","Bite","Bite"]},{"damage_healed":0,"gold_gain":0,"player_choice":"Fought Bandits","damage_taken":0,"max_hp_gain":0,"max_hp_loss":0,"event_name":"Masked Bandits","floor":24,"gold_loss":0},{"damage_healed":0,"gold_gain":0,"player_choice":"Memory 1","damage_taken":0,"max_hp_gain":0,"max_hp_loss":0,"event_name":"SensoryStone","floor":47,"gold_loss":0}],"is_beta":false,"boss_relics":[{"not_picked":["FrozenCore","Black Star"],"picked":"Cursed Key"},{"not_picked":["Philosopher\u0027s Stone","Calling Bell"],"picked":"Inserter"}],"items_purged_floors":[11,20,28,37],"is_endless":false,"potions_floor_spawned":[7,8,10,13,14,21,22,25,31,36,38,45],"killed_by":"Giant Head","ascension_level":0}