{"gold_per_floor":[364,364,374,40,50,50,50,68,68,8,83,83,83,100,100,205,205,215,215,234,154,154],"floor_reached":22,"playtime":477,"items_purged":["Defend_R","Strike_R"],"score":174,"play_id":"45915e09-7226-4350-a7fd-6e74ff90a2d3","local_time":"20180805235433","is_ascension_mode":false,"campfire_choices":[{"data":"Thunderclap","floor":6,"key":"SMITH"},{"data":"Sword Boomerang","floor":12,"key":"SMITH"},{"data":"Battle Trance","floor":15,"key":"SMITH"}],"neow_cost":"TEN_PERCENT_HP_LOSS","seed_source_timestamp":2217050858163561,"circlet_count":0,"master_deck":["Strike_R","Strike_R","Strike_R","Strike_R","Defend_R","Defend_R","Defend_R","Bash+1","Battle Trance+1","Thunderclap+1","Sword Boomerang+1","Thunderclap+1","Shrug It Off","Flex","Decay"],"relics":["Burning Blood","Membership Card","Frozen Egg 2","Mark of Pain"],"potions_floor_usage":[16,16,16],"damage_taken":[{"damage":14,"enemies":"Jaw Worm","floor":1,"turns":4},{"damage":0,"enemies":"Small Slimes","floor":3,"turns":3},{"damage":6,"enemies":"Cultist","floor":5,"turns":3},{"damage":6,"enemies":"Blue Slaver","floor":8,"turns":3},{"damage":0,"enemies":"Gremlin Gang","floor":14,"turns":1},{"damage":45,"enemies":"The Guardian","floor":16,"turns":7},{"damage":36,"enemies":"Shell Parasite","floor":18,"turns":5},{"damage":32,"enemies":"Spheric Guardian","floor":20,"turns":4},{"damage":20,"enemies":"Centurion and Healer","floor":22,"turns":2}],"seed_played":"334810325801261151","potions_obtained":[{"floor":1,"key":"Dexterity Potion"},{"floor":5,"key":"EssenceOfSteel"},{"floor":8,"key":"Fire Potion"},{"floor":13,"key":"Poison Potion"},{"floor":13,"key":"PowerPotion"}],"is_trial":false,"path_per_floor":["M","?","M","$","M","R","?","M","T","$","?","R","?","M","R","B",null,"M","?","M","$"],"character_chosen":"IRONCLAD","items_purchased":["Sword Boomerang","Thunderclap","Shrug It Off","Membership Card"],"campfire_rested":0,"item_purchase_floors":[4,4,4,4],"current_hp_per_floor":[64,64,70,70,70,70,70,70,70,70,59,59,59,65,65,26,72,42,42,16,16,0],"gold":154,"neow_bonus":"TWO_FIFTY_GOLD","is_prod":false,"is_daily":false,"chose_seed":false,"campfire_upgraded":3,"win_rate":0,"timestamp":1533527673,"path_taken":["M","?","M","$","M","R","?","M","T","$","?","R","?","M","R","BOSS","M","?","M","$","?"],"build_version":"2018-08-02","purchased_purges":2,"victory":false,"max_hp_per_floor":[72,72,72,72,72,72,72,72,72,72,72,72,72,72,72,72,72,72,72,72,72,72],"card_choices":[{"not_picked":["Armaments","Wild Strike"],"picked":"Battle Trance","floor":1},{"not_picked":["Flame Barrier","Combust"],"picked":"Thunderclap","floor":3},{"not_picked":["True Grit","Headbutt","Perfected Strike"],"picked":"SKIP","floor":5},{"not_picked":["Body Slam","Bludgeon","Headbutt"],"picked":"SKIP","floor":8},{"not_picked":["Sentinel","Cleave","Body Slam"],"picked":"SKIP","floor":14},{"not_picked":["Infernal Blade","Battle Trance"],"picked":"Flex","floor":18},{"not_picked":["Blood for Blood","Clothesline","Evolve+1"],"picked":"SKIP","floor":20}],"player_experience":340915,"relics_obtained":[{"floor":9,"key":"Frozen Egg 2"}],"event_choices":[{"event_name":"Living Wall","player_choice":"Grow","floor":2,"damage_taken":0},{"event_name":"Upgrade Shrine","player_choice":"Upgraded","floor":7,"damage_taken":0},{"event_name":"World of Goop","player_choice":"Gather Gold","floor":11,"damage_taken":0},{"event_name":"The Lab","player_choice":"Got Potions","floor":13,"damage_taken":0},{"event_name":"Forgotten Altar","player_choice":"Smashed Altar","floor":19,"damage_taken":0}],"is_beta":false,"boss_relics":[{"not_picked":["Velvet Choker","Coffee Dripper"],"picked":"Mark of Pain"}],"items_purged_floors":[10,21],"is_endless":false,"potions_floor_spawned":[1,5,8],"killed_by":"Centurion and Healer","ascension_level":0}