{"gold_per_floor":[114,12,26,26,26,26,61,61,139,170,170,2,2,2,2,130,130,144,169,169],"floor_reached":20,"playtime":509,"items_purged":["Defend_B","Regret"],"score":228,"play_id":"b7e6146d-ea88-40fe-847a-8171d23fcee6","local_time":"20180709152027","is_ascension_mode":false,"campfire_choices":[{"data":"Dualcast","floor":6,"key":"SMITH"},{"data":"Ball Lightning","floor":8,"key":"SMITH"},{"floor":11,"key":"REST"},{"floor":13,"key":"REST"},{"data":"Beam Cell","floor":15,"key":"SMITH"}],"neow_cost":"TEN_PERCENT_HP_LOSS","seed_source_timestamp":1603621558486574,"circlet_count":0,"master_deck":["Strike_B","Strike_B","Strike_B","Strike_B","Defend_B","Defend_B","Defend_B","Zap","Dualcast+1","Ball Lightning+1","Compile Driver","Beam Cell+1","Storm+1","Injury","Thunder Strike","Beam Cell","Storm+1","Storm+1","Cold Snap+1"],"relics":["Cracked Core","Gambling Chip","Ancient Tea Set","Darkstone Periapt","Frozen Egg 2","Bronze Scales","Golden Idol","Orrery"],"potions_floor_usage":[7,20],"damage_taken":[{"damage":0,"enemies":"Small Slimes","floor":1,"turns":4},{"damage":1,"enemies":"Jaw Worm","floor":3,"turns":2},{"damage":18,"enemies":"Lagavulin","floor":7,"turns":5},{"damage":35,"enemies":"Gremlin Nob","floor":10,"turns":4},{"damage":0,"enemies":"Slime Boss","floor":16,"turns":6},{"damage":21,"enemies":"3 Byrds","floor":18,"turns":2},{"damage":51,"enemies":"2 Thieves","floor":19,"turns":3},{"damage":5,"enemies":"Chosen and Byrds","floor":20,"turns":1}],"seed_played":"930674231583478787","potions_obtained":[{"floor":1,"key":"EssenceOfSteel"},{"floor":19,"key":"Energy Potion"}],"is_trial":false,"path_per_floor":["M","$","M","?","$","R","E","R","T","E","R","$","R","?","R","B",null,"M","M"],"character_chosen":"DEFECT","items_purchased":["Compile Driver","Storm+1"],"campfire_rested":2,"item_purchase_floors":[2,12],"current_hp_per_floor":[68,68,67,67,67,67,49,49,49,14,34,34,54,60,60,60,74,53,2,0],"gold":169,"neow_bonus":"ONE_RARE_RELIC","is_prod":false,"is_daily":false,"chose_seed":false,"campfire_upgraded":3,"win_rate":0.0,"timestamp":1531164027,"path_taken":["M","$","M","?","?","R","E","R","T","E","R","$","R","?","R","BOSS","M","M","M"],"build_version":"2018-07-05","purchased_purges":2,"victory":false,"max_hp_per_floor":[68,68,68,68,68,68,68,68,68,68,68,68,68,74,74,74,74,74,74,74],"card_choices":[{"not_picked":["Recycle","Rebound"],"picked":"Ball Lightning","floor":1},{"not_picked":["Force Field","Aggregate","Ball Lightning"],"picked":"SKIP","floor":3},{"not_picked":["Cold Snap","Streamline","Sweeping Beam"],"picked":"SKIP","floor":7},{"not_picked":["Coolheaded","BootSequence"],"picked":"Beam Cell","floor":10},{"not_picked":["All For One","Echo Form+1"],"picked":"Thunder Strike","floor":16},{"not_picked":["Compile Driver","Turbo"],"picked":"Beam Cell","floor":17},{"not_picked":["Leap","Meteor Strike"],"picked":"Storm+1","floor":17},{"not_picked":["Leap","Ball Lightning"],"picked":"Storm+1","floor":17},{"not_picked":["FTL","Rainbow","Rebound"],"picked":"SKIP","floor":18},{"not_picked":["Ball Lightning","Consume+1"],"picked":"Cold Snap+1","floor":19}],"player_experience":155302,"relics_obtained":[{"floor":7,"key":"Darkstone Periapt"},{"floor":9,"key":"Frozen Egg 2"},{"floor":10,"key":"Bronze Scales"}],"event_choices":[{"event_name":"Big Fish","player_choice":"Box","floor":4,"damage_taken":0},{"event_name":"Golden Idol","player_choice":"Take Wound","floor":14,"damage_taken":0}],"boss_relics":[{"not_picked":["Inserter","White Beast Statue"],"picked":"Orrery"}],"items_purged_floors":[2,12],"is_endless":false,"potions_floor_spawned":[1,19],"killed_by":"Chosen and Byrds","ascension_level":0}