{"gold_per_floor":[109,109,120,21,21,21,35,35,87,87,110,110,151,170,170,301,301,325,325,325],"floor_reached":20,"playtime":510,"items_purged":["Defend_B"],"score":244,"play_id":"11fd3e6c-dd4c-44ca-9680-4a6354cf872a","local_time":"20180923221215","is_ascension_mode":true,"campfire_choices":[{"floor":6,"key":"REST"},{"data":"Leap","floor":10,"key":"SMITH"},{"data":"Chaos","floor":12,"key":"SMITH"},{"floor":15,"key":"REST"}],"neow_cost":"PERCENT_DAMAGE","seed_source_timestamp":212679436977775,"circlet_count":0,"master_deck":["Strike_B+1","Strike_B","Strike_B","Strike_B","Defend_B","Defend_B","Defend_B","Zap","Dualcast+1","Leap+1","Leap","Injury","Chaos+1","Coolheaded","Hyperbeam","Echo Form","Melter"],"relics":["Cracked Core","Pocketwatch","Golden Idol","Blood Vial","Bag of Preparation","Velvet Choker"],"potions_floor_usage":[16],"damage_taken":[{"damage":5,"enemies":"Small Slimes","floor":1,"turns":3},{"damage":0,"enemies":"Cultist","floor":3,"turns":2},{"damage":10,"enemies":"Jaw Worm","floor":7,"turns":3},{"damage":6,"enemies":"Large Slime","floor":11,"turns":4},{"damage":15,"enemies":"3 Sentries","floor":13,"turns":7},{"damage":14,"enemies":"Exordium Wildlife","floor":14,"turns":4},{"damage":0,"enemies":"Slime Boss","floor":16,"turns":6},{"damage":24,"enemies":"Chosen","floor":18,"turns":5},{"damage":47,"enemies":"3 Byrds","floor":20,"turns":4}],"seed_played":"8915323961344743631","potions_obtained":[{"floor":3,"key":"FairyPotion"},{"floor":13,"key":"Strength Potion"},{"floor":16,"key":"Poison Potion"},{"floor":18,"key":"Regen Potion"}],"is_trial":false,"path_per_floor":["M","$","M","$","?","R","M","?","T","R","M","R","E","M","R","B",null,"M","?"],"character_chosen":"DEFECT","items_purchased":["Leap"],"campfire_rested":2,"item_purchase_floors":[4],"current_hp_per_floor":[49,49,49,49,34,56,46,46,46,46,42,42,29,17,39,41,75,51,51,6],"gold":325,"neow_bonus":"ONE_RARE_RELIC","is_prod":false,"is_daily":false,"chose_seed":false,"campfire_upgraded":2,"win_rate":0,"timestamp":1537755135,"path_taken":["M","$","M","$","?","R","?","?","T","R","?","R","E","M","R","BOSS","M","?","M"],"build_version":"2018-09-20","purchased_purges":1,"victory":false,"max_hp_per_floor":[75,75,75,75,75,75,75,75,75,75,75,75,75,75,75,75,75,75,75,75],"card_choices":[{"not_picked":["Stack","Skim","Steam Power"],"picked":"SKIP","floor":1},{"not_picked":["Hologram","Conserve Battery"],"picked":"Leap","floor":3},{"not_picked":["Gash","Reprogram","Conserve Battery"],"picked":"SKIP","floor":7},{"not_picked":["Compile Driver","Turbo"],"picked":"Chaos","floor":11},{"not_picked":["Conserve Battery","Heatsinks"],"picked":"Coolheaded","floor":13},{"not_picked":["Hologram","Aggregate"],"picked":"Hyperbeam","floor":14},{"not_picked":["Amplify","Core Surge"],"picked":"Echo Form","floor":16},{"not_picked":["Compile Driver","Coolheaded+1","Doom and Gloom"],"picked":"SKIP","floor":18}],"player_experience":389975,"relics_obtained":[{"floor":9,"key":"Blood Vial"},{"floor":13,"key":"Bag of Preparation"}],"event_choices":[{"event_name":"Shining Light","player_choice":"Entered Light","floor":5,"damage_taken":0},{"event_name":"Golden Idol","player_choice":"Take Wound","floor":8,"damage_taken":0},{"event_name":"The Library","player_choice":"Read","floor":19,"damage_taken":0}],"is_beta":false,"boss_relics":[{"not_picked":["Busted Crown","Snecko Eye"],"picked":"Velvet Choker"}],"items_purged_floors":[4],"is_endless":false,"potions_floor_spawned":[3,13,16,18],"killed_by":"3 Byrds","ascension_level":2}