{"gold_per_floor":[109,109,129,143,160,160,187,187,212,86,86,98,115,129,129,129],"floor_reached":16,"playtime":299,"items_purged":["Defend_B"],"score":114,"play_id":"78f7a829-06d6-4ee4-b07d-910895a8e1d4","local_time":"20180925152241","is_ascension_mode":true,"campfire_choices":[{"data":"Streamline","floor":6,"key":"SMITH"},{"data":"Sweeping Beam","floor":8,"key":"SMITH"},{"data":"Beam Cell","floor":11,"key":"SMITH"},{"floor":15,"key":"REST"}],"neow_cost":"NONE","seed_source_timestamp":361119179191853,"circlet_count":0,"master_deck":["Strike_B","Strike_B","Strike_B","Strike_B","Defend_B","Defend_B","Defend_B","Dualcast","Sweeping Beam+1","Beam Cell+1","Streamline+1"],"relics":["Cracked Core","NeowsBlessing","Pen Nib","Art of War"],"potions_floor_usage":[5,7,13,16],"damage_taken":[{"damage":0,"enemies":"2 Louse","floor":1,"turns":1},{"damage":0,"enemies":"Jaw Worm","floor":3,"turns":1},{"damage":0,"enemies":"Cultist","floor":4,"turns":1},{"damage":11,"enemies":"Looter","floor":5,"turns":2},{"damage":21,"enemies":"Lagavulin","floor":7,"turns":4},{"damage":8,"enemies":"Blue Slaver","floor":12,"turns":2},{"damage":0,"enemies":"2 Fungi Beasts","floor":13,"turns":1},{"damage":6,"enemies":"Looter","floor":14,"turns":2},{"damage":45,"enemies":"Slime Boss","floor":16,"turns":6}],"seed_played":"-7553221805799170702","potions_obtained":[{"floor":1,"key":"GamblersBrew"},{"floor":3,"key":"Poison Potion"},{"floor":12,"key":"FearPotion"},{"floor":14,"key":"FearPotion"}],"is_trial":false,"path_per_floor":["M","?","M","M","M","R","E","R","T","$","R","M","M","M","R"],"character_chosen":"DEFECT","items_purchased":["AttackPotion"],"campfire_rested":1,"item_purchase_floors":[10],"current_hp_per_floor":[75,68,68,68,57,57,36,36,36,36,36,28,28,22,44,0],"gold":129,"neow_bonus":"THREE_ENEMY_KILL","is_prod":false,"is_daily":false,"chose_seed":false,"campfire_upgraded":3,"win_rate":0,"timestamp":1537903361,"path_taken":["M","?","M","M","M","R","E","R","T","$","R","M","M","M","R","BOSS"],"build_version":"2018-09-20","purchased_purges":1,"victory":false,"max_hp_per_floor":[75,75,75,75,75,75,75,75,75,75,75,75,75,75,75,75],"card_choices":[{"not_picked":["Glacier","Leap"],"picked":"Sweeping Beam","floor":1},{"not_picked":["Sweeping Beam","Compile Driver"],"picked":"Beam Cell","floor":3},{"not_picked":["Force Field","Double Energy","Defragment"],"picked":"SKIP","floor":4},{"not_picked":["Compile Driver","Loop"],"picked":"Streamline","floor":5},{"not_picked":["Leap","Double Energy","Sweeping Beam"],"picked":"SKIP","floor":7},{"not_picked":["Skim","Force Field","Sunder"],"picked":"SKIP","floor":12},{"not_picked":["Rebound","Biased Cognition","Sunder"],"picked":"SKIP","floor":13},{"not_picked":["Reprogram","Hologram","Aggregate"],"picked":"SKIP","floor":14}],"player_experience":413434,"relics_obtained":[{"floor":7,"key":"Pen Nib"},{"floor":9,"key":"Art of War"}],"event_choices":[{"event_name":"Golden Wing","player_choice":"Card Removal","floor":2,"damage_taken":0}],"is_beta":false,"boss_relics":[],"items_purged_floors":[10],"is_endless":false,"potions_floor_spawned":[1,3,12,14],"killed_by":"Slime Boss","ascension_level":2}