{"gold_per_floor":[114,39,69,69,69,69,80,80,151,165,177,177,190,207,207,309,309,328,228,228,228,239,239,252,587,587,607,607,607,287,299,299,299],"floor_reached":33,"playtime":1090,"items_purged":["Defend_B","Purity","Defend_B"],"score":307,"play_id":"7ddfef1f-2aaf-4d34-b95f-ee12fd23892e","local_time":"20180801090456","is_ascension_mode":false,"campfire_choices":[{"data":"Rainbow","floor":6,"key":"SMITH"},{"data":"Ball Lightning","floor":8,"key":"SMITH"},{"data":"Zap","floor":12,"key":"SMITH"},{"floor":15,"key":"REST"},{"data":"Cold Snap","floor":23,"key":"SMITH"},{"floor":28,"key":"REST"},{"floor":32,"key":"REST"}],"neow_cost":"TEN_PERCENT_HP_LOSS","seed_source_timestamp":1817450710574571,"circlet_count":0,"master_deck":["Strike_B+1","Strike_B+1","Strike_B","Strike_B","Defend_B","Defend_B","Zap+1","Dualcast","Ball Lightning+1","Rainbow+1","Coolheaded","Cold Snap+1","Seek","Leap","Compile Driver"],"relics":["Cracked Core","Sundial","Tiny Chest","Art of War","Mercury Hourglass","Sozu","Old Coin","Whetstone","ClockworkSouvenir"],"potions_floor_usage":[25,25],"damage_taken":[{"damage":0,"enemies":"Cultist","floor":1,"turns":2},{"damage":11,"enemies":"Jaw Worm","floor":7,"turns":3},{"damage":0,"enemies":"2 Louse","floor":10,"turns":1},{"damage":13,"enemies":"Red Slaver","floor":11,"turns":2},{"damage":7,"enemies":"Exordium Thugs","floor":13,"turns":3},{"damage":0,"enemies":"Large Slime","floor":14,"turns":3},{"damage":0,"enemies":"Slime Boss","floor":16,"turns":7},{"damage":23,"enemies":"3 Byrds","floor":18,"turns":3},{"damage":3,"enemies":"Chosen","floor":22,"turns":3},{"damage":3,"enemies":"Centurion and Healer","floor":24,"turns":4},{"damage":17,"enemies":"Gremlin Leader","floor":25,"turns":5},{"damage":0,"enemies":"Snecko","floor":27,"turns":4},{"damage":7,"enemies":"Snake Plant","floor":31,"turns":3},{"damage":80,"enemies":"Champ","floor":33,"turns":8}],"seed_played":"6639919078921780381","potions_obtained":[{"floor":10,"key":"Poison Potion"},{"floor":14,"key":"FearPotion"},{"floor":16,"key":"FairyPotion"}],"is_trial":false,"path_per_floor":["M","$","?","T","?","R","M","R","T","M","M","R","M","M","R","B",null,"M","$","?","?","M","R","M","E","T","M","R","?","$","M","R"],"character_chosen":"DEFECT","items_purchased":["ClockworkSouvenir"],"campfire_rested":3,"item_purchase_floors":[30],"current_hp_per_floor":[68,68,65,65,65,65,54,54,54,54,41,41,34,34,54,54,68,45,45,45,45,42,42,39,22,22,22,42,42,42,35,55,0],"gold":299,"neow_bonus":"ONE_RARE_RELIC","is_prod":false,"is_daily":false,"chose_seed":false,"campfire_upgraded":4,"win_rate":0,"timestamp":1533128696,"path_taken":["M","$","?","?","?","R","M","R","T","M","M","R","M","M","R","BOSS","M","$","?","?","?","R","M","E","T","M","R","?","$","M","R","BOSS"],"build_version":"2018-07-26","purchased_purges":3,"victory":false,"max_hp_per_floor":[68,68,68,68,68,68,68,68,68,68,68,68,68,68,68,68,68,68,68,68,68,68,68,68,68,68,68,68,68,68,68,68,68],"card_choices":[{"not_picked":["Stack","Barrage"],"picked":"Ball Lightning","floor":1},{"not_picked":["Glacier","Static Discharge","Conserve Battery"],"picked":"SKIP","floor":7},{"not_picked":["Undo","Self Repair","Stack"],"picked":"SKIP","floor":10},{"not_picked":["Undo","Sunder","Gash"],"picked":"SKIP","floor":11},{"not_picked":["Turbo","Conserve Battery"],"picked":"Coolheaded","floor":13},{"not_picked":["Reinforced Body","Ball Lightning"],"picked":"Cold Snap","floor":14},{"not_picked":["Hyperbeam","Creative AI"],"picked":"Seek","floor":16},{"not_picked":["Turbo","Barrage"],"picked":"Leap","floor":18},{"not_picked":["Coolheaded","Rebound","Conserve Battery"],"picked":"SKIP","floor":22},{"not_picked":["Beam Cell","Leap","Compile Driver"],"picked":"SKIP","floor":24},{"not_picked":["Rebound","Cold Snap+1","Conserve Battery"],"picked":"SKIP","floor":25},{"not_picked":["Cold Snap","Gash","Beam Cell"],"picked":"SKIP","floor":27},{"not_picked":["Streamline","Amplify"],"picked":"Compile Driver","floor":31}],"player_experience":296747,"relics_obtained":[{"floor":4,"key":"Art of War"},{"floor":9,"key":"Mercury Hourglass"},{"floor":25,"key":"Old Coin"},{"floor":26,"key":"Whetstone"}],"event_choices":[{"event_name":"Scrap Ooze","player_choice":"success","floor":3,"damage_taken":3},{"event_name":"Match and Keep!","player_choice":"2 cards matched","floor":5,"damage_taken":0},{"event_name":"The Woman in Blue","player_choice":"Bought 0 Potions","floor":20,"damage_taken":0},{"event_name":"N\u0027loth","player_choice":"Ignored","floor":21,"damage_taken":0},{"event_name":"The Mausoleum","player_choice":"No","floor":29,"damage_taken":0}],"is_beta":false,"boss_relics":[{"not_picked":["Empty Cage","Pandora\u0027s Box"],"picked":"Sozu"}],"items_purged_floors":[2,19,30],"is_endless":false,"potions_floor_spawned":[10,14,16,25,27],"killed_by":"Champ","ascension_level":0}