{"gold_per_floor":[116,136,146,163,163,195,207,207,258,19,37,63,63,63,63,165,165,183,183,202,5,24,83,100,100,124,124,159,179,189,100,100,198,198,216,66,90,390,164,213,213,245,245,245,245,263,282,296,296,296,296,296,10,41,41],"floor_reached":56,"playtime":8162,"items_purged":["Strike_R"],"score":1277,"play_id":"78405a8d-a342-4d98-bbd3-abba60a87cbd","local_time":"20190318015441","is_ascension_mode":false,"campfire_choices":[{"data":"Armaments","floor":8,"key":"SMITH"},{"floor":15,"key":"REST"},{"floor":25,"key":"REST"},{"data":"Warcry","floor":27,"key":"SMITH"},{"floor":32,"key":"REST"},{"floor":41,"key":"RECALL"},{"floor":45,"key":"REST"},{"floor":49,"key":"REST"},{"floor":52,"key":"REST"}],"neow_cost":"NONE","seed_source_timestamp":384874883489521,"circlet_count":0,"master_deck":["Strike_R","Defend_R","Defend_R","Defend_R","Defend_R","Bash+1","True Grit","Armaments+1","Warcry+1","Headbutt","Limit Break","Feel No Pain","Cleave+1","Intimidate+1","Feed+1","Dark Embrace+1","Sentinel+1","Fiend Fire+1","True Grit+1","Clothesline","Feed","Iron Wave+1","Spot Weakness+1","Havoc","Sentinel","Body Slam+1","Corruption","Iron Wave","Bludgeon","Sentinel","Entrench+1","Shrug It Off+1","Flame Barrier+1","Flame Barrier"],"relics":["Burning Blood","Dead Branch","Pen Nib","Pantograph","Matryoshka","Astrolabe","MutagenicStrength","DollysMirror","Tiny Chest","Anchor","Centennial Puzzle","Whetstone","Fusion Hammer","Bronze Scales","PreservedInsect","Old Coin","Boot","Charon\u0027s Ashes","Art of War","Mummified Hand","Vajra","Paper Frog"],"potions_floor_usage":[6,12,12,23,24,30,33,33,33,40,47,47,50,50,50,55],"damage_taken":[{"damage":8,"enemies":"Small Slimes","floor":1,"turns":3},{"damage":6,"enemies":"Cultist","floor":2,"turns":3},{"damage":0,"enemies":"2 Louse","floor":3,"turns":4},{"damage":9,"enemies":"Blue Slaver","floor":4,"turns":4},{"damage":28,"enemies":"Gremlin Nob","floor":6,"turns":4},{"damage":17,"enemies":"Exordium Thugs","floor":7,"turns":6},{"damage":4,"enemies":"Red Slaver","floor":11,"turns":6},{"damage":31,"enemies":"Lagavulin","floor":12,"turns":7},{"damage":65,"enemies":"Hexaghost","floor":16,"turns":11},{"damage":2,"enemies":"2 Thieves","floor":18,"turns":4},{"damage":10,"enemies":"Spheric Guardian","floor":20,"turns":3},{"damage":16,"enemies":"Cultist and Chosen","floor":22,"turns":8},{"damage":21,"enemies":"Gremlin Leader","floor":23,"turns":7},{"damage":40,"enemies":"Chosen and Byrds","floor":24,"turns":8},{"damage":6,"enemies":"Slavers","floor":28,"turns":3},{"damage":17,"enemies":"Centurion and Healer","floor":29,"turns":7},{"damage":17,"enemies":"Snecko","floor":30,"turns":6},{"damage":38,"enemies":"Champ","floor":33,"turns":16},{"damage":27,"enemies":"3 Darklings","floor":35,"turns":7},{"damage":0,"enemies":"2 Orb Walkers","floor":40,"turns":3},{"damage":24,"enemies":"Reptomancer","floor":42,"turns":5},{"damage":0,"enemies":"3 Shapes","floor":46,"turns":4},{"damage":0,"enemies":"Jaw Worm Horde","floor":47,"turns":4},{"damage":46,"enemies":"Spire Growth","floor":48,"turns":4},{"damage":82,"enemies":"Awakened One","floor":50,"turns":9},{"damage":0,"enemies":"Shield and Spear","floor":54,"turns":3},{"damage":79,"enemies":"The Heart","floor":55,"turns":7}],"seed_played":"136604988970395487","potions_obtained":[{"floor":2,"key":"Dexterity Potion"},{"floor":3,"key":"LiquidBronze"},{"floor":6,"key":"SteroidPotion"},{"floor":11,"key":"Regen Potion"},{"floor":12,"key":"Explosive Potion"},{"floor":23,"key":"Weak Potion"},{"floor":28,"key":"Fire Potion"},{"floor":29,"key":"Weak Potion"},{"floor":30,"key":"Weak Potion"},{"floor":35,"key":"Explosive Potion"},{"floor":42,"key":"LiquidBronze"},{"floor":44,"key":"Fruit Juice"},{"floor":44,"key":"Fire Potion"},{"floor":47,"key":"Poison Potion"},{"floor":48,"key":"Energy Potion"}],"is_trial":false,"path_per_floor":["?","$","?","?","?","$","T","T","?","?","M"],"character_chosen":"IRONCLAD","items_purchased":["Pantograph","DollysMirror","Corruption","Iron Wave","Bronze Scales","Boot","Flame Barrier","LiquidBronze","Vajra"],"campfire_rested":6,"item_purchase_floors":[10,21,31,31,36,39,53,53,53],"current_hp_per_floor":[78,78,80,77,77,55,44,44,44,44,46,36,36,36,60,21,80,84,84,83,83,76,61,31,59,59,59,62,55,44,44,74,67,101,80,80,80,80,80,90,90,72,72,72,103,109,117,80,116,44,120,120,120,120,47],"gold":41,"neow_bonus":"UPGRADE_CARD","is_prod":false,"is_daily":false,"chose_seed":false,"campfire_upgraded":2,"win_rate":0,"timestamp":1552884881,"path_taken":["M","M","M","M","?","E","M","R","T","?","M","E","?","?","R","BOSS","M","?","M","?","M","E","M","R","T","R","E","M","M","$","R","BOSS","M","$","?","?","$","?","R","E","T","?","R","?","M","M","R","BOSS","R","$","E","BOSS"],"build_version":"2019-01-23","purchased_purges":1,"victory":true,"max_hp_per_floor":[80,80,80,80,80,80,80,80,80,80,80,80,80,80,80,80,80,84,84,87,87,90,90,94,94,94,94,97,101,101,101,101,101,101,101,101,101,101,101,105,105,105,105,105,105,109,117,120,120,120,120,120,120,120,120],"card_choices":[{"not_picked":["Body Slam","Searing Blow"],"picked":"True Grit","floor":1},{"not_picked":["Wild Strike","Twin Strike"],"picked":"Armaments","floor":2},{"not_picked":["Rupture","Body Slam"],"picked":"Warcry","floor":3},{"not_picked":["Wild Strike","Uppercut"],"picked":"Headbutt","floor":4},{"not_picked":["Warcry","Rage"],"picked":"Limit Break","floor":6},{"not_picked":["Anger","Flex"],"picked":"Feel No Pain","floor":7},{"not_picked":["Perfected Strike","Armaments"],"picked":"Cleave","floor":11},{"not_picked":["True Grit","Second Wind"],"picked":"Intimidate","floor":12},{"not_picked":["Barricade","Brutality"],"picked":"Feed","floor":16},{"not_picked":["Clash","Body Slam+1"],"picked":"True Grit+1","floor":18},{"not_picked":["Clash","Armaments"],"picked":"Clothesline","floor":20},{"not_picked":["Pommel Strike","Rampage+1"],"picked":"Iron Wave+1","floor":22},{"not_picked":["Clothesline+1","Barricade","Bloodletting"],"picked":"SKIP","floor":23},{"not_picked":["Clothesline+1","Barricade","Bloodletting"],"picked":"SKIP","floor":23},{"not_picked":["Carnage","Iron Wave"],"picked":"Spot Weakness+1","floor":24},{"not_picked":["Rampage","True Grit"],"picked":"Havoc","floor":28},{"not_picked":["Heavy Blade+1","Blood for Blood+1"],"picked":"Sentinel","floor":29},{"not_picked":["Dropkick+1","Warcry"],"picked":"Body Slam+1","floor":30},{"not_picked":["Fiend Fire","Berserk"],"picked":"Bludgeon","floor":33},{"not_picked":["Corruption","Headbutt+1","Wild Strike"],"picked":"SKIP","floor":35},{"not_picked":["Bloodletting+1","Clothesline+1"],"picked":"Sentinel","floor":40},{"not_picked":["Wild Strike","Bloodletting+1"],"picked":"Entrench+1","floor":42},{"not_picked":["Reckless Charge+1","Carnage"],"picked":"Shrug It Off+1","floor":46},{"not_picked":["Warcry","Sever Soul"],"picked":"Flame Barrier+1","floor":47},{"not_picked":["Berserk","Fire Breathing","Headbutt+1"],"picked":"SKIP","floor":48},{"not_picked":["Perfected Strike+1","Sword Boomerang+1","Wild Strike"],"picked":"SKIP","floor":54}],"player_experience":335487,"relics_obtained":[{"floor":6,"key":"Dead Branch"},{"floor":9,"key":"Pen Nib"},{"floor":12,"key":"Matryoshka"},{"floor":23,"key":"Tiny Chest"},{"floor":26,"key":"Anchor"},{"floor":26,"key":"Centennial Puzzle"},{"floor":28,"key":"Whetstone"},{"floor":37,"key":"PreservedInsect"},{"floor":38,"key":"Old Coin"},{"floor":40,"key":"Charon\u0027s Ashes"},{"floor":42,"key":"Art of War"},{"floor":43,"key":"Mummified Hand"},{"floor":54,"key":"Paper Frog"}],"event_choices":[{"damage_healed":0,"gold_gain":0,"player_choice":"Ignored","damage_taken":0,"max_hp_gain":0,"max_hp_loss":0,"event_name":"NoteForYourself","floor":5,"gold_loss":0},{"damage_healed":0,"gold_gain":0,"player_choice":"Grow","damage_taken":0,"max_hp_gain":0,"max_hp_loss":0,"event_name":"Living Wall","floor":13,"gold_loss":0,"cards_upgraded":["Intimidate"]},{"damage_healed":0,"gold_gain":0,"player_choice":"Ignored","damage_taken":0,"max_hp_gain":0,"max_hp_loss":0,"event_name":"Liars Game","floor":14,"gold_loss":0},{"damage_healed":0,"gold_gain":0,"player_choice":"Inject Mutagens","damage_taken":0,"relics_obtained":["MutagenicStrength"],"max_hp_gain":0,"max_hp_loss":0,"event_name":"Drug Dealer","floor":19,"gold_loss":0},{"damage_healed":0,"gold_gain":0,"player_choice":"Fight","damage_taken":0,"max_hp_gain":0,"max_hp_loss":0,"event_name":"Mysterious Sphere","floor":40,"gold_loss":0},{"damage_healed":0,"gold_gain":0,"player_choice":"Got Potions","damage_taken":0,"max_hp_gain":0,"max_hp_loss":0,"event_name":"Lab","floor":44,"gold_loss":0}],"is_beta":false,"boss_relics":[{"not_picked":["Runic Cube","Runic Pyramid"],"picked":"Astrolabe"},{"not_picked":["Empty Cage","Lizard Tail"],"picked":"Fusion Hammer"}],"items_purged_floors":[39],"is_endless":false,"potions_floor_spawned":[2,3,6,11,12,23,28,29,30,35,42,46,47,48],"ascension_level":0}