{"gold_per_floor":[110,35,35,54,67,94,94,108,108,108,119,154,169,181,181,284,284,296,312,68,81,99,99,126,142,142,142,167,167,186,199,199,294,294,305,23,41,57,57,57,92,92,115,125,125,151,167,183,183,183],"floor_reached":51,"playtime":6677,"items_purged":["Strike_R","Strike_R","Strike_R"],"score":776,"play_id":"3fbe24b6-45f7-48de-8fae-df64ed6db09a","local_time":"20190326075903","is_ascension_mode":true,"campfire_choices":[{"data":"Shockwave","floor":10.0,"key":"SMITH"},{"floor":15.0,"key":"REST"},{"floor":23.0,"key":"REST"},{"floor":27.0,"key":"RECALL"},{"floor":32.0,"key":"REST"},{"floor":40.0,"key":"REST"},{"floor":42.0,"key":"REST"},{"floor":49,"key":"REST"}],"neow_cost":"NONE","seed_source_timestamp":0,"circlet_count":0,"master_deck":["Defend_R","Defend_R","Defend_R","Defend_R","Bash","Cleave","Carnage","Clothesline","Shockwave+1","Disarm","Exhume+1","Headbutt","Limit Break+1","Inflame","Iron Wave","Armaments","Disarm","Feed","Shrug It Off","Twin Strike","Flame Barrier","Corruption+1","Madness","Madness","Iron Wave","Shrug It Off+1","Exhume+1","Shrug It Off","Twin Strike+1"],"special_seed":0,"relics":["Burning Blood","Dead Branch","Mummified Hand","Self Forming Clay","Fusion Hammer","Anchor","Question Card","War Paint","Shuriken","Philosopher\u0027s Stone","Happy Flower","Nunchaku","Red Skull","StoneCalendar"],"potions_floor_usage":[],"damage_taken":[{"damage":11.0,"enemies":"Jaw Worm","floor":1.0,"turns":4.0},{"damage":5.0,"enemies":"Cultist","floor":4.0,"turns":4.0},{"damage":11.0,"enemies":"Small Slimes","floor":5.0,"turns":2.0},{"damage":28.0,"enemies":"Gremlin Nob","floor":6.0,"turns":4.0},{"damage":9.0,"enemies":"Gremlin Gang","floor":8.0,"turns":3.0},{"damage":7.0,"enemies":"3 Louse","floor":11.0,"turns":4.0},{"damage":20.0,"enemies":"3 Sentries","floor":12.0,"turns":7.0},{"damage":13.0,"enemies":"Exordium Thugs","floor":13.0,"turns":3.0},{"damage":1.0,"enemies":"2 Fungi Beasts","floor":14.0,"turns":5.0},{"damage":31.0,"enemies":"The Guardian","floor":16.0,"turns":13.0},{"damage":22.0,"enemies":"Spheric Guardian","floor":18.0,"turns":6.0},{"damage":13.0,"enemies":"Chosen","floor":19.0,"turns":6.0},{"damage":12.0,"enemies":"Centurion and Healer","floor":21.0,"turns":7.0},{"damage":19.0,"enemies":"Shelled Parasite and Fungi","floor":22.0,"turns":7.0},{"damage":16.0,"enemies":"Book of Stabbing","floor":24.0,"turns":7.0},{"damage":6.0,"enemies":"Cultist and Chosen","floor":25.0,"turns":9.0},{"damage":20.0,"enemies":"Slavers","floor":28.0,"turns":12.0},{"damage":21.0,"enemies":"Chosen and Byrds","floor":30.0,"turns":10.0},{"damage":0.0,"enemies":"Centurion and Healer","floor":31.0,"turns":5.0},{"damage":69.0,"enemies":"Automaton","floor":33.0,"turns":12.0},{"damage":1.0,"enemies":"3 Shapes","floor":35.0,"turns":5.0},{"damage":0.0,"enemies":"3 Darklings","floor":37.0,"turns":5.0},{"damage":16.0,"enemies":"Writhing Mass","floor":38.0,"turns":5.0},{"damage":26.0,"enemies":"Giant Head","floor":41.0,"turns":7.0},{"damage":0.0,"enemies":"Transient","floor":44.0,"turns":5.0},{"damage":35,"enemies":"Nemesis","floor":46,"turns":7},{"damage":28,"enemies":"3 Darklings","floor":47,"turns":6},{"damage":7,"enemies":"Jaw Worm Horde","floor":48,"turns":3},{"damage":26,"enemies":"Donu and Deca","floor":50,"turns":7}],"seed_played":"-3602721620705524998","potions_obtained":[{"floor":1.0,"key":"Explosive Potion"},{"floor":11.0,"key":"FearPotion"},{"floor":13.0,"key":"Weak Potion"},{"floor":14.0,"key":"BloodPotion"},{"floor":19.0,"key":"SteroidPotion"},{"floor":22.0,"key":"SpeedPotion"},{"floor":25.0,"key":"Fire Potion"},{"floor":28.0,"key":"EntropicBrew"},{"floor":30.0,"key":"Strength Potion"},{"floor":33.0,"key":"Poison Potion"},{"floor":37.0,"key":"Strength Potion"},{"floor":38.0,"key":"SteroidPotion"},{"floor":41.0,"key":"Regen Potion"},{"floor":44.0,"key":"EssenceOfSteel"}],"is_trial":false,"path_per_floor":["?","M","?","M","?","M","M","?","?"],"character_chosen":"IRONCLAD","items_purchased":["Anchor","Happy Flower"],"campfire_rested":6,"item_purchase_floors":[20,36],"current_hp_per_floor":[83,83,83,84,79,57,49,46,46,46,45,31,24,29,55,30,88,72,65,65,67,54,80,70,70,70,70,59,59,47,59,89,26,100,103,103,103,96,83,106,86,106,106,106,106,77,55,57,89,69],"gold":183,"neow_bonus":"TEN_PERCENT_HP_BONUS","is_prod":false,"is_daily":false,"chose_seed":false,"campfire_upgraded":1,"win_rate":0,"timestamp":1553597943,"path_taken":["M","$","?","?","M","E","?","?","T","R","M","E","M","M","R","BOSS","M","M","$","M","M","R","E","M","T","R","E","?","?","M","R","BOSS","M","$","?","M","?","R","E","R","T","M","?","E","M","M","R","BOSS"],"build_version":"2019-01-23","purchased_purges":3,"victory":true,"max_hp_per_floor":[88,88,88,88,88,88,88,88,88,88,88,88,88,88,88,88,88,88,88,88,88,88,88,88,88,88,88,91,91,94,100,100,100,100,103,103,103,106,106,106,106,106,106,106,106,106,106,109,109,109],"card_choices":[{"not_picked":["Searing Blow","Wild Strike"],"picked":"Cleave","floor":1.0},{"not_picked":["Iron Wave","True Grit"],"picked":"Carnage","floor":4.0},{"not_picked":["Intimidate","Immolate","Combust"],"picked":"SKIP","floor":5.0},{"not_picked":["Power Through","Brutality"],"picked":"Clothesline","floor":6.0},{"not_picked":["Heavy Blade","Clash"],"picked":"Shockwave","floor":8.0},{"not_picked":["Spot Weakness","Warcry"],"picked":"Disarm","floor":11.0},{"not_picked":["Hemokinesis","Shockwave"],"picked":"Exhume","floor":12.0},{"not_picked":["True Grit","Warcry"],"picked":"Headbutt","floor":13.0},{"not_picked":["True Grit","Brutality","Combust"],"picked":"SKIP","floor":14.0},{"not_picked":["Berserk","Double Tap"],"picked":"Limit Break","floor":16.0},{"not_picked":["Iron Wave","Headbutt"],"picked":"Inflame","floor":18.0},{"not_picked":["Clash","Thunderclap"],"picked":"Iron Wave","floor":19.0},{"not_picked":["Infernal Blade+1","Body Slam","Flex"],"picked":"SKIP","floor":21.0},{"not_picked":["Pommel Strike","Spot Weakness+1"],"picked":"Armaments","floor":22.0},{"not_picked":["Feel No Pain","Thunderclap"],"picked":"Disarm","floor":24.0},{"not_picked":["Body Slam","Clothesline","Pommel Strike"],"picked":"Feed","floor":25.0},{"not_picked":["Searing Blow+1","Heavy Blade","Dark Embrace","Uppercut"],"picked":"SKIP","floor":28.0},{"not_picked":["Body Slam","Dropkick","Searing Blow","Infernal Blade+1"],"picked":"SKIP","floor":30.0},{"not_picked":["Headbutt","Heavy Blade","Clothesline"],"picked":"Shrug It Off","floor":31.0},{"not_picked":["Reckless Charge","Pommel Strike","Anger"],"picked":"Twin Strike","floor":35.0},{"not_picked":["Headbutt+1","Clash+1","Warcry+1"],"picked":"Flame Barrier","floor":37.0},{"not_picked":["Anger+1","Heavy Blade","Clash+1"],"picked":"Corruption+1","floor":38.0},{"not_picked":["Feed","Havoc+1","Evolve"],"picked":"Iron Wave","floor":41.0},{"not_picked":["Second Wind+1","Pummel","Hemokinesis+1"],"picked":"Shrug It Off+1","floor":44.0},{"not_picked":["Warcry","Wild Strike","Thunderclap+1","True Grit"],"picked":"SKIP","floor":46},{"not_picked":["Anger","Evolve","True Grit"],"picked":"Shrug It Off","floor":47},{"not_picked":["Thunderclap","Uppercut","Anger+1"],"picked":"Twin Strike+1","floor":48}],"player_experience":445360,"relics_obtained":[{"floor":6.0,"key":"Dead Branch"},{"floor":9.0,"key":"Mummified Hand"},{"floor":12.0,"key":"Self Forming Clay"},{"floor":24.0,"key":"Question Card"},{"floor":26.0,"key":"War Paint"},{"floor":28.0,"key":"Shuriken"},{"floor":41.0,"key":"Nunchaku"},{"floor":43.0,"key":"Red Skull"},{"floor":46,"key":"StoneCalendar"}],"event_choices":[{"cards_removed":["Strike_R"],"damage_healed":0.0,"max_hp_gain":0.0,"max_hp_loss":0.0,"gold_gain":0.0,"event_name":"Purifier","player_choice":"Purged","floor":3.0,"gold_loss":0.0,"damage_taken":0.0},{"damage_healed":0.0,"max_hp_gain":0.0,"max_hp_loss":0.0,"gold_gain":0.0,"event_name":"Wheel of Change","player_choice":"Damaged","floor":7.0,"gold_loss":0.0,"damage_taken":8.0},{"cards_removed":["Strike_R"],"damage_healed":0.0,"max_hp_gain":0.0,"max_hp_loss":0.0,"gold_gain":0.0,"event_name":"Bonfire Elementals","player_choice":"Offered Basic","floor":29.0,"gold_loss":0.0,"damage_taken":0.0},{"damage_healed":0.0,"max_hp_gain":0.0,"max_hp_loss":0.0,"gold_gain":0.0,"event_name":"Winding Halls","player_choice":"Embrace Madness","floor":39.0,"gold_loss":0.0,"damage_taken":13.0,"cards_obtained":["Madness","Madness"]},{"damage_healed":0.0,"max_hp_gain":0.0,"max_hp_loss":0.0,"gold_gain":0.0,"event_name":"Duplicator","player_choice":"Copied","floor":45.0,"gold_loss":0.0,"damage_taken":0.0,"cards_obtained":["Exhume"]}],"is_beta":false,"boss_relics":[{"not_picked":["Coffee Dripper","Astrolabe"],"picked":"Fusion Hammer"},{"not_picked":["Orrery","Eternal Feather"],"picked":"Philosopher\u0027s Stone"}],"items_purged_floors":[2,20,36],"is_endless":false,"potions_floor_spawned":[1,11,13,14,19,22,25,28,30,33,37,38,41,44],"ascension_level":1}