{"gold_per_floor":[112,129,304,322,12,39,39,55,107,64,94,125,137,165,177,293,305,331,357,125,125],"floor_reached":21,"playtime":1670,"items_purged":["Doubt","Dualcast"],"score":210,"play_id":"cf9c1b7f-41b6-4c84-9fee-cfe50a8ea33a","local_time":"20190324221511","is_ascension_mode":true,"campfire_choices":[{"floor":7,"key":"REST"},{"floor":13,"key":"REST"},{"data":"Gash","floor":15,"key":"SMITH"}],"neow_cost":"NONE","seed_source_timestamp":7859250390956176,"circlet_count":0,"master_deck":["Strike_B","Strike_B","Strike_B","Strike_B","Defend_B","Defend_B","Defend_B","Gash+1","Flash of Steel","Hologram","Rebound","Skim","Sweeping Beam"],"relics":["Cracked Core","Centennial Puzzle","Gremlin Horn","MawBank","Happy Flower","Empty Cage","Bronze Scales"],"potions_floor_usage":[6,14,21],"damage_taken":[{"damage":7,"enemies":"Jaw Worm","floor":1,"turns":3},{"damage":6,"enemies":"Cultist","floor":2,"turns":3},{"damage":0,"enemies":"Small Slimes","floor":4,"turns":3},{"damage":30,"enemies":"Lagavulin","floor":6,"turns":5},{"damage":11,"enemies":"Blue Slaver","floor":8,"turns":3},{"damage":15,"enemies":"Exordium Thugs","floor":11,"turns":3},{"damage":9,"enemies":"2 Fungi Beasts","floor":12,"turns":2},{"damage":6,"enemies":"Looter","floor":14,"turns":2},{"damage":30,"enemies":"Slime Boss","floor":16,"turns":8},{"damage":11,"enemies":"Spheric Guardian","floor":18,"turns":3},{"damage":43,"enemies":"Shell Parasite","floor":19,"turns":4},{"damage":29,"enemies":"Centurion and Healer","floor":21,"turns":4}],"seed_played":"-8601351255881653725","potions_obtained":[{"floor":2,"key":"AttackPotion"},{"floor":6,"key":"Strength Potion"},{"floor":11,"key":"Poison Potion"},{"floor":12,"key":"SpeedPotion"},{"floor":14,"key":"Energy Potion"},{"floor":18,"key":"Dexterity Potion"}],"is_trial":false,"path_per_floor":["M","M","?","M","$","E","R","M","T","?","M","M","R","M","R","B",null,"M","M","$","M"],"character_chosen":"DEFECT","items_purchased":["Flash of Steel","Centennial Puzzle","Bronze Scales"],"campfire_rested":2,"item_purchase_floors":[5,5,20],"current_hp_per_floor":[75,69,69,69,69,39,63,52,52,52,37,28,52,46,46,16,82,71,28,28,0],"gold":125,"neow_bonus":"TEN_PERCENT_HP_BONUS","is_prod":false,"is_daily":false,"chose_seed":false,"campfire_upgraded":1,"win_rate":0,"timestamp":1553480111,"path_taken":["M","M","?","M","$","E","R","M","T","?","M","M","R","M","R","BOSS","M","M","$","M"],"build_version":"2019-01-23","purchased_purges":2,"victory":false,"max_hp_per_floor":[82,82,82,82,82,82,82,82,82,82,82,82,82,82,82,82,82,82,82,82,82],"card_choices":[{"not_picked":["Ball Lightning","Turbo"],"picked":"Gash","floor":1},{"not_picked":["White Noise","Steam Power","Stack"],"picked":"SKIP","floor":2},{"not_picked":["Cold Snap","Machine Learning","Turbo"],"picked":"SKIP","floor":4},{"not_picked":["Genetic Algorithm","Darkness","Rip and Tear"],"picked":"SKIP","floor":6},{"not_picked":["Compile Driver","Streamline"],"picked":"Hologram","floor":8},{"not_picked":["Reinforced Body","Glacier"],"picked":"Rebound","floor":11},{"not_picked":["Stack","Conserve Battery","Ball Lightning"],"picked":"SKIP","floor":12},{"not_picked":["Chill","Stack"],"picked":"Skim","floor":14},{"not_picked":["Steam Power","Conserve Battery+1","Leap"],"picked":"SKIP","floor":18},{"not_picked":["Coolheaded+1","BootSequence"],"picked":"Sweeping Beam","floor":19}],"player_experience":480511,"relics_obtained":[{"floor":6,"key":"Gremlin Horn"},{"floor":9,"key":"MawBank"}],"event_choices":[{"damage_healed":0,"gold_gain":175,"player_choice":"AGREE","damage_taken":0,"max_hp_gain":0,"max_hp_loss":0,"event_name":"Liars Game","floor":3,"gold_loss":0,"cards_obtained":["Doubt"]},{"damage_healed":0,"gold_gain":0,"player_choice":"Paid Gold","damage_taken":0,"relics_obtained":["Happy Flower"],"max_hp_gain":0,"max_hp_loss":0,"event_name":"WeMeetAgain","floor":10,"gold_loss":55}],"is_beta":false,"boss_relics":[{"not_picked":["White Beast Statue","Busted Crown"],"picked":"Empty Cage"}],"items_purged_floors":[5,20],"is_endless":false,"potions_floor_spawned":[2,6,11,12,14,18],"killed_by":"Centurion and Healer","ascension_level":3}