{"gold_per_floor":[115,128,151,66,66,93,107,123,123,148,148,2,2,19,19,123,123,135,149,3,18,29,29,56,56,56,68,82,109,121,134,134,234,234,247,247,247,260,0,19,19,19,44,63,73,73,73,91,91,91],"floor_reached":50,"playtime":3418,"items_purged":["Strike_G"],"score":523,"play_id":"e39a32d7-8f3e-4057-a5ea-98b0d2ed522a","local_time":"20190328083026","is_ascension_mode":true,"campfire_choices":[{"data":"Neutralize","floor":11,"key":"SMITH"},{"data":"Backflip","floor":13,"key":"SMITH"},{"data":"Caltrops","floor":15,"key":"SMITH"},{"data":"Leg Sweep","floor":23,"key":"SMITH"},{"data":"Defend_G","floor":25,"key":"SMITH"},{"floor":32,"key":"RECALL"},{"data":"Malaise","floor":41,"key":"SMITH"},{"data":"Corpse Explosion","floor":46,"key":"SMITH"},{"data":"Adrenaline","floor":49,"key":"SMITH"}],"neow_cost":"NONE","seed_source_timestamp":8153637286004261,"circlet_count":0,"master_deck":["Defend_G+1","Defend_G","Defend_G","Defend_G","Defend_G+1","Strike_G","Strike_G","Strike_G","Survivor","Neutralize+1","Backflip+1","Noxious Fumes","Sucker Punch+1","Caltrops+1","Skewer","A Thousand Cuts","Leg Sweep+1","Caltrops","A Thousand Cuts","Caltrops","Dagger Spray","Crippling Poison+1","Malaise+1","PiercingWail+1","Backflip+1","Corpse Explosion+1","Crippling Poison+1","Quick Slash+1","Adrenaline+1"],"relics":["Coffee Dripper","Regal Pillow","Nunchaku","Mercury Hourglass","Darkstone Periapt","Velvet Choker","Matryoshka","Vajra","Frozen Egg 2","Incense Burner","Runic Dome","Red Mask","War Paint","Bag of Marbles"],"potions_floor_usage":[18,21,21,24,24,27,28,29,31,35,50,50],"damage_taken":[{"damage":0,"enemies":"Cultist","floor":1,"turns":5},{"damage":0,"enemies":"2 Louse","floor":2,"turns":3},{"damage":26,"enemies":"Gremlin Nob","floor":6,"turns":6},{"damage":2,"enemies":"Small Slimes","floor":7,"turns":4},{"damage":0,"enemies":"Blue Slaver","floor":8,"turns":4},{"damage":9,"enemies":"Lagavulin","floor":10,"turns":6},{"damage":8,"enemies":"Lots of Slimes","floor":14,"turns":3},{"damage":5,"enemies":"Hexaghost","floor":16,"turns":9},{"damage":8,"enemies":"2 Thieves","floor":18,"turns":4},{"damage":0,"enemies":"3 Byrds","floor":19,"turns":3},{"damage":3,"enemies":"Snake Plant","floor":21,"turns":4},{"damage":16,"enemies":"Sentry and Sphere","floor":22,"turns":5},{"damage":17,"enemies":"Book of Stabbing","floor":24,"turns":6},{"damage":1,"enemies":"Centurion and Healer","floor":27,"turns":6},{"damage":8,"enemies":"Shelled Parasite and Fungi","floor":28,"turns":5},{"damage":12,"enemies":"Slavers","floor":29,"turns":4},{"damage":1,"enemies":"3 Cultists","floor":30,"turns":4},{"damage":0,"enemies":"Centurion and Healer","floor":31,"turns":5},{"damage":13,"enemies":"Collector","floor":33,"turns":11},{"damage":2,"enemies":"3 Darklings","floor":35,"turns":2},{"damage":6,"enemies":"3 Shapes","floor":38,"turns":4},{"damage":6,"enemies":"Maw","floor":40,"turns":7},{"damage":28,"enemies":"Spire Growth","floor":44,"turns":6},{"damage":4,"enemies":"Sphere and 2 Shapes","floor":45,"turns":3},{"damage":0,"enemies":"4 Shapes","floor":48,"turns":3},{"damage":26,"enemies":"Donu and Deca","floor":50,"turns":4}],"seed_played":"6362713602816341420","potions_obtained":[{"floor":1,"key":"Weak Potion"},{"floor":7,"key":"SpeedPotion"},{"floor":10,"key":"Fire Potion"},{"floor":19,"key":"EntropicBrew"},{"floor":24,"key":"PowerPotion"},{"floor":27,"key":"Weak Potion"},{"floor":28,"key":"GamblersBrew"},{"floor":29,"key":"Strength Potion"},{"floor":31,"key":"Fire Potion"},{"floor":40,"key":"SkillPotion"}],"is_trial":false,"path_per_floor":["M","M","T","$","?","E","M","M","T","E","R","$","R","M","R","B",null,"M","M","$","M","M","R","E","R","T","M","M","E","M","M","R","B",null,"M","?","?","M","?","M","R","T","T","M","M","R","?","M","R","B"],"character_chosen":"THE_SILENT","items_purchased":["Noxious Fumes","Sucker Punch","Skewer","A Thousand Cuts"],"campfire_rested":0,"item_purchase_floors":[4,4,12,20],"current_hp_per_floor":[70,70,70,70,70,44,42,42,42,33,33,33,33,25,25,20,70,62,62,62,59,43,43,40,40,40,54,46,34,33,33,33,20,70,68,66,66,60,60,54,54,54,54,26,22,22,22,22,22,0],"gold":91,"neow_bonus":"BOSS_RELIC","is_prod":false,"is_daily":false,"chose_seed":false,"campfire_upgraded":8,"win_rate":0,"timestamp":1553776226,"path_taken":["M","M","?","$","?","E","M","M","T","E","R","$","R","M","R","BOSS","M","M","$","M","M","R","E","R","T","M","M","E","M","M","R","BOSS","M","?","?","?","?","M","R","?","T","M","?","R","?","M","R","BOSS"],"build_version":"2019-01-23","purchased_purges":1,"victory":false,"max_hp_per_floor":[70,70,70,70,70,70,70,70,70,70,70,70,70,70,70,70,70,70,70,70,70,70,70,70,70,70,70,70,70,70,70,70,70,70,70,66,66,66,66,66,66,66,66,66,66,66,66,66,66,66],"card_choices":[{"not_picked":["Concentrate","Tactician"],"picked":"Backflip","floor":1},{"not_picked":["Bane","Prepared","Masterful Stab"],"picked":"SKIP","floor":2},{"not_picked":["Eviscerate","Dash","Dodge and Roll"],"picked":"SKIP","floor":6},{"not_picked":["Outmaneuver","Riddle With Holes","Tactician"],"picked":"SKIP","floor":7},{"not_picked":["Dodge and Roll","Deflect"],"picked":"Caltrops","floor":8},{"not_picked":["Deflect","Cloak And Dagger","Expertise"],"picked":"SKIP","floor":10},{"not_picked":["Poisoned Stab","Predator","Blade Dance"],"picked":"SKIP","floor":14},{"not_picked":["Doppelganger","After Image"],"picked":"A Thousand Cuts","floor":16},{"not_picked":["Blade Dance","Blur"],"picked":"Leg Sweep","floor":18},{"not_picked":["Flying Knee","Bane"],"picked":"Caltrops","floor":19},{"not_picked":["Prepared","Cloak And Dagger"],"picked":"Caltrops","floor":21},{"not_picked":["Deflect","Backflip","Eviscerate"],"picked":"SKIP","floor":22},{"not_picked":["Caltrops+1","Crippling Poison","Setup"],"picked":"SKIP","floor":24},{"not_picked":["Blade Dance","Bane"],"picked":"Dagger Spray","floor":27},{"not_picked":["Prepared+1","Cloak And Dagger"],"picked":"Crippling Poison+1","floor":28},{"not_picked":["Crippling Poison","PiercingWail"],"picked":"Malaise","floor":29},{"not_picked":["Dagger Throw","Acrobatics"],"picked":"PiercingWail","floor":30},{"not_picked":["Dagger Spray","Outmaneuver"],"picked":"Backflip+1","floor":31},{"not_picked":["Grand Finale","Malaise"],"picked":"Corpse Explosion","floor":33},{"not_picked":["Outmaneuver+1","Dagger Spray+1","Poisoned Stab"],"picked":"SKIP","floor":35},{"not_picked":["Backflip+1","Cloak And Dagger","Deadly Poison+1"],"picked":"SKIP","floor":38},{"not_picked":["Masterful Stab","Caltrops+1","Backflip+1"],"picked":"SKIP","floor":40},{"not_picked":["Poisoned Stab","Reflex+1","Finisher+1"],"picked":"SKIP","floor":44},{"not_picked":["Outmaneuver+1","Expertise+1","Quick Slash+1"],"picked":"SKIP","floor":45},{"not_picked":["Outmaneuver+1","Expertise+1"],"picked":"Quick Slash+1","floor":45},{"not_picked":["Dagger Throw+1","Accuracy+1"],"picked":"Adrenaline","floor":48}],"player_experience":569792,"relics_obtained":[{"floor":3,"key":"Regal Pillow"},{"floor":6,"key":"Nunchaku"},{"floor":9,"key":"Mercury Hourglass"},{"floor":10,"key":"Darkstone Periapt"},{"floor":24,"key":"Matryoshka"},{"floor":26,"key":"Vajra"},{"floor":26,"key":"Frozen Egg 2"},{"floor":29,"key":"Incense Burner"},{"floor":42,"key":"War Paint"},{"floor":43,"key":"Bag of Marbles"}],"event_choices":[{"damage_healed":0,"gold_gain":0,"player_choice":"Grow","damage_taken":0,"max_hp_gain":0,"max_hp_loss":0,"event_name":"Living Wall","floor":5,"gold_loss":0,"cards_upgraded":["Sucker Punch"]},{"damage_healed":0,"gold_gain":0,"player_choice":"Max HP","damage_taken":0,"max_hp_gain":0,"max_hp_loss":4,"event_name":"Winding Halls","floor":36,"gold_loss":0},{"damage_healed":0,"gold_gain":0,"player_choice":"Copied","damage_taken":0,"max_hp_gain":0,"max_hp_loss":0,"event_name":"Duplicator","floor":37,"gold_loss":0,"cards_obtained":["Crippling Poison"]},{"damage_healed":0,"gold_gain":0,"player_choice":"Paid","damage_taken":0,"relics_obtained":["Red Mask"],"max_hp_gain":0,"max_hp_loss":0,"event_name":"Tomb of Lord Red Mask","floor":39,"gold_loss":260},{"cards_removed":["Strike_G"],"damage_healed":0,"gold_gain":0,"player_choice":"Removed Attack","damage_taken":0,"max_hp_gain":0,"max_hp_loss":0,"event_name":"Falling","floor":47,"gold_loss":0}],"is_beta":false,"boss_relics":[{"not_picked":["WristBlade","Busted Crown"],"picked":"Velvet Choker"},{"not_picked":["Fusion Hammer","White Beast Statue"],"picked":"Runic Dome"}],"items_purged_floors":[12],"is_endless":false,"potions_floor_spawned":[1,7,10,14,19,24,27,28,29,31,33,40,48],"killed_by":"Donu and Deca","ascension_level":1}