{"gold_per_floor":[113,124,142,158,158,176,102,118,118,151,166,198,211,222,222,326,326,339,356,367,31,50,50,64,64],"floor_reached":25,"playtime":3035,"items_purged":["Strike_G"],"score":223,"play_id":"e9b0e1a2-4113-4f83-a384-3f9d064182f3","local_time":"20190318195441","is_ascension_mode":false,"campfire_choices":[{"floor":15,"key":"REST"},{"floor":23,"key":"REST"}],"neow_cost":"NONE","seed_source_timestamp":454841728553108,"circlet_count":0,"master_deck":["Defend_G","Defend_G","Defend_G","Defend_G","Defend_G","Strike_G","Strike_G","Strike_G","Strike_G","Survivor","Neutralize","Noxious Fumes","Flying Knee","Cloak And Dagger","Predator","Noxious Fumes","Caltrops","Infinite Blades","Dash","Dodge and Roll","Catalyst","Acrobatics","Well Laid Plans","Footwork","Cloak And Dagger+1","Backflip"],"relics":["Ring of the Snake","NeowsBlessing","Blue Candle","Omamori","Dodecahedron","Philosopher\u0027s Stone","Letter Opener"],"potions_floor_usage":[10,12,14,18,20,25],"damage_taken":[{"damage":0,"enemies":"Jaw Worm","floor":1,"turns":1},{"damage":0,"enemies":"Cultist","floor":2,"turns":1},{"damage":0,"enemies":"Small Slimes","floor":3,"turns":1},{"damage":2,"enemies":"Blue Slaver","floor":4,"turns":5},{"damage":2,"enemies":"Large Slime","floor":6,"turns":6},{"damage":5,"enemies":"Exordium Wildlife","floor":8,"turns":5},{"damage":22,"enemies":"Lagavulin","floor":10,"turns":7},{"damage":10,"enemies":"Exordium Thugs","floor":11,"turns":4},{"damage":1,"enemies":"3 Sentries","floor":12,"turns":7},{"damage":14,"enemies":"Gremlin Gang","floor":13,"turns":6},{"damage":0,"enemies":"Looter","floor":14,"turns":3},{"damage":26,"enemies":"Slime Boss","floor":16,"turns":8},{"damage":29,"enemies":"2 Thieves","floor":18,"turns":5},{"damage":2,"enemies":"Chosen","floor":19,"turns":6},{"damage":29,"enemies":"Shelled Parasite and Fungi","floor":20,"turns":6},{"damage":21,"enemies":"Snecko","floor":22,"turns":5},{"damage":21,"enemies":"Snake Plant","floor":24,"turns":5},{"damage":11,"enemies":"Slavers","floor":25,"turns":1}],"seed_played":"6376741009159743263","potions_obtained":[{"floor":1,"key":"Energy Potion"},{"floor":3,"key":"GhostInAJar"},{"floor":4,"key":"FairyPotion"},{"floor":13,"key":"Explosive Potion"},{"floor":16,"key":"GamblersBrew"},{"floor":18,"key":"SpeedPotion"},{"floor":24,"key":"Swift Potion"}],"is_trial":false,"path_per_floor":["?","M"],"character_chosen":"THE_SILENT","items_purchased":["Caltrops","Letter Opener"],"campfire_rested":2,"item_purchase_floors":[7,21],"current_hp_per_floor":[70,70,70,68,68,66,66,61,61,39,29,28,14,14,35,9,70,41,39,10,10,3,24,3,0],"gold":64,"neow_bonus":"THREE_ENEMY_KILL","is_prod":false,"is_daily":false,"chose_seed":false,"campfire_upgraded":0,"win_rate":0,"timestamp":1552949681,"path_taken":["M","M","M","M","?","M","$","M","T","E","M","E","?","M","R","BOSS","M","M","M","$","M","R","M","E"],"build_version":"2019-01-23","purchased_purges":1,"victory":false,"max_hp_per_floor":[70,70,70,70,70,70,70,70,70,70,70,70,70,70,70,70,70,70,70,70,70,70,70,70,70],"card_choices":[{"not_picked":["Calculated Gamble","Heel Hook","Underhanded Strike"],"picked":"SKIP","floor":1},{"not_picked":["Sucker Punch","Acrobatics"],"picked":"Noxious Fumes","floor":2},{"not_picked":["Outmaneuver","Dagger Throw"],"picked":"Flying Knee","floor":3},{"not_picked":["Quick Slash","Slice"],"picked":"Cloak And Dagger","floor":4},{"not_picked":["Reflex","Sucker Punch"],"picked":"Noxious Fumes","floor":6},{"not_picked":["Burst","Bane"],"picked":"Infinite Blades","floor":8},{"not_picked":["Flechettes","Slice"],"picked":"Dash","floor":10},{"not_picked":["Deflect","Quick Slash"],"picked":"Dodge and Roll","floor":11},{"not_picked":["Poisoned Stab","Dagger Throw","Deadly Poison"],"picked":"SKIP","floor":12},{"not_picked":["Burst","Deadly Poison"],"picked":"Catalyst","floor":13},{"not_picked":["Masterful Stab","Dodge and Roll"],"picked":"Acrobatics","floor":14},{"not_picked":["Sucker Punch","Blade Dance"],"picked":"Well Laid Plans","floor":18},{"not_picked":["Finisher","Slice","Prepared"],"picked":"SKIP","floor":19},{"not_picked":["Dagger Throw","Backflip"],"picked":"Footwork","floor":20},{"not_picked":["Reflex+1","Sucker Punch"],"picked":"Cloak And Dagger+1","floor":22},{"not_picked":["Deflect","Endless Agony+1"],"picked":"Backflip","floor":24}],"player_experience":352686,"relics_obtained":[{"floor":9,"key":"Blue Candle"},{"floor":10,"key":"Omamori"},{"floor":12,"key":"Dodecahedron"}],"event_choices":[{"damage_healed":0,"gold_gain":0,"player_choice":"1 cards matched","damage_taken":0,"max_hp_gain":0,"max_hp_loss":0,"event_name":"Match and Keep!","floor":5,"gold_loss":0,"cards_obtained":["Predator"]}],"is_beta":false,"boss_relics":[{"not_picked":["Eternal Feather","Ectoplasm"],"picked":"Philosopher\u0027s Stone"}],"items_purged_floors":[21],"is_endless":false,"potions_floor_spawned":[1,3,4,13,16,18,24],"killed_by":"Slavers","ascension_level":0}