{"gold_per_floor":[115,125,55,130,130,160,177,177,177,189,96,96,196,217,217,347,347,347,371,389,236,254,254,254],"floor_reached":24,"playtime":3577,"items_purged":["Injury"],"score":198,"play_id":"ffe11d75-6f25-4165-88ba-8e844f07cc0c","local_time":"20190223025505","is_ascension_mode":false,"campfire_choices":[{"data":"White Noise","floor":8,"key":"SMITH"},{"data":"Enlightenment","floor":15,"key":"SMITH"},{"data":"Hologram","floor":23,"key":"SMITH"}],"neow_cost":"NONE","seed_source_timestamp":638613231027368,"circlet_count":0,"master_deck":["Strike_B","Strike_B","Strike_B","Strike_B","Defend_B+1","Defend_B","Defend_B","Defend_B","Zap","Dualcast+1","Glacier","Cold Snap","Glacier","Go for the Eyes","White Noise+1","Seek","Steam","Redo","Enlightenment+1","Hologram+1","Echo Form","Rebound+1","Consume","Redo"],"relics":["Cracked Core","War Paint","Pear","Bronze Scales","Golden Idol","Inserter"],"potions_floor_usage":[16,16],"damage_taken":[{"damage":0,"enemies":"Jaw Worm","floor":1,"turns":3},{"damage":0,"enemies":"Cultist","floor":2,"turns":3},{"damage":8,"enemies":"3 Sentries","floor":6,"turns":22},{"damage":0,"enemies":"2 Louse","floor":7,"turns":3},{"damage":0,"enemies":"Gremlin Gang","floor":10,"turns":5},{"damage":0,"enemies":"Large Slime","floor":14,"turns":7},{"damage":32,"enemies":"The Guardian","floor":16,"turns":15},{"damage":0,"enemies":"3 Byrds","floor":18,"turns":4},{"damage":6,"enemies":"Shell Parasite","floor":19,"turns":12},{"damage":8,"enemies":"Centurion and Healer","floor":20,"turns":15},{"damage":5,"enemies":"Snecko","floor":22,"turns":6},{"damage":75,"enemies":"Gremlin Leader","floor":24,"turns":6}],"seed_played":"8462312613146998738","potions_obtained":[{"floor":2,"key":"Weak Potion"},{"floor":7,"key":"AttackPotion"},{"floor":10,"key":"SteroidPotion"},{"floor":16,"key":"SteroidPotion"},{"floor":20,"key":"Strength Potion"}],"is_trial":false,"path_per_floor":["?","?","M","?","?","M"],"character_chosen":"DEFECT","items_purchased":["Glacier","Enlightenment","Consume"],"campfire_rested":0,"item_purchase_floors":[3,11,21],"current_hp_per_floor":[75,75,75,64,64,66,66,66,66,66,66,66,66,66,66,34,85,85,79,71,71,66,66,0],"gold":254,"neow_bonus":"RANDOM_COMMON_RELIC","is_prod":false,"is_daily":false,"chose_seed":false,"campfire_upgraded":3,"win_rate":0,"timestamp":1550901305,"path_taken":["M","M","$","?","?","E","M","R","T","?","$","?","?","M","R","BOSS","M","?","M","$","M","R","E"],"build_version":"2019-01-23","purchased_purges":1,"victory":false,"max_hp_per_floor":[75,75,75,75,75,85,85,85,85,85,85,85,85,85,85,85,85,85,85,85,85,85,85,85],"card_choices":[{"not_picked":["Go for the Eyes","Streamline"],"picked":"Glacier","floor":1},{"not_picked":["Ball Lightning","White Noise"],"picked":"Cold Snap","floor":2},{"not_picked":["Barrage","Tempest"],"picked":"Seek","floor":6},{"not_picked":["Beam Cell","Static Discharge"],"picked":"Steam","floor":7},{"not_picked":["Rip and Tear","Cold Snap"],"picked":"Redo","floor":10},{"not_picked":["Ball Lightning","Storm"],"picked":"Hologram","floor":14},{"not_picked":["Buffer","Creative AI"],"picked":"Echo Form","floor":16},{"not_picked":["Cold Snap+1","Conserve Battery+1","Beam Cell"],"picked":"SKIP","floor":18},{"not_picked":["Ball Lightning","Steam+1"],"picked":"Rebound+1","floor":19},{"not_picked":["Turbo+1","Double Energy","Steam Power+1"],"picked":"SKIP","floor":20},{"not_picked":["Thunder Strike","Compile Driver+1"],"picked":"Redo","floor":22}],"player_experience":215467,"relics_obtained":[{"floor":6,"key":"Pear"},{"floor":9,"key":"Bronze Scales"}],"event_choices":[{"damage_healed":0,"gold_gain":75,"player_choice":"Gather Gold","damage_taken":11,"max_hp_gain":0,"max_hp_loss":0,"event_name":"World of Goop","floor":4,"gold_loss":0},{"damage_healed":0,"gold_gain":0,"player_choice":"2 cards matched","damage_taken":0,"max_hp_gain":0,"max_hp_loss":0,"event_name":"Match and Keep!","floor":5,"gold_loss":0,"cards_obtained":["Go for the Eyes","White Noise"]},{"damage_healed":0,"gold_gain":0,"player_choice":"Take Wound","damage_taken":0,"relics_obtained":["Golden Idol"],"max_hp_gain":0,"max_hp_loss":0,"event_name":"Golden Idol","floor":12,"gold_loss":0,"cards_obtained":["Injury"]},{"damage_healed":0,"gold_gain":100,"player_choice":"Pray","damage_taken":0,"max_hp_gain":0,"max_hp_loss":0,"event_name":"Golden Shrine","floor":13,"gold_loss":0}],"is_beta":false,"boss_relics":[{"not_picked":["Empty Cage","Snecko Eye"],"picked":"Inserter"}],"items_purged_floors":[21],"is_endless":false,"potions_floor_spawned":[2,7,10,16,20],"killed_by":"Gremlin Leader","ascension_level":0}