{"gold_per_floor":[109,109,127,17,27,60,60,38,62,62,81,109,34,51,51,152,152,172,191,191],"floor_reached":20,"playtime":3792,"items_purged":["Strike_R"],"score":212,"play_id":"7c503f24-c615-4e6c-a49e-17e5c911217c","local_time":"20190327143512","is_ascension_mode":true,"campfire_choices":[{"data":"Flame Barrier","floor":10,"key":"SMITH"},{"floor":15,"key":"REST"}],"neow_cost":"NONE","seed_source_timestamp":8088743286031653,"circlet_count":0,"master_deck":["Strike_R","Strike_R","Defend_R","Defend_R+1","Defend_R","Defend_R","Bash","Limit Break","Shrug It Off+1","Flame Barrier+1","Combust","Uppercut+1","Pommel Strike","Thunderclap","Flex"],"relics":["Burning Blood","Potion Belt","Oddly Smooth Stone","Vajra","Empty Cage"],"potions_floor_usage":[6,12,20],"damage_taken":[{"damage":6,"enemies":"Small Slimes","floor":1,"turns":5},{"damage":0,"enemies":"2 Louse","floor":3,"turns":2},{"damage":1,"enemies":"Jaw Worm","floor":5,"turns":5},{"damage":39,"enemies":"Lagavulin","floor":6,"turns":8},{"damage":20,"enemies":"Exordium Wildlife","floor":11,"turns":5},{"damage":14,"enemies":"Gremlin Nob","floor":12,"turns":4},{"damage":14,"enemies":"Large Slime","floor":14,"turns":5},{"damage":17,"enemies":"Slime Boss","floor":16,"turns":11},{"damage":23,"enemies":"Shell Parasite","floor":18,"turns":7},{"damage":25,"enemies":"3 Byrds","floor":19,"turns":5},{"damage":46,"enemies":"Masked Bandits","floor":20,"turns":4}],"seed_played":"-1224895896184928211","potions_obtained":[{"floor":1,"key":"Fire Potion"},{"floor":3,"key":"PowerPotion"},{"floor":11,"key":"Dexterity Potion"},{"floor":18,"key":"SteroidPotion"},{"floor":19,"key":"EssenceOfSteel"}],"is_trial":false,"path_per_floor":["M","?","M","$","M","E","?","$","T","R","M","E","$","M","R","B",null,"M","M","?"],"character_chosen":"IRONCLAD","items_purchased":["Flame Barrier","Combust","Pommel Strike"],"campfire_rested":1,"item_purchase_floors":[4,4,8],"current_hp_per_floor":[80,64,70,70,75,42,42,42,42,42,28,20,20,12,36,25,80,63,44,0],"gold":191,"neow_bonus":"ONE_RANDOM_RARE_CARD","is_prod":false,"is_daily":false,"chose_seed":false,"campfire_upgraded":1,"win_rate":0,"timestamp":1553711712,"path_taken":["M","?","M","$","M","E","?","?","T","R","M","E","$","?","R","BOSS","M","M","?"],"build_version":"2019-01-23","purchased_purges":1,"victory":false,"max_hp_per_floor":[80,80,80,80,80,80,80,80,80,80,80,80,80,80,80,80,80,80,80,80],"card_choices":[{"not_picked":["Perfected Strike","Heavy Blade"],"picked":"Shrug It Off","floor":1},{"not_picked":["Clash","Power Through","Burning Pact"],"picked":"SKIP","floor":3},{"not_picked":["Cleave","Clash"],"picked":"Uppercut","floor":5},{"not_picked":["Sever Soul","Wild Strike","Blood for Blood"],"picked":"SKIP","floor":6},{"not_picked":["Dropkick","True Grit"],"picked":"Thunderclap","floor":11},{"not_picked":["Clash","Corruption","Brutality"],"picked":"SKIP","floor":12},{"not_picked":["Body Slam","Metallicize","Pommel Strike"],"picked":"SKIP","floor":14},{"not_picked":["Clash","Shrug It Off"],"picked":"Flex","floor":18},{"not_picked":["Dual Wield","Anger","Sentinel"],"picked":"SKIP","floor":19}],"player_experience":543047,"relics_obtained":[{"floor":6,"key":"Potion Belt"},{"floor":9,"key":"Oddly Smooth Stone"},{"floor":12,"key":"Vajra"}],"event_choices":[{"damage_healed":0,"gold_gain":0,"player_choice":"Entered Light","damage_taken":16,"max_hp_gain":0,"max_hp_loss":0,"event_name":"Shining Light","floor":2,"gold_loss":0,"cards_upgraded":["Defend_R","Shrug It Off"]},{"damage_healed":0,"gold_gain":0,"player_choice":"Grow","damage_taken":0,"max_hp_gain":0,"max_hp_loss":0,"event_name":"Living Wall","floor":7,"gold_loss":0,"cards_upgraded":["Uppercut"]},{"damage_healed":0,"gold_gain":0,"player_choice":"Fought Bandits","damage_taken":0,"max_hp_gain":0,"max_hp_loss":0,"event_name":"Masked Bandits","floor":20,"gold_loss":0}],"is_beta":false,"boss_relics":[{"not_picked":["Eternal Feather","Tiny House"],"picked":"Empty Cage"}],"items_purged_floors":[13],"is_endless":false,"potions_floor_spawned":[1,3,11,18,19],"killed_by":"Masked Bandits","ascension_level":3}