{"gold_per_floor":[110,110,35,45,64,64,79,79,124,186,213,20,37,106,106,201,201,218,1,1,11,80,97,97,115,115,115,115,133,151,170,170,274,274,293,168,168,168,238,271,271,121,169,169,180,193,193,203,203,203],"floor_reached":50,"playtime":1172,"items_purged":["Defend_R","Defend_R","Corruption","Defend_R"],"score":620,"play_id":"7ab1d7d9-eac1-44d6-bb65-38de0db8d6fe","local_time":"20181016112201","is_ascension_mode":true,"campfire_choices":[{"data":"Perfected Strike","floor":6,"key":"SMITH"},{"data":"Pommel Strike","floor":8,"key":"SMITH"},{"floor":15,"key":"REST"},{"floor":24,"key":"REST"},{"floor":27,"key":"REST"},{"floor":32,"key":"REST"},{"floor":41,"key":"REST"},{"floor":44,"key":"REST"},{"floor":49,"key":"REST"}],"neow_cost":"","seed_source_timestamp":230977866451029,"circlet_count":0,"master_deck":["Strike_R+1","Strike_R+1","Strike_R+1","Strike_R+1","Strike_R+1","Bash+1","Pommel Strike+1","Perfected Strike+1","Battle Trance+1","Pommel Strike+1","Pommel Strike+1","Shrug It Off+1","Twin Strike+1","Carnage+1","Pommel Strike+1","Flex+1"],"relics":["Burning Blood","Blood Vial","Bag of Marbles","Dream Catcher","Brimstone","Mercury Hourglass","Fusion Hammer","Singing Bowl","Red Skull","Velvet Choker","Pear","Omamori","PreservedInsect","Mark of the Bloom"],"potions_floor_usage":[5,11,16,16,28,33,45,50],"damage_taken":[{"damage":0,"enemies":"Small Slimes","floor":1,"turns":3},{"damage":8,"enemies":"2 Louse","floor":4,"turns":3},{"damage":2,"enemies":"Cultist","floor":5,"turns":3},{"damage":11,"enemies":"Looter","floor":7,"turns":2},{"damage":16,"enemies":"Gremlin Nob","floor":10,"turns":3},{"damage":35,"enemies":"Lagavulin","floor":11,"turns":4},{"damage":0,"enemies":"Exordium Wildlife","floor":13,"turns":1},{"damage":57,"enemies":"Hexaghost","floor":16,"turns":4},{"damage":13,"enemies":"Shell Parasite","floor":18,"turns":2},{"damage":0,"enemies":"Spheric Guardian","floor":21,"turns":2},{"damage":22,"enemies":"Cultist and Chosen","floor":23,"turns":3},{"damage":14,"enemies":"Chosen and Byrds","floor":25,"turns":3},{"damage":0,"enemies":"Snake Plant","floor":28,"turns":1},{"damage":0,"enemies":"Snecko","floor":29,"turns":2},{"damage":15,"enemies":"Centurion and Healer","floor":30,"turns":2},{"damage":27,"enemies":"Snake Plant","floor":31,"turns":2},{"damage":46,"enemies":"Automaton","floor":33,"turns":6},{"damage":6,"enemies":"3 Darklings","floor":35,"turns":2},{"damage":30,"enemies":"Giant Head","floor":40,"turns":5},{"damage":24,"enemies":"3 Shapes","floor":45,"turns":2},{"damage":0,"enemies":"3 Darklings","floor":46,"turns":2},{"damage":8,"enemies":"Spire Growth","floor":48,"turns":2},{"damage":124,"enemies":"Awakened One","floor":50,"turns":5}],"seed_played":"5657004428663045265","potions_obtained":[{"floor":1,"key":"EssenceOfSteel"},{"floor":10,"key":"Swift Potion"},{"floor":10,"key":"Regen Potion"},{"floor":13,"key":"SkillPotion"},{"floor":18,"key":"FairyPotion"},{"floor":21,"key":"SpeedPotion"},{"floor":25,"key":"Explosive Potion"},{"floor":31,"key":"Poison Potion"},{"floor":35,"key":"Explosive Potion"},{"floor":48,"key":"AttackPotion"}],"is_trial":false,"path_per_floor":["M","?","$","M","M","R","M","R","T","?","E","$","M","T","R","B",null,"M","$","?","M","T","M","R","M","T","R","M","M","M","M","R","B",null,"M","$","?","?","T","E","R","$","T","R","M","M","?","M","R"],"character_chosen":"IRONCLAD","items_purchased":["Brimstone","Pommel Strike","Shrug It Off","Twin Strike"],"campfire_rested":7,"item_purchase_floors":[12,19,19,19],"current_hp_per_floor":[80,64,64,62,66,66,61,61,61,53,26,26,34,34,58,9,80,73,73,73,80,80,66,84,78,78,88,88,88,81,64,93,54,94,94,94,94,89,99,77,103,103,103,105,87,97,97,89,89,0],"gold":203,"neow_bonus":"","is_prod":false,"is_daily":false,"chose_seed":false,"campfire_upgraded":2,"win_rate":0,"timestamp":1539703321,"path_taken":["M","?","$","M","M","R","M","R","T","?","E","?","M","?","R","BOSS","M","$","?","M","?","M","R","M","T","R","M","?","M","M","R","BOSS","M","?","?","?","?","E","R","$","T","R","M","M","?","M","R","BOSS"],"build_version":"2018-10-11","purchased_purges":4,"victory":false,"max_hp_per_floor":[80,80,80,80,80,80,80,80,80,80,80,80,80,80,80,80,80,80,80,80,80,80,82,84,86,86,88,88,88,90,92,94,94,94,94,94,94,89,99,101,103,103,103,105,105,107,107,109,111,111],"card_choices":[{"not_picked":["Infernal Blade","Wild Strike","Clothesline"],"picked":"SKIP","floor":1},{"not_picked":["Ghostly Armor","Rupture"],"picked":"Pommel Strike","floor":4},{"not_picked":["Havoc","Thunderclap"],"picked":"Perfected Strike","floor":5},{"not_picked":["Power Through","Flex","Burning Pact"],"picked":"SKIP","floor":7},{"not_picked":["Dropkick","Shrug It Off"],"picked":"Battle Trance","floor":10},{"not_picked":["Fiend Fire","Ghostly Armor","Rampage"],"picked":"SKIP","floor":11},{"not_picked":["True Grit","Corruption"],"picked":"Pommel Strike","floor":13},{"not_picked":["Searing Blow","Rupture+1","Heavy Blade"],"picked":"SKIP","floor":18},{"not_picked":["Sword Boomerang","Combust+1","Heavy Blade"],"picked":"SKIP","floor":21},{"not_picked":["Burning Pact","Uppercut","Anger"],"picked":"Singing Bowl","floor":23},{"not_picked":["Sentinel","Intimidate+1","Headbutt+1"],"picked":"Singing Bowl","floor":24},{"not_picked":["Flex","Havoc+1","Perfected Strike"],"picked":"Singing Bowl","floor":25},{"not_picked":["Rupture","Feed","True Grit"],"picked":"Singing Bowl","floor":27},{"not_picked":["Bloodletting+1","Clash+1","Battle Trance+1"],"picked":"SKIP","floor":28},{"not_picked":["Anger","Sword Boomerang"],"picked":"Carnage+1","floor":29},{"not_picked":["Wild Strike","Perfected Strike","Thunderclap"],"picked":"Singing Bowl","floor":30},{"not_picked":["Perfected Strike","Clothesline","Thunderclap"],"picked":"Singing Bowl","floor":31},{"not_picked":["Armaments","Infernal Blade","Havoc+1"],"picked":"Singing Bowl","floor":32},{"not_picked":["Immolate","Bludgeon"],"picked":"Offering","floor":33},{"not_picked":["Twin Strike","Flame Barrier+1"],"picked":"Pommel Strike+1","floor":35},{"not_picked":["Clash+1","Evolve+1","Ghostly Armor"],"picked":"Singing Bowl","floor":40},{"not_picked":["Clash","Corruption","Rupture+1"],"picked":"Singing Bowl","floor":41},{"not_picked":["Reckless Charge","Heavy Blade+1","True Grit+1"],"picked":"Singing Bowl","floor":44},{"not_picked":["Pommel Strike+1","Body Slam"],"picked":"Flex+1","floor":45},{"not_picked":["Warcry","Uppercut+1","Havoc"],"picked":"Singing Bowl","floor":46},{"not_picked":["Dropkick","Cleave","Burning Pact+1"],"picked":"Singing Bowl","floor":48},{"not_picked":["Sever Soul+1","Havoc","True Grit"],"picked":"Singing Bowl","floor":49}],"player_experience":439619,"relics_obtained":[{"floor":9,"key":"Blood Vial"},{"floor":10,"key":"Bag of Marbles"},{"floor":11,"key":"Dream Catcher"},{"floor":14,"key":"Mercury Hourglass"},{"floor":22,"key":"Singing Bowl"},{"floor":26,"key":"Red Skull"},{"floor":39,"key":"Pear"},{"floor":40,"key":"Omamori"},{"floor":43,"key":"PreservedInsect"}],"event_choices":[{"event_name":"Shining Light","player_choice":"Entered Light","floor":2,"damage_taken":0},{"event_name":"Dead Adventurer","player_choice":"Searched \u00271\u0027 times","floor":10,"damage_taken":0},{"event_name":"Transmorgrifier","player_choice":"Transform","floor":20,"damage_taken":0},{"event_name":"Falling","player_choice":"Removed Skill","floor":37,"damage_taken":0},{"event_name":"Winding Halls","player_choice":"Max HP","floor":38,"damage_taken":0},{"event_name":"MindBloom","player_choice":"Upgrade","floor":47,"damage_taken":0}],"is_beta":false,"boss_relics":[{"not_picked":["Orrery","Snecko Eye"],"picked":"Fusion Hammer"},{"not_picked":["Runic Pyramid","Black Star"],"picked":"Velvet Choker"}],"items_purged_floors":[3,19,36,42],"is_endless":false,"potions_floor_spawned":[1,10,10,13,18,21,25,31,35,48],"killed_by":"Awakened One","ascension_level":3}