{"gold_per_floor":[111,286,361,373,391,391,168,168,168,150,162,189,213,225,237,348,360,387,81,81,81,81,81,92,17,17,51,51,151,168,188,188,188],"floor_reached":33,"playtime":2239,"items_purged":["Doubt"],"score":253,"play_id":"105c20bf-1658-44f1-b814-20ca25a97baa","local_time":"20190205053444","is_ascension_mode":false,"campfire_choices":[{"data":"Echo Form","floor":6,"key":"SMITH"},{"data":"Thunder Strike","floor":8,"key":"SMITH"},{"data":"Redo","floor":11,"key":"SMITH"},{"floor":15,"key":"REST"},{"data":"Defragment","floor":23,"key":"SMITH"},{"floor":28,"key":"REST"},{"floor":32,"key":"REST"}],"neow_cost":"NONE","seed_source_timestamp":3483034908417,"circlet_count":0,"master_deck":["Strike_B","Strike_B","Strike_B","Strike_B","Defend_B","Defend_B","Defend_B","Defend_B","Zap","Dualcast","Redo+1","Echo Form+1","Static Discharge","Thunder Strike+1","Static Discharge","Hello World+1","Creative AI","Leap","Defragment+1","Lockon","Loop","Turbo+1","Redo","Rebound","Self Repair"],"relics":["Cracked Core","NeowsBlessing","MawBank","Inserter","Lee\u0027s Waffle","Enchiridion","Darkstone Periapt","Torii","Ornamental Fan"],"potions_floor_usage":[13,16,18,33],"damage_taken":[{"damage":0,"enemies":"Jaw Worm","floor":1,"turns":1},{"damage":0,"enemies":"Small Slimes","floor":4,"turns":1},{"damage":0,"enemies":"Cultist","floor":5,"turns":1},{"damage":17,"enemies":"Large Slime","floor":12,"turns":6},{"damage":9,"enemies":"Exordium Wildlife","floor":13,"turns":4},{"damage":21,"enemies":"Slime Boss","floor":16,"turns":7},{"damage":58,"enemies":"3 Byrds","floor":18,"turns":8},{"damage":17,"enemies":"Spheric Guardian","floor":24,"turns":3},{"damage":18,"enemies":"Gremlin Leader","floor":27,"turns":4},{"damage":19,"enemies":"Snecko","floor":30,"turns":5},{"damage":30,"enemies":"Shelled Parasite and Fungi","floor":31,"turns":3},{"damage":61,"enemies":"Champ","floor":33,"turns":7}],"seed_played":"2562915011360228944","potions_obtained":[{"floor":5,"key":"AttackPotion"},{"floor":12,"key":"Block Potion"},{"floor":13,"key":"Poison Potion"},{"floor":24,"key":"LiquidBronze"}],"is_trial":false,"path_per_floor":["?","?","?","M","?","?","?","?","M","?","?","M"],"character_chosen":"DEFECT","items_purchased":["Thunder Strike","Static Discharge","Defragment","Lee\u0027s Waffle","Lockon"],"campfire_rested":3,"item_purchase_floors":[7,7,19,19,19],"current_hp_per_floor":[75,75,64,64,64,64,64,64,64,64,64,47,38,38,60,39,75,17,82,82,66,72,72,55,55,55,37,63,63,44,14,40,0],"gold":188,"neow_bonus":"THREE_ENEMY_KILL","is_prod":false,"is_daily":false,"chose_seed":false,"campfire_upgraded":4,"win_rate":0.0,"timestamp":1549355684,"path_taken":["M","?","?","M","M","R","$","R","T","?","R","?","M","?","R","BOSS","M","$","?","?","?","R","?","?","T","E","R","?","?","M","R","BOSS"],"build_version":"2019-01-23","purchased_purges":1,"victory":false,"max_hp_per_floor":[75,75,75,75,75,75,75,75,75,75,75,75,75,75,75,75,75,75,82,82,82,88,88,88,88,88,88,88,88,88,88,88,88],"card_choices":[{"not_picked":["Stack","Beam Cell"],"picked":"Redo","floor":1},{"not_picked":["Recycle","Leap"],"picked":"Echo Form","floor":4},{"not_picked":["Gash","Turbo"],"picked":"Static Discharge","floor":5},{"not_picked":["Stack","FTL"],"picked":"Hello World","floor":12},{"not_picked":["Hello World","Compile Driver","Genetic Algorithm"],"picked":"SKIP","floor":13},{"not_picked":["Biased Cognition","Echo Form"],"picked":"Creative AI","floor":16},{"not_picked":["White Noise+1","Skim+1"],"picked":"Leap","floor":18},{"not_picked":["Hologram","Compile Driver"],"picked":"Turbo+1","floor":24},{"not_picked":["Go for the Eyes","Core Surge"],"picked":"Redo","floor":27},{"not_picked":["Darkness","Compile Driver"],"picked":"Rebound","floor":30},{"not_picked":["Static Discharge","Heatsinks+1"],"picked":"Self Repair","floor":31}],"player_experience":113453,"relics_obtained":[{"floor":9,"key":"MawBank"},{"floor":21,"key":"Enchiridion"},{"floor":26,"key":"Torii"},{"floor":27,"key":"Ornamental Fan"}],"event_choices":[{"damage_healed":0,"gold_gain":175,"player_choice":"AGREE","damage_taken":0,"max_hp_gain":0,"max_hp_loss":0,"event_name":"Liars Game","floor":2,"gold_loss":0,"cards_obtained":["Doubt"]},{"damage_healed":0,"gold_gain":75,"player_choice":"Gather Gold","damage_taken":11,"max_hp_gain":0,"max_hp_loss":0,"event_name":"World of Goop","floor":3,"gold_loss":0},{"damage_healed":0,"gold_gain":0,"player_choice":"Bought 2 Potions","damage_taken":0,"max_hp_gain":0,"max_hp_loss":0,"event_name":"The Woman in Blue","floor":10,"gold_loss":0},{"damage_healed":0,"gold_gain":0,"player_choice":"Grow","damage_taken":0,"max_hp_gain":0,"max_hp_loss":0,"event_name":"Living Wall","floor":14,"gold_loss":0,"cards_upgraded":["Hello World"]},{"damage_healed":0,"gold_gain":0,"player_choice":"Read","damage_taken":0,"max_hp_gain":0,"max_hp_loss":0,"event_name":"The Library","floor":20,"gold_loss":0,"cards_obtained":["Loop"]},{"damage_healed":0,"gold_gain":0,"player_choice":"Obtained Book","damage_taken":16,"max_hp_gain":0,"max_hp_loss":0,"event_name":"Cursed Tome","floor":21,"gold_loss":0},{"damage_healed":0,"gold_gain":0,"player_choice":"Opened","damage_taken":0,"relics_obtained":["Darkstone Periapt"],"max_hp_gain":0,"max_hp_loss":0,"event_name":"The Mausoleum","floor":22,"gold_loss":0,"cards_obtained":["Writhe"]},{"cards_removed":["Writhe"],"damage_healed":0,"gold_gain":0,"player_choice":"Gave Gold","damage_taken":0,"max_hp_gain":0,"max_hp_loss":0,"event_name":"Beggar","floor":25,"gold_loss":75},{"damage_healed":0,"gold_gain":100,"player_choice":"Pray","damage_taken":0,"max_hp_gain":0,"max_hp_loss":0,"event_name":"Golden Shrine","floor":29,"gold_loss":0}],"is_beta":false,"boss_relics":[{"not_picked":["Runic Pyramid","FrozenCore"],"picked":"Inserter"}],"items_purged_floors":[7],"is_endless":false,"potions_floor_spawned":[5,12,13,24],"killed_by":"Champ","ascension_level":0}