{"gold_per_floor":[119,44,59,78,2,35,52,52,52,64,76,98,110,122,134,243,255,277,289,132,149,164,164,178,178,202,202,221,251,269,269,269,368,368,384,394,394,394,247,264,279,279,305,305,324,52,69,88,88,88],"floor_reached":50,"playtime":1352,"items_purged":["Defend_R","Defend_R","Defend_R","Strike_R"],"score":466,"play_id":"752616b0-6887-47d9-a8f3-80b5247d2443","local_time":"20180801155438","is_ascension_mode":false,"campfire_choices":[{"data":"Whirlwind","floor":10,"key":"SMITH"},{"data":"Whirlwind","floor":13,"key":"SMITH"},{"data":"Bloodletting","floor":15,"key":"SMITH"},{"data":"Spot Weakness","floor":23,"key":"SMITH"},{"data":"Spot Weakness","floor":25,"key":"SMITH"},{"data":"Defend_R","floor":27,"key":"SMITH"},{"floor":32,"key":"REST"},{"data":"Flex","floor":42,"key":"SMITH"},{"data":"Battle Trance","floor":49,"key":"SMITH"}],"neow_cost":"NONE","seed_source_timestamp":1841769214476122,"circlet_count":0,"master_deck":["Strike_R","Strike_R","Strike_R","Strike_R","Defend_R+1","Bash","Whirlwind+1","Bloodletting+1","Whirlwind+1","Spot Weakness+1","Spot Weakness+1","Battle Trance+1","Flex+1","Battle Trance+1"],"relics":["Black Blood","Orichalcum","Blood Vial","MawBank","Dodecahedron","Juzu Bracelet","Runic Dome","Anchor","Champion Belt","Lantern","Incense Burner"],"potions_floor_usage":[16,16,28,33,33,50],"damage_taken":[{"damage":5,"enemies":"Jaw Worm","floor":1,"turns":3},{"damage":5,"enemies":"Small Slimes","floor":3,"turns":3},{"damage":0,"enemies":"2 Louse","floor":4,"turns":1},{"damage":19,"enemies":"Gremlin Nob","floor":6,"turns":5},{"damage":11,"enemies":"Looter","floor":7,"turns":3},{"damage":3,"enemies":"Gremlin Gang","floor":12,"turns":1},{"damage":45,"enemies":"The Guardian","floor":16,"turns":7},{"damage":4,"enemies":"Spheric Guardian","floor":18,"turns":3},{"damage":7,"enemies":"Chosen","floor":21,"turns":3},{"damage":16,"enemies":"3 Cultists","floor":22,"turns":4},{"damage":21,"enemies":"Centurion and Healer","floor":24,"turns":3},{"damage":11,"enemies":"Snake Plant","floor":28,"turns":2},{"damage":43,"enemies":"Book of Stabbing","floor":29,"turns":5},{"damage":0,"enemies":"Chosen and Byrds","floor":30,"turns":3},{"damage":62,"enemies":"Collector","floor":33,"turns":9},{"damage":24,"enemies":"Flame Bruiser 1 Orb","floor":35,"turns":5},{"damage":9,"enemies":"3 Shapes","floor":36,"turns":2},{"damage":9,"enemies":"Transient","floor":40,"turns":5},{"damage":3,"enemies":"Sphere and 2 Shapes","floor":41,"turns":2},{"damage":30,"floor":44,"turns":3},{"damage":14,"enemies":"4 Shapes","floor":45,"turns":1},{"damage":6,"enemies":"Spire Growth","floor":47,"turns":3},{"damage":3,"enemies":"3 Darklings","floor":48,"turns":2},{"damage":76,"enemies":"Donu and Deca","floor":50,"turns":5}],"seed_played":"5615860441112627488","potions_obtained":[{"floor":1,"key":"LiquidBronze"},{"floor":4,"key":"Strength Potion"},{"floor":6,"key":"SkillPotion"},{"floor":16,"key":"SpeedPotion"},{"floor":18,"key":"Regen Potion"},{"floor":24,"key":"Fire Potion"},{"floor":29,"key":"LiquidBronze"},{"floor":33,"key":"Dexterity Potion"},{"floor":36,"key":"EssenceOfSteel"},{"floor":41,"key":"LiquidBronze"},{"floor":47,"key":"Swift Potion"}],"is_trial":false,"path_per_floor":["M","$","M","M","$","E","M","$","T","R","?","M","R","?","R","B",null,"M","?","$","M","M","R","M","R","T","R","M","E","M","?","R","B",null,"M","M","$","?","$","M","M","R","T","?","M","$","M","M","R"],"character_chosen":"IRONCLAD","items_purchased":["Whirlwind","Spot Weakness","Flex","Battle Trance","AttackPotion"],"campfire_rested":1,"item_purchase_floors":[5,20,39,46,46],"current_hp_per_floor":[80,80,80,80,80,67,64,64,64,64,46,51,51,51,51,14,80,80,80,80,79,70,70,57,57,57,57,54,19,27,27,51,12,80,66,69,69,69,69,72,80,80,80,60,58,58,64,73,73,0],"gold":88,"neow_bonus":"RANDOM_COMMON_RELIC","is_prod":false,"is_daily":false,"chose_seed":false,"campfire_upgraded":8,"win_rate":0,"timestamp":1533153278,"path_taken":["M","$","M","M","$","E","M","$","T","R","?","M","R","?","R","BOSS","M","?","$","M","M","R","M","R","T","R","M","E","M","?","R","BOSS","M","M","$","?","$","M","M","R","T","?","M","$","M","M","R","BOSS"],"build_version":"2018-07-26","purchased_purges":4,"victory":false,"max_hp_per_floor":[80,80,80,80,80,80,80,80,80,80,80,80,80,80,80,80,80,80,80,80,80,80,80,80,80,80,80,80,80,80,80,80,80,80,80,80,80,80,80,80,80,80,80,80,80,80,80,80,80,80],"card_choices":[{"not_picked":["Bloodletting","Reckless Charge"],"picked":"Whirlwind","floor":1},{"not_picked":["Sword Boomerang","Shrug It Off","Evolve"],"picked":"SKIP","floor":3},{"not_picked":["Second Wind","Whirlwind"],"picked":"Bloodletting","floor":4},{"not_picked":["Sentinel","Reckless Charge","Combust"],"picked":"SKIP","floor":6},{"not_picked":["Wild Strike","Perfected Strike","Armaments"],"picked":"SKIP","floor":7},{"not_picked":["Anger","Wild Strike","Heavy Blade"],"picked":"SKIP","floor":12},{"not_picked":["Clothesline","Thunderclap"],"picked":"Spot Weakness","floor":18},{"not_picked":["Havoc","Pummel","Reckless Charge"],"picked":"SKIP","floor":21},{"not_picked":["Body Slam","Clothesline","Carnage"],"picked":"SKIP","floor":22},{"not_picked":["Spot Weakness","Sentinel","Cleave"],"picked":"SKIP","floor":24},{"not_picked":["Heavy Blade","Armaments","Rampage"],"picked":"SKIP","floor":28},{"not_picked":["Heavy Blade","Dual Wield","Sentinel"],"picked":"SKIP","floor":29},{"not_picked":["Body Slam","Shockwave+1","Shrug It Off"],"picked":"SKIP","floor":30},{"not_picked":["Power Through+1","Pommel Strike","Corruption"],"picked":"SKIP","floor":35},{"not_picked":["Uppercut+1","Pommel Strike+1"],"picked":"Battle Trance+1","floor":36},{"not_picked":["Corruption+1","Anger","Havoc+1"],"picked":"SKIP","floor":40},{"not_picked":["Shrug It Off+1","Anger+1","Heavy Blade+1"],"picked":"SKIP","floor":41},{"not_picked":["Shrug It Off+1","Cleave","Wild Strike"],"picked":"SKIP","floor":45},{"not_picked":["Headbutt","Shrug It Off","Havoc+1"],"picked":"SKIP","floor":47},{"not_picked":["Second Wind+1","Twin Strike+1","Havoc"],"picked":"SKIP","floor":48}],"player_experience":320161,"relics_obtained":[{"floor":6,"key":"Blood Vial"},{"floor":9,"key":"MawBank"},{"floor":26,"key":"Anchor"},{"floor":29,"key":"Champion Belt"},{"floor":43,"key":"Lantern"},{"floor":44,"key":"Incense Burner"}],"event_choices":[{"event_name":"Scrap Ooze","player_choice":"success","floor":11,"damage_taken":18},{"event_name":"WeMeetAgain","player_choice":"Potion","floor":14,"damage_taken":0},{"event_name":"N\u0027loth","player_choice":"Ignored","floor":19,"damage_taken":0},{"event_name":"Drug Dealer","player_choice":"Ignored","floor":31,"damage_taken":0},{"event_name":"Tomb of Lord Red Mask","player_choice":"Ignored","floor":38,"damage_taken":0},{"event_name":"MindBloom","player_choice":"Fight","floor":44,"damage_taken":0}],"is_beta":false,"boss_relics":[{"not_picked":["Snecko Eye","Velvet Choker"],"picked":"Runic Dome"},{"not_picked":["Calling Bell","Astrolabe"],"picked":"Black Blood"}],"items_purged_floors":[2,20,39,46],"is_endless":false,"potions_floor_spawned":[1,4,6,12,16,18,24,29,33,36,41,47,48],"killed_by":"Donu and Deca","ascension_level":0}