{"gold_per_floor":[219,219,40,40,52,127,127,54,105,280,280,294,304,317,317,417,417,357,357,257,257,257,257,257,257,257,257,257,54,54,54,54,54],"floor_reached":33,"playtime":1117,"items_purged":["Defend_B","Defend_B","Strike_B"],"score":255,"play_id":"31d0da04-825f-4cf2-a062-5eb3f438ef67","local_time":"20180801083925","is_ascension_mode":false,"campfire_choices":[{"data":"Gash","floor":7,"key":"SMITH"},{"data":"Scrape","floor":11,"key":"SMITH"},{"floor":15,"key":"REST"},{"floor":23,"key":"REST"},{"floor":27,"key":"REST"},{"floor":32,"key":"REST"}],"neow_cost":"NONE","seed_source_timestamp":1815892274643796,"circlet_count":0,"master_deck":["Strike_B","Strike_B","Strike_B","Defend_B+1","Zap+1","Dualcast","Go for the Eyes","Gash+1","FTL","Scrape+1","Doubt","Steam Power","FTL","Go for the Eyes","Gash","Gash","Beam Cell","Scrape"],"relics":["Cracked Core","Potion Belt","Ectoplasm","Tiny Chest","Lantern","Bottled Lightning","Prayer Wheel"],"potions_floor_usage":[16,19,24],"damage_taken":[{"damage":7,"enemies":"Small Slimes","floor":1,"turns":3},{"damage":0,"enemies":"2 Louse","floor":5,"turns":2},{"damage":0,"enemies":"Cultist","floor":12,"turns":2},{"damage":7,"enemies":"Looter","floor":13,"turns":2},{"damage":0,"enemies":"Large Slime","floor":14,"turns":3},{"damage":49,"enemies":"Slime Boss","floor":16,"turns":11},{"damage":25,"enemies":"2 Thieves","floor":18,"turns":4},{"damage":10,"enemies":"3 Byrds","floor":19,"turns":4},{"damage":2,"enemies":"Centurion and Healer","floor":22,"turns":4},{"damage":29,"enemies":"Book of Stabbing","floor":24,"turns":5},{"damage":22,"enemies":"Snake Plant","floor":28,"turns":4},{"damage":11,"enemies":"Cultist and Chosen","floor":31,"turns":4},{"damage":54,"enemies":"Champ","floor":33,"turns":7}],"seed_played":"7981743903028976403","potions_obtained":[{"floor":12,"key":"Dexterity Potion"},{"floor":14,"key":"SkillPotion"},{"floor":18,"key":"FocusPotion"},{"floor":19,"key":"SpeedPotion"},{"floor":22,"key":"Block Potion"}],"is_trial":false,"path_per_floor":["M","?","$","?","M","?","R","$","T","?","R","M","M","M","R","B",null,"M","M","$","?","M","R","E","T","T","R","M","$","T","M","R"],"character_chosen":"DEFECT","items_purchased":["Gash","FTL","Scrape","Gash","Beam Cell"],"campfire_rested":4,"item_purchase_floors":[3,3,8,29,29],"current_hp_per_floor":[68,61,61,46,46,35,35,35,35,35,35,35,28,28,50,1,75,50,40,40,40,38,60,31,31,31,53,31,31,31,20,42,0],"gold":54,"neow_bonus":"HUNDRED_GOLD","is_prod":false,"is_daily":false,"chose_seed":false,"campfire_upgraded":2,"win_rate":0,"timestamp":1533127165,"path_taken":["M","?","$","?","?","?","R","$","T","?","R","M","M","M","R","BOSS","M","M","$","?","M","R","E","?","T","R","M","$","?","M","R","BOSS"],"build_version":"2018-07-26","purchased_purges":3,"victory":false,"max_hp_per_floor":[75,75,75,75,75,75,75,75,75,75,75,75,75,75,75,75,75,75,75,75,75,75,75,75,75,75,75,75,75,75,75,75,75],"card_choices":[{"not_picked":["Hologram","Barrage"],"picked":"Go for the Eyes","floor":1},{"not_picked":["Compile Driver","Glacier","BootSequence"],"picked":"SKIP","floor":5},{"not_picked":["Doom and Gloom","Consume","Melter"],"picked":"SKIP","floor":12},{"not_picked":["Lockon","Cold Snap","Conserve Battery"],"picked":"SKIP","floor":13},{"not_picked":["Streamline","Go for the Eyes"],"picked":"Steam Power","floor":14},{"not_picked":["Heatsinks+1","Hologram","Redo+1"],"picked":"SKIP","floor":18},{"not_picked":["Hologram","Reinforced Body"],"picked":"FTL","floor":19},{"not_picked":["Steam","Capacitor","Conserve Battery"],"picked":"SKIP","floor":22},{"not_picked":["Turbo","Machine Learning","Steam Power"],"picked":"SKIP","floor":24},{"not_picked":["Rebound","Hologram+1"],"picked":"Gash","floor":28},{"not_picked":["Blizzard+1","Reinforced Body"],"picked":"Scrape","floor":31},{"not_picked":["Melter","Steam","Buffer"],"picked":"SKIP","floor":31}],"player_experience":295226,"relics_obtained":[{"floor":9,"key":"Potion Belt"},{"floor":24,"key":"Tiny Chest"},{"floor":25,"key":"Lantern"},{"floor":26,"key":"Bottled Lightning"},{"floor":30,"key":"Prayer Wheel"}],"event_choices":[{"event_name":"Golden Wing","player_choice":"Card Removal","floor":2,"damage_taken":0},{"event_name":"Shining Light","player_choice":"Entered Light","floor":4,"damage_taken":0},{"event_name":"World of Goop","player_choice":"Gather Gold","floor":6,"damage_taken":0},{"event_name":"Liars Game","player_choice":"agreed","floor":10,"damage_taken":0},{"event_name":"The Library","player_choice":"Read","floor":21,"damage_taken":0}],"is_beta":false,"boss_relics":[{"not_picked":["White Beast Statue","Coffee Dripper"],"picked":"Ectoplasm"}],"items_purged_floors":[3,20,29],"is_endless":false,"potions_floor_spawned":[12,14,18,19,22],"killed_by":"Champ","ascension_level":0}