{"gold_per_floor":[116,116,116,130,150,179,179,179,249,274,152,183,5,20,20,20],"floor_reached":16,"playtime":748,"items_purged":["Defend_R","Regret"],"score":118,"play_id":"dbf2595e-9af1-4978-baf6-8036ec50855b","local_time":"20180720135152","is_ascension_mode":false,"campfire_choices":[{"data":"Flex","floor":7,"key":"SMITH"},{"floor":15,"key":"REST"}],"neow_cost":"NONE","seed_source_timestamp":798186874198051,"circlet_count":0,"master_deck":["Strike_R","Strike_R","Strike_R","Strike_R","Strike_R","Defend_R","Defend_R","Defend_R","Bash","Thunderclap","Flex+1","Armaments","Battle Trance","Thunderclap","Offering"],"relics":["Burning Blood","Regal Pillow","Ancient Tea Set","Mercury Hourglass","Centennial Puzzle","Dead Branch"],"potions_floor_usage":[6,10,16],"damage_taken":[{"damage":10,"enemies":"Small Slimes","floor":1,"turns":3},{"damage":8,"enemies":"Cultist","floor":4,"turns":3},{"damage":20,"enemies":"Jaw Worm","floor":5,"turns":3},{"damage":19,"enemies":"3 Sentries","floor":6,"turns":6},{"damage":11,"enemies":"Gremlin Nob","floor":10,"turns":3},{"damage":31,"enemies":"3 Sentries","floor":12,"turns":5},{"damage":5,"enemies":"Looter","floor":14,"turns":2},{"damage":60,"enemies":"The Guardian","floor":16,"turns":12}],"seed_played":"1804871592608841559","potions_obtained":[{"floor":5,"key":"Strength Potion"},{"floor":6,"key":"Swift Potion"},{"floor":12,"key":"Energy Potion"}],"is_trial":false,"path_per_floor":["M","?","?","M","M","E","R","?","T","E","$","E","$","M","R"],"character_chosen":"IRONCLAD","items_purchased":["Thunderclap","Offering"],"campfire_rested":1,"item_purchase_floors":[11,13],"current_hp_per_floor":[76,76,76,74,60,47,47,47,47,42,42,17,17,18,57,0],"gold":20,"neow_bonus":"THREE_CARDS","is_prod":false,"is_daily":false,"chose_seed":false,"campfire_upgraded":1,"win_rate":0,"timestamp":1532109112,"path_taken":["M","?","?","?","M","E","R","?","T","E","$","E","$","M","R","BOSS"],"build_version":"2018-07-19v2","purchased_purges":2,"victory":false,"max_hp_per_floor":[80,80,80,80,80,80,80,80,80,80,80,80,80,80,80,80],"card_choices":[{"not_picked":["Armaments","Iron Wave"],"picked":"Thunderclap","floor":0},{"not_picked":["Havoc","Carnage","Headbutt"],"picked":"SKIP","floor":1},{"not_picked":["Battle Trance","Iron Wave"],"picked":"Flex","floor":4},{"not_picked":["Entrench","Perfected Strike"],"picked":"Armaments","floor":5},{"not_picked":["Hemokinesis","Headbutt"],"picked":"Battle Trance","floor":6},{"not_picked":["True Grit","Pommel Strike","Reckless Charge"],"picked":"SKIP","floor":10},{"not_picked":["Flame Barrier","Infernal Blade","Whirlwind"],"picked":"SKIP","floor":12},{"not_picked":["Havoc","Reaper","Iron Wave"],"picked":"SKIP","floor":14}],"player_experience":268406,"relics_obtained":[{"floor":6,"key":"Ancient Tea Set"},{"floor":9,"key":"Mercury Hourglass"},{"floor":10,"key":"Centennial Puzzle"},{"floor":12,"key":"Dead Branch"}],"event_choices":[{"event_name":"The Woman in Blue","player_choice":"Bought 0 Potions","floor":2,"damage_taken":0},{"event_name":"Big Fish","player_choice":"Box","floor":3,"damage_taken":0},{"event_name":"Dead Adventurer","player_choice":"Searched \u00271\u0027 times","floor":8,"damage_taken":0}],"is_beta":false,"boss_relics":[],"items_purged_floors":[11,13],"is_endless":false,"potions_floor_spawned":[5,6,12],"killed_by":"The Guardian","ascension_level":0}