{"gold_per_floor":[111,111,10,24,36,64,79,40,63,83,83,83,103,138,138,138],"floor_reached":16,"playtime":1514,"items_purged":[],"score":112,"play_id":"a9fbb5ff-2b24-46d0-9585-96cc613bd64b","local_time":"20190322102604","is_ascension_mode":false,"campfire_choices":[{"data":"Neutralize","floor":11,"key":"SMITH"},{"floor":15,"key":"REST"}],"neow_cost":"NONE","seed_source_timestamp":56419158576547,"circlet_count":0,"master_deck":["Defend_G","Defend_G","Defend_G","Defend_G","Defend_G","Strike_G","Strike_G","Strike_G","Strike_G","Survivor","Neutralize+1","Reflex","Caltrops","Backflip","Predator","Leg Sweep","Backstab","Dodge and Roll","Crippling Poison"],"relics":["Ring of the Snake","Lantern","Dream Catcher","Anchor","Orichalcum"],"potions_floor_usage":[6,13,14,16],"damage_taken":[{"damage":1,"enemies":"Jaw Worm","floor":1,"turns":5},{"damage":0,"enemies":"Cultist","floor":4,"turns":5},{"damage":0,"enemies":"Small Slimes","floor":5,"turns":3},{"damage":27,"enemies":"Gremlin Nob","floor":6,"turns":4},{"damage":1,"enemies":"Blue Slaver","floor":7,"turns":3},{"damage":0,"enemies":"Large Slime","floor":10,"turns":11},{"damage":2,"enemies":"Gremlin Gang","floor":13,"turns":7},{"damage":24,"enemies":"3 Sentries","floor":14,"turns":10},{"damage":43,"enemies":"Slime Boss","floor":16,"turns":12}],"seed_played":"-2022734890259272066","potions_obtained":[{"floor":5,"key":"FearPotion"},{"floor":6,"key":"GamblersBrew"},{"floor":13,"key":"Block Potion"},{"floor":14,"key":"SpeedPotion"}],"is_trial":false,"path_per_floor":["?","$","?","T"],"character_chosen":"THE_SILENT","items_purchased":["Caltrops","Backflip"],"campfire_rested":1,"item_purchase_floors":[3,3],"current_hp_per_floor":[69,69,69,69,69,42,41,41,41,41,41,41,39,15,36,0],"gold":138,"neow_bonus":"TRANSFORM_CARD","is_prod":false,"is_daily":false,"chose_seed":false,"campfire_upgraded":1,"win_rate":0,"timestamp":1553261164,"path_taken":["M","?","?","M","M","E","M","?","T","M","R","?","M","E","R","BOSS"],"build_version":"2019-01-23","purchased_purges":0,"victory":false,"max_hp_per_floor":[70,70,70,70,70,70,70,70,70,70,70,70,70,70,70,70],"card_choices":[{"not_picked":["Acrobatics","Concentrate","Sucker Punch"],"picked":"SKIP","floor":1},{"not_picked":["Flying Knee","Deflect"],"picked":"Predator","floor":4},{"not_picked":["Outmaneuver","Bane","Deflect"],"picked":"SKIP","floor":5},{"not_picked":["Accuracy","Quick Slash"],"picked":"Leg Sweep","floor":6},{"not_picked":["Reflex","Storm of Steel","Quick Slash"],"picked":"SKIP","floor":7},{"not_picked":["Tactician","Outmaneuver","Deadly Poison"],"picked":"SKIP","floor":10},{"not_picked":["Cloak And Dagger","Flying Knee"],"picked":"Backstab","floor":13},{"not_picked":["Choke","Terror"],"picked":"Dodge and Roll","floor":14},{"not_picked":["Finisher","Slice"],"picked":"Crippling Poison","floor":15}],"player_experience":400595,"relics_obtained":[{"floor":6,"key":"Lantern"},{"floor":9,"key":"Dream Catcher"},{"floor":12,"key":"Anchor"},{"floor":14,"key":"Orichalcum"}],"event_choices":[{"damage_healed":0,"gold_gain":0,"player_choice":"Ignored","damage_taken":0,"max_hp_gain":0,"max_hp_loss":0,"event_name":"NoteForYourself","floor":2,"gold_loss":0},{"damage_healed":0,"gold_gain":0,"player_choice":"Left Gold","damage_taken":0,"max_hp_gain":0,"max_hp_loss":0,"event_name":"World of Goop","floor":8,"gold_loss":39}],"is_beta":false,"boss_relics":[],"items_purged_floors":[],"is_endless":false,"potions_floor_spawned":[5,6,13,14],"killed_by":"Slime Boss","ascension_level":0}