{"gold_per_floor":[112,287,287,287,287,319,319,209,209,239,112,112,123,136,136,239,239,259,259,315,168,196,196,196,213,239,239,338,368,243,262,262,358,358,371,371,141,363,363,363,373,373,455,469,469,483,61,80,80,80],"floor_reached":51,"playtime":3360,"items_purged":["Strike_G","Strike_G","Survivor","Dagger Throw"],"score":717,"play_id":"fac7e86c-afd9-4ada-985e-efd540c2845a","local_time":"20190201220911","is_ascension_mode":false,"campfire_choices":[{"data":"Backflip","floor":7,"key":"SMITH"},{"data":"Noxious Fumes","floor":12,"key":"SMITH"},{"data":"Bane","floor":15,"key":"SMITH"},{"data":"Bullet Time","floor":24,"key":"SMITH"},{"data":"Sucker Punch","floor":27,"key":"SMITH"},{"floor":32,"key":"REST"},{"data":"Footwork","floor":40,"key":"SMITH"},{"data":"Footwork","floor":42,"key":"SMITH"},{"floor":45,"key":"REST"},{"floor":49,"key":"REST"}],"neow_cost":"NONE","seed_source_timestamp":34533071602907,"circlet_count":0,"master_deck":["Defend_G+1","Defend_G+1","Defend_G+1","Defend_G+1","Defend_G+1","Neutralize+1","Backflip+1","Noxious Fumes+1","Backflip","Bane+1","Backstab","Bullet Time+1","Dash+1","Expertise+1","Catalyst+1","Sucker Punch+1","Bouncing Flask","Bane","Caltrops","Quick Slash","Dagger Spray+1","Footwork+1","Envenom","Footwork+1","Backflip","Parasite","Choke+1","Well Laid Plans","Bane+1"],"relics":["Ring of the Snake","Juzu Bracelet","Pen Nib","Strawberry","Nunchaku","Letter Opener","Astrolabe","Tiny Chest","Red Mask","Vajra","Boot","Busted Crown","Dodecahedron","ClockworkSouvenir","Lantern"],"potions_floor_usage":[10,22,22,33,33,33,33,50,50,50],"damage_taken":[{"damage":1,"enemies":"Jaw Worm","floor":1,"turns":6},{"damage":15,"enemies":"Gremlin Nob","floor":6,"turns":5},{"damage":7,"enemies":"3 Sentries","floor":10,"turns":8},{"damage":0,"enemies":"2 Louse","floor":13,"turns":3},{"damage":0,"enemies":"Cultist","floor":14,"turns":3},{"damage":13,"enemies":"Hexaghost","floor":16,"turns":9},{"damage":8,"enemies":"Spheric Guardian","floor":18,"turns":6},{"damage":19,"enemies":"Masked Bandits","floor":22,"turns":5},{"damage":2,"enemies":"2 Thieves","floor":25,"turns":3},{"damage":0,"enemies":"Gremlin Leader","floor":29,"turns":6},{"damage":2,"enemies":"Sentry and Sphere","floor":31,"turns":4},{"damage":34,"enemies":"Champ","floor":33,"turns":10},{"damage":19,"enemies":"Orb Walker","floor":35,"turns":4},{"damage":24,"enemies":"3 Darklings","floor":41,"turns":4},{"damage":8,"enemies":"Maw","floor":44,"turns":7},{"damage":0,"enemies":"Writhing Mass","floor":46,"turns":5},{"damage":0,"enemies":"Transient","floor":48,"turns":5},{"damage":9,"enemies":"Time Eater","floor":50,"turns":11}],"seed_played":"-212706282842151919","potions_obtained":[{"floor":6,"key":"Regen Potion"},{"floor":13,"key":"GamblersBrew"},{"floor":16,"key":"AttackPotion"},{"floor":18,"key":"Strength Potion"},{"floor":22,"key":"EntropicBrew"},{"floor":29,"key":"Explosive Potion"},{"floor":31,"key":"Ancient Potion"},{"floor":35,"key":"GamblersBrew"},{"floor":44,"key":"EssenceOfSteel"},{"floor":46,"key":"Dexterity Potion"}],"is_trial":false,"path_per_floor":["?","?","?","?","$","?","T","$","?","?","?","?","?","$"],"character_chosen":"THE_SILENT","items_purchased":["Noxious Fumes","Backflip","Bouncing Flask","Bane","Caltrops","Footwork","Backflip","Well Laid Plans","ClockworkSouvenir","Lantern"],"campfire_rested":3,"item_purchase_floors":[8,11,21,21,21,37,37,47,47,47],"current_hp_per_floor":[69,69,62,62,62,54,54,54,54,62,62,62,62,62,62,49,77,69,69,69,69,50,50,50,48,48,48,48,48,48,46,69,35,77,58,58,58,58,58,58,34,34,34,26,47,47,47,47,68,59],"gold":80,"neow_bonus":"RANDOM_COMMON_RELIC","is_prod":false,"is_daily":false,"chose_seed":false,"campfire_upgraded":7,"win_rate":1,"timestamp":1549076951,"path_taken":["M","?","?","?","?","E","R","$","T","E","?","R","M","M","R","BOSS","M","?","?","?","?","$","R","M","T","R","?","E","$","M","R","BOSS","M","?","$","?","?","R","M","R","T","M","R","M","?","M","R","BOSS"],"build_version":"2019-01-23","purchased_purges":4,"victory":true,"max_hp_per_floor":[70,70,70,70,70,77,77,77,77,77,77,77,77,77,77,77,77,77,77,77,77,77,77,77,77,77,77,77,77,77,77,77,77,77,77,73,73,73,73,73,73,73,73,73,73,73,73,73,73,73],"card_choices":[{"not_picked":["Underhanded Strike","Catalyst"],"picked":"Dagger Throw","floor":1},{"not_picked":["Blur","Catalyst"],"picked":"Backflip","floor":6},{"not_picked":["Prepared","Deflect","Tactician"],"picked":"SKIP","floor":10},{"not_picked":["Heel Hook","Caltrops"],"picked":"Bane","floor":13},{"not_picked":["Caltrops","Catalyst"],"picked":"Backstab","floor":14},{"not_picked":["Doppelganger","A Thousand Cuts"],"picked":"Bullet Time","floor":16},{"not_picked":["PiercingWail","Deflect"],"picked":"Sucker Punch","floor":18},{"not_picked":["Blade Dance","Calculated Gamble"],"picked":"Quick Slash","floor":22},{"not_picked":["Slice","Deflect+1"],"picked":"Dagger Spray+1","floor":25},{"not_picked":["Blade Dance","Poisoned Stab"],"picked":"Footwork","floor":29},{"not_picked":["Infinite Blades","PiercingWail","Poisoned Stab+1"],"picked":"SKIP","floor":31},{"not_picked":["Adrenaline","Tools of the Trade"],"picked":"Envenom","floor":33},{"not_picked":["PiercingWail+1"],"picked":"SKIP","floor":35},{"not_picked":["Outmaneuver+1"],"picked":"SKIP","floor":41},{"not_picked":["Crippling Poison"],"picked":"SKIP","floor":44},{"not_picked":[],"picked":"Choke+1","floor":46},{"not_picked":[],"picked":"Bane+1","floor":48}],"player_experience":68535,"relics_obtained":[{"floor":6,"key":"Strawberry"},{"floor":9,"key":"Nunchaku"},{"floor":10,"key":"Letter Opener"},{"floor":20,"key":"Tiny Chest"},{"floor":22,"key":"Red Mask"},{"floor":26,"key":"Vajra"},{"floor":29,"key":"Boot"},{"floor":43,"key":"Dodecahedron"}],"event_choices":[{"damage_healed":0,"gold_gain":175,"player_choice":"AGREE","damage_taken":0,"max_hp_gain":0,"max_hp_loss":0,"event_name":"Liars Game","floor":2,"gold_loss":0,"cards_obtained":["Doubt"]},{"damage_healed":0,"gold_gain":0,"player_choice":"Success","damage_taken":7,"relics_obtained":["Pen Nib"],"max_hp_gain":0,"max_hp_loss":0,"event_name":"Scrap Ooze","floor":3,"gold_loss":0},{"damage_healed":0,"gold_gain":0,"player_choice":"Forge","damage_taken":0,"max_hp_gain":0,"max_hp_loss":0,"event_name":"Accursed Blacksmith","floor":4,"gold_loss":0,"cards_upgraded":["Neutralize"]},{"cards_removed":["Doubt"],"damage_healed":0,"gold_gain":0,"player_choice":"Removed Curses","damage_taken":0,"max_hp_gain":0,"max_hp_loss":0,"event_name":"Fountain of Cleansing","floor":5,"gold_loss":0},{"damage_healed":0,"gold_gain":0,"player_choice":"Simplicity","damage_taken":0,"max_hp_gain":0,"max_hp_loss":0,"event_name":"Back to Basics","floor":19,"gold_loss":0,"cards_upgraded":["Defend_G","Defend_G","Defend_G","Defend_G","Defend_G"]},{"damage_healed":0,"gold_gain":0,"player_choice":"Fought Bandits","damage_taken":0,"max_hp_gain":0,"max_hp_loss":0,"event_name":"Masked Bandits","floor":22,"gold_loss":0},{"damage_healed":0,"gold_gain":99,"player_choice":"Stole From Cult","damage_taken":0,"max_hp_gain":0,"max_hp_loss":0,"event_name":"Nest","floor":28,"gold_loss":0},{"damage_healed":0,"gold_gain":0,"player_choice":"Max HP","damage_taken":0,"max_hp_gain":0,"max_hp_loss":4,"event_name":"Winding Halls","floor":36,"gold_loss":0},{"damage_healed":0,"gold_gain":222,"player_choice":"Wore Mask","damage_taken":0,"max_hp_gain":0,"max_hp_loss":0,"event_name":"Tomb of Lord Red Mask","floor":38,"gold_loss":0},{"damage_healed":0,"gold_gain":0,"player_choice":"Ignored","damage_taken":0,"max_hp_gain":0,"max_hp_loss":0,"event_name":"Mysterious Sphere","floor":39,"gold_loss":0}],"is_beta":false,"boss_relics":[{"not_picked":["Eternal Feather","Coffee Dripper"],"picked":"Astrolabe"},{"not_picked":["Ring of the Serpent","Runic Dome"],"picked":"Busted Crown"}],"items_purged_floors":[8,11,30,37],"is_endless":false,"potions_floor_spawned":[6,13,16,18,22,29,31,35,44,46,48],"ascension_level":0}