{"gold_per_floor":[125,312,26,26,26,26,26,42,42,42,56,66,66,85,85,183,183,194,210,224,235,91,91,6,6],"floor_reached":25,"playtime":1229,"items_purged":["Doubt"],"score":340,"play_id":"4d9cbacb-bb0b-489c-a5dc-b13714ffd1bb","local_time":"20190331000032","is_ascension_mode":true,"campfire_choices":[{"data":"Defragment","floor":6.0,"key":"SMITH"},{"data":"Zap","floor":10.0,"key":"SMITH"},{"data":"Jack Of All Trades","floor":13.0,"key":"SMITH"},{"floor":15.0,"key":"REST"},{"floor":23,"key":"REST"}],"neow_cost":"NONE","seed_source_timestamp":47446034087646,"circlet_count":0,"master_deck":["Strike_B","Strike_B","Strike_B","Strike_B","Defend_B","Defend_B","Defend_B","Defend_B","Zap+1","Dualcast","Force Field","Defragment+1","Leap","Slice","Jack Of All Trades+1","FTL","Cold Snap","Panache","Warcry","Flex","Clothesline","Defragment"],"special_seed":0,"relics":["Cracked Core","MawBank","PrismaticShard","Darkstone Periapt","Lizard Tail","Pen Nib"],"potions_floor_usage":[21],"damage_taken":[{"damage":12.0,"enemies":"Jaw Worm","floor":1.0,"turns":3.0},{"damage":8.0,"enemies":"2 Louse","floor":8.0,"turns":3.0},{"damage":1.0,"enemies":"Small Slimes","floor":11.0,"turns":3.0},{"damage":8.0,"enemies":"Blue Slaver","floor":12.0,"turns":3.0},{"damage":27.0,"enemies":"Gremlin Gang","floor":14.0,"turns":5.0},{"damage":0.0,"enemies":"Slime Boss","floor":16.0,"turns":13.0},{"damage":23.0,"enemies":"2 Thieves","floor":18.0,"turns":4.0},{"damage":8.0,"enemies":"3 Byrds","floor":19.0,"turns":5.0},{"damage":40.0,"enemies":"Shelled Parasite and Fungi","floor":20.0,"turns":10.0},{"damage":27,"enemies":"Snake Plant","floor":21,"turns":4},{"damage":37,"enemies":"Slavers","floor":25,"turns":2}],"seed_played":"-7679398326280517573","potions_obtained":[{"floor":1.0,"key":"FocusPotion"},{"floor":8.0,"key":"Dexterity Potion"},{"floor":16.0,"key":"Swift Potion"},{"floor":19.0,"key":"FearPotion"}],"is_trial":false,"path_per_floor":["M","?","$","?","?","R","$","M","T","R","M","M","R","M","R","B",null,"M","M","M","M","$","R","?","E"],"character_chosen":"DEFECT","items_purchased":["PrismaticShard","Defragment","Leap","Defragment"],"campfire_rested":2,"item_purchase_floors":[3,3,3,22],"current_hp_per_floor":[56,56,56,56,56,56,56,48,48,48,47,39,39,12,34,34,65,42,34,37,10,10,32,32,0],"gold":6,"neow_bonus":"RANDOM_COMMON_RELIC","is_prod":false,"is_daily":false,"chose_seed":false,"campfire_upgraded":3,"win_rate":0,"timestamp":1554008432,"path_taken":["M","?","$","?","?","R","?","M","T","R","?","M","R","M","R","BOSS","M","?","M","M","$","R","?","E"],"build_version":"2019-01-23","purchased_purges":1,"victory":false,"max_hp_per_floor":[75,75,75,75,75,75,75,75,75,75,75,75,75,75,75,75,75,75,75,75,75,75,75,75,75],"card_choices":[{"not_picked":["Gash","Compile Driver"],"picked":"Force Field","floor":1.0},{"not_picked":["Predator","Dropkick"],"picked":"Slice","floor":8.0},{"not_picked":["Conserve Battery","Armaments"],"picked":"Jack Of All Trades","floor":11.0},{"not_picked":["Perfected Strike","Iron Wave"],"picked":"FTL","floor":12.0},{"not_picked":["Backflip","Prepared"],"picked":"Cold Snap","floor":14.0},{"not_picked":["Fission","Core Surge"],"picked":"Panache","floor":16.0},{"not_picked":["PiercingWail","Gash"],"picked":"Warcry","floor":18.0},{"not_picked":["Concentrate","Clash"],"picked":"Flex","floor":19.0},{"not_picked":["Havoc+1","Fusion"],"picked":"Clothesline","floor":20.0},{"not_picked":["Setup","Double Energy","Perfected Strike"],"picked":"SKIP","floor":21}],"player_experience":585829,"relics_obtained":[{"floor":9.0,"key":"Darkstone Periapt"}],"event_choices":[{"damage_healed":0.0,"max_hp_gain":0.0,"max_hp_loss":0.0,"gold_gain":175.0,"event_name":"Liars Game","player_choice":"AGREE","floor":2.0,"gold_loss":0.0,"damage_taken":0.0,"cards_obtained":["Doubt"]},{"damage_healed":0.0,"max_hp_gain":0.0,"max_hp_loss":0.0,"gold_gain":0.0,"event_name":"Scrap Ooze","player_choice":"Fled","floor":4.0,"gold_loss":0.0,"damage_taken":0.0},{"damage_healed":0.0,"max_hp_gain":0.0,"max_hp_loss":0.0,"gold_gain":0.0,"event_name":"The Cleric","player_choice":"Leave","floor":5.0,"gold_loss":0.0,"damage_taken":0.0},{"damage_healed":0,"gold_gain":0,"player_choice":"Obtained Relic","damage_taken":0,"relics_obtained":["Pen Nib"],"max_hp_gain":0,"max_hp_loss":0,"event_name":"Addict","floor":24,"gold_loss":85}],"is_beta":false,"boss_relics":[{"not_picked":["Philosopher\u0027s Stone","Calling Bell"],"picked":"Lizard Tail"}],"items_purged_floors":[22],"is_endless":false,"potions_floor_spawned":[1,8,16,19],"killed_by":"Slavers","ascension_level":8}