{"gold_per_floor":[112,112,187,201,75,110,110,110,110,87,87,123,137,137,137,265,265,281,302,427,3,3,3,38,38,111,127,166,186,186,205,205,328,328,352,181,244,267,267,267,307,307,307,307,307,328,41,74,74,74,74,74,24,24],"floor_reached":54,"playtime":3143,"items_purged":["Injury","Shame","Strike_G+1"],"score":876,"play_id":"0b48d1a1-fd73-4da5-aa44-480d5e4a6ba4","local_time":"20190329001747","is_ascension_mode":true,"campfire_choices":[{"data":"Dagger Spray","floor":7,"key":"SMITH"},{"data":"Poisoned Stab","floor":11,"key":"SMITH"},{"data":"Cloak And Dagger","floor":15,"key":"SMITH"},{"data":"Noxious Fumes","floor":23,"key":"SMITH"},{"data":"Backflip","floor":25,"key":"SMITH"},{"floor":30,"key":"RECALL"},{"floor":32,"key":"REST"},{"floor":40,"key":"REST"},{"data":"Well Laid Plans","floor":42,"key":"SMITH"},{"floor":45,"key":"REST"},{"floor":49,"key":"DIG"},{"floor":52,"key":"DIG"}],"neow_cost":"NONE","seed_source_timestamp":8210748138830734,"circlet_count":0,"master_deck":["Defend_G+1","Defend_G+1","Defend_G+1","Defend_G+1","Defend_G+1","Strike_G+1","Strike_G+1","Strike_G+1","Strike_G+1","Survivor+1","Neutralize+1","PiercingWail+1","Dagger Spray+1","Footwork+1","Quick Slash+1","Poisoned Stab+1","Cloak And Dagger+1","Backflip+1","Doppelganger+1","Dash+1","Noxious Fumes+1","Malaise+1","Acrobatics+1","Well Laid Plans+1","Finisher+1"],"relics":["Ring of the Snake","NeowsBlessing","Pen Nib","Golden Idol","Regal Pillow","Mercury Hourglass","Velvet Choker","FossilizedHelix","Gremlin Horn","TwistedFunnel","Singing Bowl","Matryoshka","Whetstone","Pocketwatch","White Beast Statue","Ice Cream","Smiling Mask","Boot","Paper Crane","Mark of the Bloom","Shovel","Darkstone Periapt","War Paint","Bottled Tornado"],"potions_floor_usage":[12,20,20,28,33,33,37,41,46,46,50,50,50],"damage_taken":[{"damage":0,"enemies":"Small Slimes","floor":1,"turns":1},{"damage":0,"enemies":"Jaw Worm","floor":4,"turns":1},{"damage":0,"enemies":"Lagavulin","floor":6,"turns":1},{"damage":14,"enemies":"3 Sentries","floor":12,"turns":7},{"damage":0,"enemies":"2 Louse","floor":13,"turns":1},{"damage":23,"enemies":"Slime Boss","floor":16,"turns":10},{"damage":0,"enemies":"3 Byrds","floor":18,"turns":3},{"damage":0,"enemies":"Shell Parasite","floor":19,"turns":5},{"damage":8,"enemies":"Colosseum Slavers","floor":20,"turns":4},{"damage":22,"enemies":"Colosseum Nobs","floor":20,"turns":5},{"damage":8,"enemies":"Slavers","floor":24,"turns":4},{"damage":0,"enemies":"Snake Plant","floor":27,"turns":4},{"damage":0,"enemies":"Book of Stabbing","floor":28,"turns":6},{"damage":0,"enemies":"3 Cultists","floor":29,"turns":4},{"damage":0,"enemies":"Snecko","floor":31,"turns":5},{"damage":17,"enemies":"Collector","floor":33,"turns":8},{"damage":0,"enemies":"Orb Walker","floor":35,"turns":3},{"damage":44,"enemies":"2 Orb Walkers","floor":37,"turns":6},{"damage":0,"enemies":"3 Shapes","floor":38,"turns":1},{"damage":12,"enemies":"Nemesis","floor":41,"turns":9},{"damage":0,"enemies":"Writhing Mass","floor":46,"turns":6},{"damage":0,"enemies":"Reptomancer","floor":48,"turns":5},{"damage":57,"enemies":"Donu and Deca","floor":50,"turns":11},{"damage":19,"enemies":"Shield and Spear","floor":54,"turns":5}],"seed_played":"-1617082689041078626","potions_obtained":[{"floor":1,"key":"Fruit Juice"},{"floor":16,"key":"Explosive Potion"},{"floor":19,"key":"FearPotion"},{"floor":24,"key":"GhostInAJar"},{"floor":27,"key":"Energy Potion"},{"floor":31,"key":"PowerPotion"},{"floor":35,"key":"SkillPotion"},{"floor":37,"key":"PowerPotion"},{"floor":38,"key":"FearPotion"},{"floor":41,"key":"SkillPotion"},{"floor":46,"key":"FearPotion"},{"floor":48,"key":"EssenceOfSteel"}],"is_trial":false,"path_per_floor":["M","?","?","M","$","E","R","?","T","$","R","E","M","?","R","B",null,"M","M","?","$","?","R","E","R","T","M","E","M","R","M","R","B",null,"M","$","?","M","?","R","E","R","T","?","R","M","$","E","R","B",null,"R","$","E"],"character_chosen":"THE_SILENT","items_purchased":["Footwork","Block Potion","Poisoned Stab","TwistedFunnel","Malaise","Well Laid Plans","Shovel"],"campfire_rested":3,"item_purchase_floors":[5,5,10,21,21,36,47],"current_hp_per_floor":[70,70,59,59,59,59,59,59,59,59,59,45,45,45,45,22,70,70,70,40,40,40,40,34,34,34,36,38,40,40,42,80,65,82,82,82,40,42,44,85,73,73,73,73,73,73,73,73,73,16,16,16,16,0],"gold":24,"neow_bonus":"THREE_ENEMY_KILL","is_prod":false,"is_daily":false,"chose_seed":false,"campfire_upgraded":6,"win_rate":0,"timestamp":1553833067,"path_taken":["M","?","?","M","$","E","R","?","T","?","R","E","M","?","R","BOSS","M","M","?","$","?","R","E","R","T","M","E","M","R","M","R","BOSS","M","$","?","M","?","R","E","R","T","?","R","M","?","E","R","BOSS","R","$","E"],"build_version":"2019-01-23","purchased_purges":3,"victory":false,"max_hp_per_floor":[70,70,70,70,70,70,70,70,70,70,70,70,70,70,70,70,70,70,70,70,70,70,70,72,72,72,74,76,78,78,80,80,82,82,82,82,84,86,88,88,88,88,88,88,88,95,95,97,97,97,97,97,97,97],"card_choices":[{"not_picked":["Flechettes","Acrobatics"],"picked":"PiercingWail","floor":1},{"not_picked":["Dodge and Roll","Terror"],"picked":"Dagger Spray","floor":4},{"not_picked":["Calculated Gamble","Leg Sweep"],"picked":"Quick Slash","floor":6},{"not_picked":["Slice","Bouncing Flask"],"picked":"Cloak And Dagger","floor":12},{"not_picked":["PiercingWail","Cloak And Dagger"],"picked":"Backflip","floor":13},{"not_picked":["Burst","Bullet Time"],"picked":"Doppelganger","floor":16},{"not_picked":["Dodge and Roll","PiercingWail"],"picked":"Dash","floor":18},{"not_picked":["Poisoned Stab+1","Prepared","Backflip"],"picked":"SKIP","floor":19},{"not_picked":["Deadly Poison+1","Eviscerate+1"],"picked":"Noxious Fumes","floor":20},{"not_picked":["Envenom","Deflect","Slice"],"picked":"Singing Bowl","floor":24},{"not_picked":["Quick Slash+1","Expertise+1","Dagger Throw"],"picked":"Singing Bowl","floor":27},{"not_picked":["Acrobatics","Underhanded Strike+1","Dagger Spray"],"picked":"Singing Bowl","floor":28},{"not_picked":["Underhanded Strike","Outmaneuver","Masterful Stab"],"picked":"Singing Bowl","floor":29},{"not_picked":["Dodge and Roll","Slice+1","Blade Dance+1"],"picked":"Singing Bowl","floor":31},{"not_picked":["A Thousand Cuts","Storm of Steel","Bullet Time"],"picked":"Singing Bowl","floor":33},{"not_picked":["Slice+1","Backflip"],"picked":"Acrobatics+1","floor":35},{"not_picked":["Prepared","Flying Knee+1","Slice"],"picked":"Singing Bowl","floor":37},{"not_picked":["Blade Dance","Acrobatics","Expertise+1"],"picked":"Singing Bowl","floor":38},{"not_picked":["Madness","Good Instincts","Enlightenment"],"picked":"Singing Bowl","floor":39},{"not_picked":["Cloak And Dagger","Predator+1"],"picked":"Finisher+1","floor":41},{"not_picked":["Dagger Throw","Heel Hook","Wraith Form v2"],"picked":"Singing Bowl","floor":46},{"not_picked":["Dagger Spray","Deadly Poison+1","Flying Knee+1"],"picked":"Singing Bowl","floor":48}],"player_experience":592023,"relics_obtained":[{"floor":6,"key":"Pen Nib"},{"floor":9,"key":"Regal Pillow"},{"floor":12,"key":"Mercury Hourglass"},{"floor":20,"key":"FossilizedHelix"},{"floor":20,"key":"Gremlin Horn"},{"floor":24,"key":"Matryoshka"},{"floor":26,"key":"Whetstone"},{"floor":28,"key":"Pocketwatch"},{"floor":37,"key":"Ice Cream"},{"floor":41,"key":"Smiling Mask"},{"floor":43,"key":"Boot"},{"floor":43,"key":"Paper Crane"},{"floor":48,"key":"Darkstone Periapt"},{"floor":49,"key":"War Paint"},{"floor":52,"key":"Bottled Tornado"}],"event_choices":[{"damage_healed":0,"gold_gain":0,"player_choice":"Grow","damage_taken":0,"max_hp_gain":0,"max_hp_loss":0,"event_name":"Living Wall","floor":2,"gold_loss":0,"cards_upgraded":["Neutralize"]},{"damage_healed":0,"gold_gain":75,"player_choice":"Gather Gold","damage_taken":11,"max_hp_gain":0,"max_hp_loss":0,"event_name":"World of Goop","floor":3,"gold_loss":0},{"damage_healed":0,"gold_gain":0,"player_choice":"Take Wound","damage_taken":0,"relics_obtained":["Golden Idol"],"max_hp_gain":0,"max_hp_loss":0,"event_name":"Golden Idol","floor":8,"gold_loss":0,"cards_obtained":["Injury"]},{"damage_healed":0,"gold_gain":0,"player_choice":"Upgraded","damage_taken":0,"max_hp_gain":0,"max_hp_loss":0,"event_name":"Upgrade Shrine","floor":14,"gold_loss":0,"cards_upgraded":["Footwork"]},{"damage_healed":0,"gold_gain":0,"player_choice":"Fight","damage_taken":0,"max_hp_gain":0,"max_hp_loss":0,"event_name":"Colosseum","floor":20,"gold_loss":0},{"damage_healed":0,"gold_gain":0,"player_choice":"Fought Nobs","damage_taken":0,"max_hp_gain":0,"max_hp_loss":0,"event_name":"Colosseum","floor":20,"gold_loss":0},{"damage_healed":0,"gold_gain":0,"player_choice":"Stole Relic","damage_taken":0,"relics_obtained":["Singing Bowl"],"max_hp_gain":0,"max_hp_loss":0,"event_name":"Addict","floor":22,"gold_loss":0,"cards_obtained":["Shame"]},{"damage_healed":0,"gold_gain":0,"player_choice":"Fight","damage_taken":0,"max_hp_gain":0,"max_hp_loss":0,"event_name":"Mysterious Sphere","floor":37,"gold_loss":0},{"damage_healed":0,"gold_gain":0,"player_choice":"Memory 1","damage_taken":0,"max_hp_gain":0,"max_hp_loss":0,"event_name":"SensoryStone","floor":39,"gold_loss":0},{"damage_healed":0,"gold_gain":0,"player_choice":"Upgrade","damage_taken":0,"relics_obtained":["Mark of the Bloom"],"max_hp_gain":0,"max_hp_loss":0,"event_name":"MindBloom","floor":44,"gold_loss":0,"cards_upgraded":["Defend_G","Defend_G","Defend_G","Defend_G","Defend_G","Strike_G","Strike_G","Strike_G","Survivor","PiercingWail","Quick Slash","Doppelganger","Dash","Malaise"]}],"is_beta":false,"boss_relics":[{"not_picked":["Tiny House","HoveringKite"],"picked":"Velvet Choker"},{"not_picked":["Calling Bell","Busted Crown"],"picked":"White Beast Statue"}],"items_purged_floors":[21,36,53],"is_endless":false,"potions_floor_spawned":[1,16,19,24,27,31,35,37,38,41,46,48],"killed_by":"Shield and Spear","ascension_level":1}