{"gold_per_floor":[117,117,136,136,154,188,211,245,245,245,268,268,288,311,311,436,436,450,465,484,59,84,84,115,115,142,142,241,255,10,23,23,125,125,145,159,8,23,41,41],"floor_reached":40,"playtime":1429,"items_purged":["Defend_R","Strike_R"],"score":433,"play_id":"e481e49b-ff53-418f-9e1b-7e213af7af09","local_time":"20180917093252","is_ascension_mode":true,"campfire_choices":[{"floor":10,"key":"REST"},{"floor":12,"key":"DIG"},{"data":"Perfected Strike","floor":15,"key":"SMITH"},{"floor":23,"key":"REST"},{"floor":27,"key":"REST"},{"data":"Perfected Strike","floor":32,"key":"SMITH"}],"neow_cost":"NONE","seed_source_timestamp":278278592027877,"circlet_count":0,"master_deck":["Strike_R","Strike_R","Strike_R","Strike_R","Defend_R","Defend_R+1","Bash","Flex","Shrug It Off+1","Perfected Strike+1","Thunderclap","Twin Strike","Demon Form","Perfected Strike+1","Pommel Strike","Offering","Flex","Twin Strike+1","Twin Strike+1"],"relics":["Burning Blood","NeowsBlessing","Bloody Idol","Prayer Wheel","Odd Mushroom","Shovel","Frozen Egg 2","War Paint","Runic Dome","Red Skull","ClockworkSouvenir","Dodecahedron","Potion Belt","MawBank","Black Star","Anchor"],"potions_floor_usage":[11,16,16,16,24,24,29,33,40],"damage_taken":[{"damage":0,"enemies":"Jaw Worm","floor":1,"turns":1},{"damage":0,"enemies":"Small Slimes","floor":3,"turns":1},{"damage":0,"enemies":"2 Louse","floor":5,"turns":1},{"damage":48,"enemies":"Lagavulin","floor":6,"turns":7},{"damage":1,"enemies":"Exordium Wildlife","floor":7,"turns":3},{"damage":14,"enemies":"The Mushroom Lair","floor":8,"turns":4},{"damage":3,"enemies":"2 Fungi Beasts","floor":11,"turns":3},{"damage":12,"enemies":"3 Louse","floor":13,"turns":3},{"damage":34,"enemies":"Slime Boss","floor":16,"turns":8},{"damage":10,"enemies":"Spheric Guardian","floor":18,"turns":3},{"damage":10,"enemies":"Shell Parasite","floor":19,"turns":3},{"damage":48,"enemies":"Centurion and Healer","floor":20,"turns":4},{"damage":21,"enemies":"Snake Plant","floor":22,"turns":2},{"damage":13,"enemies":"Gremlin Leader","floor":24,"turns":2},{"damage":6,"enemies":"Snecko","floor":29,"turns":2},{"damage":16,"enemies":"Shelled Parasite and Fungi","floor":31,"turns":2},{"damage":41,"enemies":"Collector","floor":33,"turns":8},{"damage":44,"enemies":"3 Shapes","floor":35,"turns":3},{"damage":15,"enemies":"Orb Walker","floor":36,"turns":2},{"damage":0,"enemies":"Reptomancer","floor":38,"turns":2},{"damage":19,"enemies":"Spire Growth","floor":39,"turns":3},{"damage":41,"enemies":"Nemesis","floor":40,"turns":2}],"seed_played":"7067751629311825355","potions_obtained":[{"floor":1,"key":"Ancient Potion"},{"floor":7,"key":"Poison Potion"},{"floor":8,"key":"EssenceOfSteel"},{"floor":13,"key":"Energy Potion"},{"floor":16,"key":"Block Potion"},{"floor":18,"key":"SkillPotion"},{"floor":19,"key":"FearPotion"},{"floor":24,"key":"AttackPotion"},{"floor":39,"key":"EssenceOfSteel"}],"is_trial":false,"path_per_floor":["M","?","M","?","M","E","M","?","T","R","M","R","M","T","R","B",null,"M","M","M","$","M","R","E","?","T","R","?","M","$","M","R","B",null,"M","M","$","M","M"],"character_chosen":"IRONCLAD","items_purchased":["Red Skull","ClockworkSouvenir","MawBank","Anchor"],"campfire_rested":3,"item_purchase_floors":[21,21,30,37],"current_hp_per_floor":[80,74,74,67,73,31,36,28,28,50,53,53,47,47,47,19,74,70,66,24,24,9,31,24,24,29,51,56,61,61,56,56,26,74,41,37,37,48,40,0],"gold":41,"neow_bonus":"THREE_ENEMY_KILL","is_prod":false,"is_daily":false,"chose_seed":false,"campfire_upgraded":2,"win_rate":0,"timestamp":1537191172,"path_taken":["M","?","M","?","M","E","M","?","T","R","M","R","?","?","R","BOSS","M","?","M","$","M","R","E","?","T","R","?","M","$","M","R","BOSS","M","M","$","M","M","E"],"build_version":"2018-09-06","purchased_purges":2,"victory":false,"max_hp_per_floor":[80,74,74,74,74,74,74,74,74,74,74,74,74,74,74,74,74,74,74,74,74,74,74,74,74,74,74,74,74,74,74,74,74,74,74,74,74,74,74,74],"card_choices":[{"not_picked":["Hemokinesis","Pommel Strike"],"picked":"Flex","floor":1},{"not_picked":["Clothesline","Wild Strike"],"picked":"Shrug It Off","floor":3},{"not_picked":["Feel No Pain","Clothesline"],"picked":"Perfected Strike","floor":5},{"not_picked":["Exhume","Heavy Blade","Corruption"],"picked":"SKIP","floor":6},{"not_picked":["Sword Boomerang","Headbutt"],"picked":"Thunderclap","floor":7},{"not_picked":["Wild Strike","Clash","Ghostly Armor"],"picked":"SKIP","floor":7},{"not_picked":["Anger","Wild Strike"],"picked":"Twin Strike","floor":8},{"not_picked":["Clash","Armaments"],"picked":"Demon Form","floor":11},{"not_picked":["True Grit","Anger","Havoc"],"picked":"SKIP","floor":11},{"not_picked":["Whirlwind","Feel No Pain+1"],"picked":"Perfected Strike","floor":13},{"not_picked":["Twin Strike","Headbutt"],"picked":"Pommel Strike","floor":13},{"not_picked":["Demon Form+1","Exhume"],"picked":"Offering","floor":16},{"not_picked":["Heavy Blade","Thunderclap"],"picked":"Flex","floor":18},{"not_picked":["Entrench+1","Flex","Warcry"],"picked":"SKIP","floor":18},{"not_picked":["Havoc","Dropkick","True Grit"],"picked":"SKIP","floor":19},{"not_picked":["Havoc+1","Armaments+1","True Grit+1"],"picked":"SKIP","floor":19},{"not_picked":["Seeing Red","True Grit"],"picked":"Twin Strike+1","floor":20},{"not_picked":["Rupture+1","Havoc+1"],"picked":"Twin Strike+1","floor":20},{"not_picked":["Corruption+1","Burning Pact","Power Through+1"],"picked":"SKIP","floor":22},{"not_picked":["Shockwave","Fire Breathing+1","Reckless Charge+1"],"picked":"SKIP","floor":22},{"not_picked":["Twin Strike","Clash","Warcry"],"picked":"SKIP","floor":24},{"not_picked":["Perfected Strike","Juggernaut+1","Uppercut"],"picked":"SKIP","floor":29},{"not_picked":["Cleave","Wild Strike","Sever Soul+1"],"picked":"SKIP","floor":29},{"not_picked":["Wild Strike","Headbutt+1","Intimidate+1"],"picked":"SKIP","floor":31},{"not_picked":["Brutality+1","Perfected Strike","Twin Strike"],"picked":"SKIP","floor":31},{"not_picked":["Twin Strike","Sever Soul+1","Searing Blow"],"picked":"SKIP","floor":35},{"not_picked":["Rupture+1","Flex","Wild Strike"],"picked":"SKIP","floor":35},{"not_picked":["Headbutt","Iron Wave+1","Heavy Blade"],"picked":"SKIP","floor":36},{"not_picked":["Power Through+1","Combust+1","Thunderclap+1"],"picked":"SKIP","floor":36},{"not_picked":["Shrug It Off+1","Blood for Blood","Headbutt"],"picked":"SKIP","floor":38},{"not_picked":["Bludgeon","Shockwave+1","Havoc"],"picked":"SKIP","floor":38},{"not_picked":["Combust+1","Intimidate+1","Twin Strike+1"],"picked":"SKIP","floor":39},{"not_picked":["Spot Weakness","Sword Boomerang+1","Armaments+1"],"picked":"SKIP","floor":39}],"player_experience":345537,"relics_obtained":[{"floor":6,"key":"Prayer Wheel"},{"floor":8,"key":"Odd Mushroom"},{"floor":9,"key":"Shovel"},{"floor":12,"key":"Frozen Egg 2"},{"floor":14,"key":"War Paint"},{"floor":24,"key":"Dodecahedron"},{"floor":26,"key":"Potion Belt"}],"event_choices":[{"event_name":"Golden Idol","player_choice":"Lose Max HP","floor":2,"damage_taken":0},{"event_name":"Golden Wing","player_choice":"Card Removal","floor":4,"damage_taken":0},{"event_name":"Mushrooms","player_choice":"Fought Mushrooms","floor":8,"damage_taken":0},{"event_name":"Forgotten Altar","player_choice":"Gave Idol","floor":25,"damage_taken":0},{"event_name":"Nest","player_choice":"Stole From Cult","floor":28,"damage_taken":0}],"is_beta":false,"boss_relics":[{"not_picked":["Empty Cage","Pandora\u0027s Box"],"picked":"Runic Dome"},{"not_picked":["Runic Pyramid","Coffee Dripper"],"picked":"Black Star"}],"items_purged_floors":[21,30],"is_endless":false,"potions_floor_spawned":[1,7,8,13,16,18,19,22,24,39],"killed_by":"Nemesis","ascension_level":1}