{"gold_per_floor":[124,136,118,141,153,200,212,238,323,335,368,423,435,447,459,471],"floor_reached":16,"playtime":486,"items_purged":[],"score":127,"play_id":"2fab58dd-c680-4f55-9841-b457c22af051","local_time":"20190325114552","is_ascension_mode":true,"campfire_choices":[{"floor":7,"key":"REST"},{"data":"Conserve Battery","floor":10,"key":"SMITH"},{"floor":15,"key":"REST"}],"neow_cost":"NONE","seed_source_timestamp":7909081212822490,"circlet_count":0,"master_deck":["Strike_B","Strike_B","Strike_B","Strike_B","Defend_B","Defend_B","Defend_B","Defend_B","Zap","Dualcast","Conserve Battery+1","Sweeping Beam","Loop"],"relics":["Cracked Core","MawBank","Bag of Preparation","Golden Idol","The Courier","Cables","Pen Nib"],"potions_floor_usage":[4,6,11,14,16,16,16,16],"damage_taken":[{"damage":3,"enemies":"Jaw Worm","floor":1,"turns":4},{"damage":6,"enemies":"Small Slimes","floor":4,"turns":3},{"damage":32,"enemies":"3 Sentries","floor":6,"turns":8},{"damage":0,"enemies":"Cultist","floor":8,"turns":3},{"damage":0,"enemies":"3 Louse","floor":11,"turns":1},{"damage":27,"enemies":"Lagavulin","floor":12,"turns":6},{"damage":0,"enemies":"Exordium Wildlife","floor":14,"turns":1},{"damage":29,"enemies":"Hexaghost","floor":16,"turns":10}],"seed_played":"-158872298376909451","potions_obtained":[{"floor":1,"key":"Strength Potion"},{"floor":3,"key":"EntropicBrew"},{"floor":3,"key":"SmokeBomb"},{"floor":4,"key":"EssenceOfSteel"},{"floor":8,"key":"AttackPotion"}],"is_trial":false,"path_per_floor":["M","?","?","M","?","E","R","M","T","R","M","E","$","M","R","B"],"character_chosen":"DEFECT","items_purchased":[],"campfire_rested":2,"item_purchase_floors":[],"current_hp_per_floor":[72,47,47,41,41,9,29,29,29,29,29,2,2,2,22,0],"gold":471,"neow_bonus":"RANDOM_COMMON_RELIC","is_prod":false,"is_daily":false,"chose_seed":false,"campfire_upgraded":1,"win_rate":0,"timestamp":1553528752,"path_taken":["M","?","?","?","?","E","R","M","T","R","M","E","?","M","R","BOSS"],"build_version":"2019-01-23","purchased_purges":0,"victory":false,"max_hp_per_floor":[75,75,75,75,69,69,69,69,69,69,69,69,69,69,69,69],"card_choices":[{"not_picked":["Chaos","Barrage"],"picked":"Conserve Battery","floor":1},{"not_picked":["Rip and Tear","Stack","Go for the Eyes"],"picked":"SKIP","floor":4},{"not_picked":["Streamline","Sunder","Rebound"],"picked":"SKIP","floor":6},{"not_picked":["Rebound","Redo","Steam Power"],"picked":"SKIP","floor":8},{"not_picked":["FTL","Hello World"],"picked":"Sweeping Beam","floor":11},{"not_picked":["Hello World","Compile Driver"],"picked":"Loop","floor":12}],"player_experience":493654,"relics_obtained":[{"floor":6,"key":"The Courier"},{"floor":9,"key":"Cables"},{"floor":12,"key":"Pen Nib"}],"event_choices":[{"damage_healed":0,"gold_gain":0,"player_choice":"Success","damage_taken":25,"relics_obtained":["Bag of Preparation"],"max_hp_gain":0,"max_hp_loss":0,"event_name":"Scrap Ooze","floor":2,"gold_loss":0},{"damage_healed":0,"gold_gain":0,"player_choice":"Bought 2 Potions","damage_taken":0,"max_hp_gain":0,"max_hp_loss":0,"event_name":"The Woman in Blue","floor":3,"gold_loss":0},{"damage_healed":0,"gold_gain":0,"player_choice":"Lose Max HP","damage_taken":0,"relics_obtained":["Golden Idol"],"max_hp_gain":0,"max_hp_loss":6,"event_name":"Golden Idol","floor":5,"gold_loss":0}],"is_beta":false,"boss_relics":[],"items_purged_floors":[],"is_endless":false,"potions_floor_spawned":[1,4,8],"killed_by":"Hexaghost","ascension_level":3}