{"gold_per_floor":[116,134,154,43,54,88,88,98,173,187,187,187,187,48,48,152,152,168,185,214,214,50,50,50,50,50,60,60,79,79,91,91,91],"floor_reached":33,"playtime":942,"items_purged":["Defend_R","Strike_R","Strike_R"],"score":247,"play_id":"01f11421-e98f-4384-b1b3-ae40963a906f","local_time":"20180728212414","is_ascension_mode":false,"campfire_choices":[{"data":"Rampage","floor":7,"key":"SMITH"},{"data":"Flex","floor":11,"key":"SMITH"},{"floor":15,"key":"REST"},{"data":"Bludgeon","floor":23,"key":"SMITH"},{"data":"Shrug It Off","floor":25,"key":"SMITH"},{"data":"Bash","floor":28,"key":"SMITH"},{"data":"Headbutt","floor":30,"key":"SMITH"},{"floor":32,"key":"REST"}],"neow_cost":"NONE","seed_source_timestamp":1516347933646368,"circlet_count":0,"master_deck":["Strike_R","Strike_R","Strike_R+1","Defend_R","Defend_R","Bash+1","Sword Boomerang+1","Flex+1","Rampage+1","Headbutt+1","Shrug It Off+1","Offering","Bludgeon+1","Flex+1"],"relics":["Burning Blood","Strawberry","Dream Catcher","The Courier","Velvet Choker","Red Mask","Bottled Flame"],"potions_floor_usage":[6,16,29,31,33],"damage_taken":[{"damage":18,"enemies":"Jaw Worm","floor":1,"turns":3},{"damage":12,"enemies":"Small Slimes","floor":2,"turns":4},{"damage":0,"enemies":"2 Louse","floor":3,"turns":2},{"damage":15,"enemies":"Exordium Thugs","floor":5,"turns":4},{"damage":32,"enemies":"Gremlin Nob","floor":6,"turns":4},{"damage":10,"enemies":"Exordium Wildlife","floor":8,"turns":3},{"damage":12,"enemies":"Blue Slaver","floor":10,"turns":2},{"damage":39,"enemies":"Hexaghost","floor":16,"turns":7},{"damage":7,"enemies":"Chosen","floor":18,"turns":3},{"damage":22,"enemies":"Shell Parasite","floor":19,"turns":3},{"damage":10,"floor":20,"turns":3},{"damage":4,"enemies":"Snake Plant","floor":27,"turns":2},{"damage":26,"enemies":"3 Cultists","floor":29,"turns":4},{"damage":15,"enemies":"Sentry and Sphere","floor":31,"turns":3},{"damage":94,"enemies":"Collector","floor":33,"turns":6}],"seed_played":"4414140905629099477","potions_obtained":[{"floor":5,"key":"Regen Potion"},{"floor":8,"key":"Strength Potion"},{"floor":10,"key":"Poison Potion"},{"floor":18,"key":"Swift Potion"},{"floor":20,"key":"BloodPotion"},{"floor":31,"key":"SteroidPotion"}],"is_trial":false,"path_per_floor":["M","M","M","$","M","E","R","M","T","M","R","?","?","$","R","B",null,"M","M","?","?","$","R","?","R","T","M","R","M","R","M","R"],"character_chosen":"IRONCLAD","items_purchased":["Rampage","Shrug It Off","AttackPotion","Bludgeon"],"campfire_rested":2,"item_purchase_floors":[4,14,14,22],"current_hp_per_floor":[75,69,75,75,66,49,49,45,45,39,39,22,22,22,48,15,87,86,70,66,66,66,66,66,66,66,68,68,56,56,47,73,0],"gold":91,"neow_bonus":"RANDOM_COMMON_RELIC","is_prod":false,"is_daily":false,"chose_seed":false,"campfire_upgraded":6,"win_rate":0,"timestamp":1532827454,"path_taken":["M","M","M","$","M","E","R","M","T","M","R","?","?","$","R","BOSS","M","M","?","?","$","R","?","R","T","M","R","M","R","M","R","BOSS"],"build_version":"2018-07-26","purchased_purges":3,"victory":false,"max_hp_per_floor":[87,87,87,87,87,87,87,87,87,87,87,87,87,87,87,87,87,87,87,87,87,87,87,87,87,87,87,87,87,87,87,87,87],"card_choices":[{"not_picked":["True Grit","Heavy Blade"],"picked":"Sword Boomerang","floor":1},{"not_picked":["True Grit","Headbutt"],"picked":"Flex","floor":2},{"not_picked":["Pommel Strike","Wild Strike","Brutality"],"picked":"SKIP","floor":3},{"not_picked":["Combust","Bloodletting","Headbutt"],"picked":"SKIP","floor":5},{"not_picked":["Body Slam","Flame Barrier"],"picked":"Headbutt","floor":6},{"not_picked":["Shrug It Off","Dual Wield","True Grit"],"picked":"SKIP","floor":8},{"not_picked":["Whirlwind","Second Wind","Infernal Blade"],"picked":"SKIP","floor":10},{"not_picked":["Cleave","Ghostly Armor"],"picked":"Offering","floor":15},{"not_picked":["Iron Wave","Clash","Armaments"],"picked":"SKIP","floor":18},{"not_picked":["Headbutt","Clash+1","Seeing Red"],"picked":"SKIP","floor":19},{"not_picked":["Pummel","True Grit","Heavy Blade"],"picked":"SKIP","floor":27},{"not_picked":["Corruption+1","Metallicize"],"picked":"Flex+1","floor":29},{"not_picked":["Headbutt+1","Cleave","Combust+1"],"picked":"SKIP","floor":31}],"player_experience":283669,"relics_obtained":[{"floor":6,"key":"Dream Catcher"},{"floor":9,"key":"The Courier"},{"floor":20,"key":"Red Mask"},{"floor":26,"key":"Bottled Flame"}],"event_choices":[{"event_name":"Shining Light","player_choice":"Entered Light","floor":12,"damage_taken":0},{"event_name":"Living Wall","player_choice":"Forget","floor":13,"damage_taken":0},{"event_name":"Masked Bandits","player_choice":"Fought over 185 gold","floor":20,"damage_taken":0},{"event_name":"Vampires","player_choice":"Ignored","floor":21,"damage_taken":0},{"event_name":"Transmorgrifier","player_choice":"Skipped","floor":24,"damage_taken":0}],"is_beta":false,"boss_relics":[{"not_picked":["Coffee Dripper","Orrery"],"picked":"Velvet Choker"}],"items_purged_floors":[4,14,22],"is_endless":false,"potions_floor_spawned":[5,8,10,18,20,31],"killed_by":"Collector","ascension_level":0}