{"gold_per_floor":[119,294,304,22,22,22,22,22,22,22,41,113,131,161,173,288,300,328,340,352,218,218,218,248,261,340,340,150,163,176,191,191,292,292,309,309,309,322,334,347,347,198,198,218,218,233,233,251,251,251],"floor_reached":51,"playtime":1447,"items_purged":["Bash"],"score":691,"play_id":"67817034-f496-420e-962d-224a9ba9fced","local_time":"20180801082017","is_ascension_mode":false,"campfire_choices":[{"floor":6.0,"key":"REST"},{"data":"Flex","floor":8.0,"key":"SMITH"},{"data":"Carnage","floor":10.0,"key":"SMITH"},{"data":"Inflame","floor":15.0,"key":"SMITH"},{"data":"Carnage","floor":23.0,"key":"SMITH"},{"data":"Thunderclap","floor":27.0,"key":"SMITH"},{"data":"Bludgeon","floor":32.0,"key":"SMITH"},{"data":"Finesse","floor":45.0,"key":"SMITH"},{"data":"Defend_R","floor":47.0,"key":"SMITH"},{"data":"Bite","floor":49,"key":"SMITH"}],"neow_cost":"TEN_PERCENT_HP_LOSS","seed_source_timestamp":0,"circlet_count":0,"master_deck":["Defend_R+1","Defend_R+1","Pommel Strike+1","Carnage+1","Flex+1","Thunderclap+1","Carnage+1","Inflame+1","Bite+1","Bite","Bite","Bite","Bite","Bludgeon+1","Finesse+1"],"special_seed":0,"relics":["Burning Blood","ClockworkSouvenir","Spirit Poop","Singing Bowl","MawBank","Coffee Dripper","Oddly Smooth Stone","Omamori","Red Skull","Juzu Bracelet","Smiling Mask","Runic Dome","Pen Nib","Self Forming Clay"],"potions_floor_usage":[50,50,50],"damage_taken":[{"damage":11.0,"enemies":"Jaw Worm","floor":1.0,"turns":2.0},{"damage":13.0,"enemies":"2 Louse","floor":3.0,"turns":2.0},{"damage":0.0,"enemies":"Cultist","floor":11.0,"turns":2.0},{"damage":10.0,"enemies":"Looter","floor":13.0,"turns":2.0},{"damage":8.0,"enemies":"3 Sentries","floor":14.0,"turns":3.0},{"damage":14.0,"enemies":"Slime Boss","floor":16.0,"turns":6.0},{"damage":10.0,"enemies":"Chosen","floor":18.0,"turns":2.0},{"damage":31.0,"enemies":"Slavers","floor":24.0,"turns":3.0},{"damage":12.0,"enemies":"Shell Parasite","floor":25.0,"turns":2.0},{"damage":6.0,"enemies":"3 Cultists","floor":29.0,"turns":3.0},{"damage":15.0,"enemies":"Snecko","floor":30.0,"turns":3.0},{"damage":10.0,"enemies":"Cultist and Chosen","floor":31.0,"turns":3.0},{"damage":47.0,"enemies":"Champ","floor":33.0,"turns":5.0},{"damage":24.0,"enemies":"3 Darklings","floor":35.0,"turns":3.0},{"damage":19.0,"enemies":"3 Shapes","floor":38.0,"turns":4.0},{"damage":0.0,"enemies":"Transient","floor":39.0,"turns":5.0},{"damage":5.0,"enemies":"Maw","floor":40.0,"turns":4.0},{"damage":20.0,"enemies":"3 Darklings","floor":44.0,"turns":2.0},{"damage":0.0,"enemies":"Transient","floor":46.0,"turns":5.0},{"damage":23.0,"enemies":"4 Shapes","floor":48.0,"turns":3.0},{"damage":101,"enemies":"Time Eater","floor":50,"turns":10}],"seed_played":"-8534106106206517325","potions_obtained":[{"floor":11.0,"key":"Explosive Potion"},{"floor":13.0,"key":"Swift Potion"},{"floor":18.0,"key":"GamblersBrew"},{"floor":29.0,"key":"SteroidPotion"},{"floor":33.0,"key":"GamblersBrew"},{"floor":38.0,"key":"Dexterity Potion"},{"floor":40.0,"key":"SkillPotion"},{"floor":46.0,"key":"Regen Potion"}],"is_trial":false,"path_per_floor":["M","?","M","$","?","R","?","R","T","R","M","?","M","E","R","B",null,"M","?","?","$","?","R","E","M","T","R","$","M","M","M","R","B",null,"M","?","?","M","M","M","?","$","T","M","R","M","R","M","R","B"],"character_chosen":"IRONCLAD","items_purchased":["Flex","Thunderclap","ClockworkSouvenir","Omamori","Bludgeon","Pen Nib"],"campfire_rested":1,"item_purchase_floors":[4,4,4,21,28,42],"current_hp_per_floor":[67,67,60,60,46,67,67,67,67,67,72,72,68,68,68,62,76,74,74,54,54,54,54,37,39,39,39,39,45,40,48,48,13,66,52,68,68,59,72,74,74,74,74,64,64,78,78,65,65,10],"gold":251,"neow_bonus":"REMOVE_TWO","is_prod":false,"is_daily":false,"chose_seed":false,"campfire_upgraded":9,"win_rate":0,"timestamp":1533126017,"path_taken":["M","?","M","$","?","R","?","R","T","R","?","?","M","E","R","BOSS","M","?","?","$","?","R","E","M","T","R","?","M","M","M","R","BOSS","M","?","?","M","M","M","?","$","T","M","R","M","R","M","R","BOSS"],"build_version":"2018-07-26","purchased_purges":1,"victory":true,"max_hp_per_floor":[72,72,72,72,72,72,72,72,72,72,72,72,72,74,74,76,76,78,78,54,54,54,54,56,58,58,58,58,60,62,64,64,66,66,68,68,68,70,72,74,74,74,74,76,76,78,78,80,80,80],"card_choices":[{"not_picked":["Clothesline","Twin Strike"],"picked":"Pommel Strike","floor":1.0},{"not_picked":["Evolve","Dropkick"],"picked":"Carnage","floor":3.0},{"not_picked":["Thunderclap","Sword Boomerang"],"picked":"Carnage","floor":11.0},{"not_picked":["Intimidate","Wild Strike"],"picked":"Inflame","floor":13.0},{"not_picked":["Dark Embrace","Cleave","Hemokinesis"],"picked":"Singing Bowl","floor":14.0},{"not_picked":["Demon Form","Fiend Fire","Juggernaut"],"picked":"Singing Bowl","floor":16.0},{"not_picked":["Sword Boomerang","Pommel Strike","True Grit"],"picked":"Singing Bowl","floor":18.0},{"not_picked":["Sentinel+1","Shockwave","Havoc"],"picked":"Singing Bowl","floor":24.0},{"not_picked":["Spot Weakness","Sever Soul+1","Intimidate"],"picked":"Singing Bowl","floor":25.0},{"not_picked":["Metallicize","Carnage","Sword Boomerang"],"picked":"Singing Bowl","floor":29.0},{"not_picked":["Fire Breathing","Havoc","Battle Trance"],"picked":"Singing Bowl","floor":30.0},{"not_picked":["Warcry","Intimidate","Ghostly Armor+1"],"picked":"Singing Bowl","floor":31.0},{"not_picked":["Immolate","Fiend Fire","Exhume"],"picked":"Singing Bowl","floor":33.0},{"not_picked":["Armaments","Perfected Strike","Clash"],"picked":"Singing Bowl","floor":35.0},{"not_picked":["Dropkick","Perfected Strike+1","Havoc+1"],"picked":"Singing Bowl","floor":38.0},{"not_picked":["Body Slam+1","Inflame","Cleave"],"picked":"Singing Bowl","floor":39.0},{"not_picked":["Dropkick","Iron Wave","Limit Break"],"picked":"Singing Bowl","floor":40.0},{"not_picked":["Bandage Up","Dark Shackles"],"picked":"Finesse","floor":41.0},{"not_picked":["Anger+1","Uppercut","Clothesline"],"picked":"Singing Bowl","floor":44.0},{"not_picked":["Bloodletting+1","Twin Strike","Intimidate"],"picked":"Singing Bowl","floor":46.0},{"not_picked":["Bloodletting","Shockwave+1","Feel No Pain"],"picked":"Singing Bowl","floor":48.0}],"player_experience":293779,"relics_obtained":[{"floor":9.0,"key":"Singing Bowl"},{"floor":14.0,"key":"MawBank"},{"floor":24.0,"key":"Juzu Bracelet"},{"floor":26.0,"key":"Smiling Mask"},{"floor":43.0,"key":"Self Forming Clay"}],"event_choices":[{"event_name":"Liars Game","player_choice":"agreed","floor":2.0,"damage_taken":0.0},{"event_name":"Shining Light","player_choice":"Entered Light","floor":5.0,"damage_taken":0.0},{"event_name":"Bonfire Elementals","player_choice":"CURSE","floor":7.0,"damage_taken":0.0},{"event_name":"Golden Wing","player_choice":"Gained Gold","floor":12.0,"damage_taken":0.0},{"event_name":"The Mausoleum","player_choice":"Yes","floor":19.0,"damage_taken":0.0},{"event_name":"Vampires","player_choice":"Became a vampire","floor":20.0,"damage_taken":0.0},{"event_name":"WeMeetAgain","player_choice":"Potion","floor":22.0,"damage_taken":0.0},{"event_name":"Winding Halls","player_choice":"Writhe","floor":36.0,"damage_taken":0.0},{"event_name":"Tomb of Lord Red Mask","player_choice":"Ignored","floor":37.0,"damage_taken":0.0},{"event_name":"SensoryStone","player_choice":"Memory 1","floor":41.0,"damage_taken":0.0}],"is_beta":false,"boss_relics":[{"not_picked":["Ectoplasm","Empty Cage"],"picked":"Coffee Dripper"},{"not_picked":["Astrolabe","Eternal Feather"],"picked":"Runic Dome"}],"items_purged_floors":[28],"is_endless":false,"potions_floor_spawned":[11,13,18,29,33,38,40,46,48],"ascension_level":0}