{"gold_per_floor":[115,131,150,167,183,183,211,211,211,211,243,262,262,262,262,359,359,369,369,369,369,214,214,244,244,291,308,308,319,319,332,332,430,430,440,163,176,189,189,215,215,244,244,244,254,35,49,60,60,60],"floor_reached":51,"playtime":6000,"items_purged":["Strike_G","Strike_G"],"score":815,"play_id":"921ae9c7-1e4e-480f-a443-29b74a2e9477","local_time":"20190324144913","is_ascension_mode":true,"campfire_choices":[{"data":"Envenom","floor":6,"key":"SMITH"},{"data":"Neutralize","floor":8,"key":"SMITH"},{"data":"Cloak And Dagger","floor":13,"key":"SMITH"},{"data":"Backflip","floor":15,"key":"SMITH"},{"floor":23,"key":"REST"},{"floor":30,"key":"REST"},{"floor":32,"key":"REST"},{"data":"Catalyst","floor":41,"key":"SMITH"},{"floor":44,"key":"REST"},{"floor":49,"key":"REST"}],"neow_cost":"NONE","seed_source_timestamp":7351243686600,"circlet_count":0,"master_deck":["Defend_G","Defend_G","Defend_G","Defend_G","Defend_G","Strike_G","Strike_G","Survivor","Neutralize+1","Backflip+1","Cloak And Dagger+1","Envenom+1","Terror","Backstab","Burst","Accuracy","Backstab","Footwork","Footwork","Cloak And Dagger","Catalyst+1","Malaise","Footwork+1","Backflip","Blur+1","Noxious Fumes+1","Footwork+1","Cloak And Dagger+1","Backflip+1","Adrenaline+1","Accuracy+1","Backstab+1","Footwork+1","Dagger Spray"],"relics":["Ring of the Snake","Dream Catcher","Bottled Lightning","Paper Crane","Bottled Tornado","Sozu","Nilry\u0027s Codex","Calipers","Vajra","WristBlade","Regal Pillow","Frozen Egg 2","Toxic Egg 2","Ornamental Fan","Snake Skull"],"potions_floor_usage":[7,42,50],"damage_taken":[{"damage":2,"enemies":"2 Louse","floor":1,"turns":3},{"damage":1,"enemies":"Cultist","floor":2,"turns":5},{"damage":0,"enemies":"Small Slimes","floor":3,"turns":4},{"damage":10,"enemies":"Blue Slaver","floor":4,"turns":6},{"damage":12,"enemies":"3 Louse","floor":5,"turns":5},{"damage":9,"enemies":"Lagavulin","floor":7,"turns":7},{"damage":4,"enemies":"Gremlin Nob","floor":11,"turns":3},{"damage":0,"enemies":"2 Fungi Beasts","floor":12,"turns":4},{"damage":6,"enemies":"Hexaghost","floor":16,"turns":9},{"damage":11,"enemies":"Shell Parasite","floor":18,"turns":7},{"damage":9,"enemies":"Colosseum Slavers","floor":20,"turns":4},{"damage":24,"enemies":"Slavers","floor":24,"turns":6},{"damage":10,"enemies":"3 Byrds","floor":27,"turns":4},{"damage":0,"enemies":"Snake Plant","floor":29,"turns":4},{"damage":13,"enemies":"Cultist and Chosen","floor":31,"turns":10},{"damage":6,"enemies":"Automaton","floor":33,"turns":12},{"damage":6,"enemies":"Orb Walker","floor":35,"turns":3},{"damage":0,"enemies":"3 Shapes","floor":37,"turns":4},{"damage":0,"enemies":"Transient","floor":38,"turns":5},{"damage":9,"enemies":"Giant Head","floor":40,"turns":10},{"damage":55,"enemies":"Reptomancer","floor":42,"turns":8},{"damage":18,"enemies":"3 Darklings","floor":45,"turns":6},{"damage":0,"enemies":"Maw","floor":47,"turns":5},{"damage":5,"enemies":"4 Shapes","floor":48,"turns":3},{"damage":10,"enemies":"Awakened One","floor":50,"turns":20}],"seed_played":"-7529658156214487774","potions_obtained":[{"floor":2,"key":"Poison Potion"},{"floor":3,"key":"Fire Potion"},{"floor":11,"key":"Swift Potion"},{"floor":12,"key":"PowerPotion"},{"floor":16,"key":"Weak Potion"}],"is_trial":false,"path_per_floor":["?","M","?","?","?","?","$","?","M","?"],"character_chosen":"THE_SILENT","items_purchased":["Accuracy","Regal Pillow","Backflip","Snake Skull","Accuracy+1"],"campfire_rested":5,"item_purchase_floors":[22,36,36,46,46],"current_hp_per_floor":[75,74,74,64,52,52,43,43,43,43,39,39,39,39,39,33,77,66,52,43,27,27,51,27,27,27,17,17,17,41,28,52,46,82,76,76,76,76,76,67,67,12,12,50,32,32,32,27,65,55],"gold":60,"neow_bonus":"TEN_PERCENT_HP_BONUS","is_prod":false,"is_daily":false,"chose_seed":false,"campfire_upgraded":5,"win_rate":0,"timestamp":1553453353,"path_taken":["M","M","M","M","M","R","E","R","T","?","E","?","R","?","R","BOSS","M","?","?","?","?","R","E","$","T","M","?","M","R","?","R","BOSS","M","$","M","M","?","E","R","E","T","R","M","$","M","M","R","BOSS"],"build_version":"2019-01-23","purchased_purges":2,"victory":true,"max_hp_per_floor":[77,77,77,77,77,77,77,77,77,77,77,77,77,77,77,77,77,77,82,82,82,82,82,82,82,82,82,82,82,82,82,82,82,82,82,82,82,82,78,78,78,78,78,78,78,78,78,78,78,78],"card_choices":[{"not_picked":["Blade Dance","Concentrate"],"picked":"Backflip","floor":1},{"not_picked":["Bane","Reflex"],"picked":"Cloak And Dagger","floor":2},{"not_picked":["Concentrate","Outmaneuver"],"picked":"Envenom","floor":3},{"not_picked":["Poisoned Stab","Quick Slash","Outmaneuver"],"picked":"SKIP","floor":4},{"not_picked":["Blur","Prepared"],"picked":"Terror","floor":5},{"not_picked":["Prepared","Eviscerate"],"picked":"Backstab","floor":7},{"not_picked":["Dodge and Roll","Concentrate","All Out Attack"],"picked":"SKIP","floor":11},{"not_picked":["Sucker Punch","Calculated Gamble","Finisher"],"picked":"SKIP","floor":12},{"not_picked":["Bullet Time","Grand Finale"],"picked":"Burst","floor":16},{"not_picked":["Prepared","Quick Slash","Dagger Spray"],"picked":"SKIP","floor":18},{"not_picked":["Tactician","Blade Dance"],"picked":"Backstab","floor":23},{"not_picked":["All Out Attack","Backflip"],"picked":"Footwork","floor":24},{"not_picked":["Eviscerate","Caltrops"],"picked":"Footwork","floor":27},{"not_picked":["Flying Knee","Quick Slash","Prepared"],"picked":"SKIP","floor":29},{"not_picked":["Deadly Poison","Predator+1"],"picked":"Cloak And Dagger","floor":30},{"not_picked":["Finisher+1","Expertise"],"picked":"Catalyst","floor":31},{"not_picked":["Glass Knife","Phantasmal Killer"],"picked":"Malaise","floor":33},{"not_picked":["Poisoned Stab","Expertise"],"picked":"Footwork+1","floor":35},{"not_picked":["Quick Slash","Distraction+1"],"picked":"Blur+1","floor":37},{"not_picked":["Masterful Stab","Choke+1"],"picked":"Noxious Fumes+1","floor":38},{"not_picked":["Leg Sweep+1","Deadly Poison+1"],"picked":"Footwork","floor":40},{"not_picked":["Underhanded Strike","Skewer+1"],"picked":"Cloak And Dagger+1","floor":42},{"not_picked":["Dagger Throw","Poisoned Stab+1"],"picked":"Backflip+1","floor":44},{"not_picked":["Leg Sweep+1","Deflect+1"],"picked":"Adrenaline+1","floor":45},{"not_picked":["Endless Agony","Slice"],"picked":"Backstab+1","floor":47},{"not_picked":["Cloak And Dagger+1","Prepared+1"],"picked":"Footwork+1","floor":48},{"not_picked":["Dagger Throw+1","Sucker Punch+1"],"picked":"Dagger Spray","floor":49}],"player_experience":245274,"relics_obtained":[{"floor":7,"key":"Dream Catcher"},{"floor":9,"key":"Bottled Lightning"},{"floor":11,"key":"Bottled Tornado"},{"floor":21,"key":"Nilry\u0027s Codex"},{"floor":24,"key":"Calipers"},{"floor":26,"key":"Vajra"},{"floor":40,"key":"Frozen Egg 2"},{"floor":42,"key":"Toxic Egg 2"},{"floor":43,"key":"Ornamental Fan"}],"event_choices":[{"damage_healed":0,"gold_gain":0,"player_choice":"Gave Potion","damage_taken":0,"relics_obtained":["Paper Crane"],"max_hp_gain":0,"max_hp_loss":0,"event_name":"WeMeetAgain","floor":10,"gold_loss":0},{"damage_healed":0,"gold_gain":0,"player_choice":"Ignored","damage_taken":0,"max_hp_gain":0,"max_hp_loss":0,"event_name":"Liars Game","floor":14,"gold_loss":0},{"damage_healed":0,"gold_gain":0,"player_choice":"Shed Blood","damage_taken":19,"max_hp_gain":5,"max_hp_loss":0,"event_name":"Forgotten Altar","floor":19,"gold_loss":0},{"damage_healed":0,"gold_gain":0,"player_choice":"Fight","damage_taken":0,"max_hp_gain":0,"max_hp_loss":0,"event_name":"Colosseum","floor":20,"gold_loss":0},{"damage_healed":0,"gold_gain":0,"player_choice":"Fled From Nobs","damage_taken":0,"max_hp_gain":0,"max_hp_loss":0,"event_name":"Colosseum","floor":20,"gold_loss":0},{"damage_healed":0,"gold_gain":0,"player_choice":"Obtained Book","damage_taken":16,"max_hp_gain":0,"max_hp_loss":0,"event_name":"Cursed Tome","floor":21,"gold_loss":0},{"cards_removed":["Strike_G"],"damage_healed":0,"gold_gain":0,"player_choice":"Purged","damage_taken":0,"max_hp_gain":0,"max_hp_loss":0,"event_name":"Purifier","floor":28,"gold_loss":0},{"damage_healed":0,"gold_gain":0,"player_choice":"Max HP","damage_taken":0,"max_hp_gain":0,"max_hp_loss":4,"event_name":"Winding Halls","floor":39,"gold_loss":0}],"is_beta":false,"boss_relics":[{"not_picked":["Ring of the Serpent","Pandora\u0027s Box"],"picked":"Sozu"},{"not_picked":["Calling Bell","Orrery"],"picked":"WristBlade"}],"items_purged_floors":[22,36],"is_endless":false,"potions_floor_spawned":[2,3,11,12,16,20,24,31,33,38,40,42,48],"ascension_level":3}