{"gold_per_floor":[142,142,30,30,46,73,87,87,113,142,142,142,157,173,173,272,272,288,288,288,213,226,226,241,241,265,38,64,76,87,102,102,198,198,217,229,229,247,247,262,262],"floor_reached":41,"playtime":2878,"items_purged":["Defend_B","Static Discharge"],"score":575,"play_id":"6253c402-bad3-475e-b509-5d7c6d0c51b4","local_time":"20180709112828","is_ascension_mode":false,"campfire_choices":[{"floor":11,"key":"REST"},{"data":"Fusion","floor":15,"key":"SMITH"},{"data":"Seek","floor":23,"key":"SMITH"},{"data":"Coolheaded","floor":25,"key":"SMITH"},{"data":"Loop","floor":32,"key":"SMITH"}],"neow_cost":"NONE","seed_source_timestamp":1587335886365079,"circlet_count":0,"master_deck":["Zap","Dualcast","Fusion+1","Compile Driver","Capacitor","Self Repair+1","Cold Snap+1","Ball Lightning+1","Compile Driver","Seek+1","Coolheaded","Heatsinks","Coolheaded+1","Loop+1","Streamline+1","Compile Driver+1","Go for the Eyes","Skim"],"relics":["Tiny House","Orichalcum","Happy Flower","Pen Nib","Torii","Pandora\u0027s Box","Whetstone","Tiny Chest","Gambling Chip","Sozu","Girya"],"potions_floor_usage":[6,13,14,16,22,33],"damage_taken":[{"damage":10,"enemies":"Jaw Worm","floor":1,"turns":5},{"damage":10,"enemies":"Cultist","floor":5,"turns":5},{"damage":42,"enemies":"3 Sentries","floor":6,"turns":10},{"damage":4,"enemies":"2 Louse","floor":7,"turns":4},{"damage":22,"enemies":"Gremlin Nob","floor":10,"turns":4},{"damage":10,"enemies":"Blue Slaver","floor":13,"turns":3},{"damage":0,"enemies":"2 Fungi Beasts","floor":14,"turns":2},{"damage":7,"enemies":"Slime Boss","floor":16,"turns":7},{"damage":30,"enemies":"3 Byrds","floor":18,"turns":4},{"damage":8,"enemies":"Chosen","floor":22,"turns":5},{"damage":7,"enemies":"Centurion and Healer","floor":24,"turns":5},{"damage":23,"enemies":"Book of Stabbing","floor":28,"turns":5},{"damage":21,"enemies":"Snake Plant","floor":29,"turns":4},{"damage":3,"enemies":"Chosen and Byrds","floor":30,"turns":6},{"damage":8,"enemies":"Snecko","floor":31,"turns":5},{"damage":20,"enemies":"Champ","floor":33,"turns":8},{"damage":35,"enemies":"3 Shapes","floor":35,"turns":5},{"damage":22,"enemies":"3 Darklings","floor":36,"turns":4},{"damage":6,"enemies":"Maw","floor":38,"turns":5},{"damage":6,"floor":39,"turns":6},{"damage":50,"enemies":"Sphere and 2 Shapes","floor":40,"turns":5},{"damage":11,"enemies":"4 Shapes","floor":41,"turns":2}],"seed_played":"3167367312104508549","potions_obtained":[{"floor":0,"key":"Regen Potion"},{"floor":1,"key":"Energy Potion"},{"floor":7,"key":"FocusPotion"},{"floor":10,"key":"SpeedPotion"},{"floor":13,"key":"SkillPotion"},{"floor":24,"key":"GamblersBrew"},{"floor":30,"key":"Block Potion"},{"floor":33,"key":"Dexterity Potion"}],"is_trial":false,"path_per_floor":["M","?","$","?","M","E","M","?","T","E","R","?","M","M","R","B",null,"M","?","$","?","M","R","M","R","T","$","E","M","M","M","R","B",null,"M","M","?","M","?","M"],"character_chosen":"DEFECT","items_purchased":["Self Repair","Tiny Chest"],"campfire_rested":1,"item_purchase_floors":[3,27],"current_hp_per_floor":[70,70,70,70,67,47,50,34,34,19,43,43,43,53,53,56,80,60,60,60,60,62,62,65,65,65,65,52,41,48,50,50,40,80,55,43,43,47,51,11,0],"gold":262,"neow_bonus":"BOSS_RELIC","is_prod":false,"is_daily":false,"chose_seed":false,"campfire_upgraded":4,"win_rate":0.0,"timestamp":1531150108,"path_taken":["M","?","$","?","M","E","M","?","T","E","R","?","M","M","R","BOSS","M","?","$","?","M","R","M","R","T","$","E","?","M","M","R","BOSS","M","M","?","M","?","M","M"],"build_version":"2018-07-05","purchased_purges":2,"victory":false,"max_hp_per_floor":[80,80,80,80,80,80,80,80,80,80,80,80,80,80,80,80,80,80,80,80,80,80,80,80,80,80,80,80,80,80,80,80,80,80,80,80,80,80,80,80,80],"card_choices":[{"not_picked":["Barrage","Blizzard"],"picked":"Fusion","floor":0},{"not_picked":["Fusion","Melter"],"picked":"Compile Driver","floor":1},{"not_picked":["Auto Shields","Leap","Force Field"],"picked":"SKIP","floor":5},{"not_picked":["Consume","Stack"],"picked":"Cold Snap","floor":6},{"not_picked":["Cold Snap","Compile Driver"],"picked":"Ball Lightning","floor":7},{"not_picked":["Beam Cell","Lockon","Barrage"],"picked":"SKIP","floor":10},{"not_picked":["FTL","Ball Lightning"],"picked":"Compile Driver","floor":13},{"not_picked":["Coolheaded","Sweeping Beam","Hello World"],"picked":"SKIP","floor":14},{"not_picked":["Amplify","Electrodynamics"],"picked":"Seek","floor":16},{"not_picked":["BootSequence","Leap+1","Consume+1"],"picked":"SKIP","floor":18},{"not_picked":["Cold Snap","Beam Cell","Scrape+1"],"picked":"SKIP","floor":22},{"not_picked":["Loop+1","Leap+1","Rebound"],"picked":"SKIP","floor":24},{"not_picked":["Go for the Eyes","Storm","Force Field"],"picked":"SKIP","floor":28},{"not_picked":["Coolheaded","Turbo+1","Sweeping Beam"],"picked":"SKIP","floor":29},{"not_picked":["Beam Cell+1","Steam","Cold Snap"],"picked":"SKIP","floor":30},{"not_picked":["Static Discharge+1","Go for the Eyes","Doom and Gloom+1"],"picked":"SKIP","floor":31},{"not_picked":["Gash","Turbo+1","Consume"],"picked":"SKIP","floor":35},{"not_picked":["Melter","Stack"],"picked":"Compile Driver+1","floor":36},{"not_picked":["Lockon+1","White Noise+1"],"picked":"Skim","floor":38},{"not_picked":["Rainbow","Conserve Battery+1","Ball Lightning"],"picked":"SKIP","floor":40}],"player_experience":139800,"relics_obtained":[{"floor":6,"key":"Happy Flower"},{"floor":9,"key":"Pen Nib"},{"floor":10,"key":"Torii"},{"floor":26,"key":"Whetstone"},{"floor":28,"key":"Gambling Chip"},{"floor":39,"key":"Girya"}],"event_choices":[{"event_name":"Transmorgrifier","player_choice":"Transform","floor":2,"damage_taken":0},{"event_name":"Big Fish","player_choice":"Box","floor":4,"damage_taken":0},{"event_name":"Shining Light","player_choice":"Entered Light","floor":8,"damage_taken":0},{"event_name":"Upgrade Shrine","player_choice":"Upgraded","floor":12,"damage_taken":0},{"event_name":"Vampires","player_choice":"Ignored","floor":19,"damage_taken":0},{"event_name":"Beggar","player_choice":"Gave Gold","floor":21,"damage_taken":0},{"event_name":"Match and Keep!","player_choice":"1 cards matched","floor":37,"damage_taken":0},{"event_name":"MindBloom","player_choice":"Fight","floor":39,"damage_taken":0}],"boss_relics":[{"not_picked":["Lizard Tail","Eternal Feather"],"picked":"Pandora\u0027s Box"},{"not_picked":["Runic Pyramid","Velvet Choker"],"picked":"Sozu"}],"items_purged_floors":[3,27],"is_endless":false,"potions_floor_spawned":[1,7,10,13,24,30,33,35,38],"killed_by":"4 Shapes","ascension_level":0}