{"gold_per_floor":[118,138,138,149,164,164,89,89,141,156,191,211,231,231,231,335,335,349,366,366],"floor_reached":20,"playtime":1027,"items_purged":["Defend_G"],"score":178,"play_id":"6c42a611-db48-42db-b63e-dbaeadf0ff5f","local_time":"20180707012843","is_ascension_mode":false,"campfire_choices":[{"floor":6,"key":"REST"},{"floor":8,"key":"REST"},{"floor":15,"key":"REST"}],"neow_cost":"NONE","seed_source_timestamp":1380395554812987,"circlet_count":0,"master_deck":["Defend_G+1","Strike_G","Strike_G","Strike_G","Strike_G","Strike_G","Survivor+1","Neutralize","Skewer","All Out Attack","Bouncing Flask","Quick Slash","Noxious Fumes","Envenom"],"relics":["Empty Cage","War Paint","Vajra","Sozu"],"potions_floor_usage":[10,13,16,18],"damage_taken":[{"damage":0,"enemies":"Small Slimes","floor":1,"turns":3},{"damage":11,"enemies":"2 Louse","floor":2,"turns":3},{"damage":11,"enemies":"Jaw Worm","floor":4,"turns":3},{"damage":16,"enemies":"Blue Slaver","floor":5,"turns":3},{"damage":14,"enemies":"Red Slaver","floor":10,"turns":4},{"damage":14,"enemies":"Gremlin Nob","floor":11,"turns":4},{"damage":8,"enemies":"Large Slime","floor":12,"turns":4},{"damage":8,"enemies":"Exordium Wildlife","floor":13,"turns":3},{"damage":41,"enemies":"The Guardian","floor":16,"turns":8},{"damage":34,"enemies":"2 Thieves","floor":18,"turns":4},{"damage":10,"enemies":"Chosen","floor":19,"turns":4},{"damage":29,"enemies":"Snecko","floor":20,"turns":4}],"seed_played":"-1587776831554129802","potions_obtained":[{"floor":1,"key":"GamblersBrew"},{"floor":4,"key":"Strength Potion"},{"floor":12,"key":"Poison Potion"},{"floor":16,"key":"Weak Potion"}],"is_trial":false,"path_per_floor":["M","M","?","M","M","R","$","R","T","M","E","M","M","$","R","B",null,"M","M"],"character_chosen":"THE_SILENT","items_purchased":[],"campfire_rested":3,"item_purchase_floors":[],"current_hp_per_floor":[70,59,52,41,25,46,46,67,67,53,39,31,23,23,44,3,70,36,26,0],"gold":366,"neow_bonus":"BOSS_RELIC","is_prod":false,"is_daily":false,"chose_seed":false,"campfire_upgraded":0,"win_rate":0.0,"timestamp":1530941323,"path_taken":["M","M","?","M","M","R","$","R","T","M","E","?","M","$","R","BOSS","M","M","M"],"build_version":"2018-07-05","purchased_purges":1,"victory":false,"max_hp_per_floor":[70,70,70,70,70,70,70,70,70,70,70,70,70,70,70,70,70,70,70,70],"card_choices":[{"not_picked":["Dash","Prepared"],"picked":"Skewer","floor":1},{"not_picked":["Dodge and Roll","PiercingWail"],"picked":"All Out Attack","floor":2},{"not_picked":["Poisoned Stab","Outmaneuver","Bane"],"picked":"SKIP","floor":4},{"not_picked":["Deadly Poison","Underhanded Strike","Leg Sweep"],"picked":"SKIP","floor":5},{"not_picked":["A Thousand Cuts","Caltrops"],"picked":"Bouncing Flask","floor":10},{"not_picked":["Expertise","Poisoned Stab"],"picked":"Quick Slash","floor":11},{"not_picked":["Prepared","Deflect"],"picked":"Noxious Fumes","floor":12},{"not_picked":["Outmaneuver","Deflect","Choke"],"picked":"SKIP","floor":13},{"not_picked":["Phantasmal Killer","Venomology"],"picked":"Envenom","floor":16},{"not_picked":["PiercingWail","Dodge and Roll","Accuracy"],"picked":"SKIP","floor":18},{"not_picked":["Outmaneuver","PiercingWail+1","Well Laid Plans+1"],"picked":"SKIP","floor":19}],"player_experience":105948,"relics_obtained":[{"floor":9,"key":"War Paint"},{"floor":11,"key":"Vajra"}],"event_choices":[{"event_name":"Golden Wing","player_choice":"Card Removal","floor":3,"damage_taken":0}],"boss_relics":[{"not_picked":["Black Star","Lizard Tail"],"picked":"Sozu"}],"items_purged_floors":[7],"is_endless":false,"potions_floor_spawned":[1,4,12,16,19],"killed_by":"Snecko","ascension_level":0}