{"gold_per_floor":[117,117,46,46,58,83,83,108,108,30,48,61,61,74,74,178,178,188,113,127,127],"floor_reached":21,"playtime":1171,"items_purged":["Regret"],"score":189,"play_id":"64502ea2-de72-463e-807e-a86c6c1cd3df","local_time":"20180802101218","is_ascension_mode":false,"campfire_choices":[{"data":"Storm","floor":7,"key":"SMITH"},{"floor":15,"key":"REST"}],"neow_cost":"NONE","seed_source_timestamp":1907813727988127,"circlet_count":0,"master_deck":["Strike_B","Strike_B","Strike_B","Strike_B","Defend_B","Defend_B","Defend_B","Zap+1","Dualcast","FTL","Storm+1","FTL","Gash","Beam Cell"],"relics":["Cracked Core","Letter Opener","Bag of Marbles","Mango","Potion Belt","Dodecahedron","Philosopher\u0027s Stone"],"potions_floor_usage":[8,16],"damage_taken":[{"damage":0,"enemies":"2 Louse","floor":1,"turns":2},{"damage":1,"enemies":"Small Slimes","floor":5,"turns":2},{"damage":28,"enemies":"Lagavulin","floor":6,"turns":5},{"damage":21,"enemies":"Gremlin Nob","floor":8,"turns":3},{"damage":3,"enemies":"Cultist","floor":11,"turns":3},{"damage":8,"enemies":"Red Slaver","floor":12,"turns":2},{"damage":2,"enemies":"Large Slime","floor":14,"turns":3},{"damage":18,"enemies":"Slime Boss","floor":16,"turns":9},{"damage":40,"enemies":"2 Thieves","floor":18,"turns":4},{"damage":20,"enemies":"Shell Parasite","floor":20,"turns":4},{"damage":33,"enemies":"3 Cultists","floor":21,"turns":3}],"seed_played":"-7325172398480014786","potions_obtained":[{"floor":5,"key":"Fire Potion"},{"floor":12,"key":"PowerPotion"},{"floor":14,"key":"SteroidPotion"},{"floor":18,"key":"Regen Potion"}],"is_trial":false,"path_per_floor":["M","?","?","?","M","E","R","E","T","$","M","M","$","M","R","B",null,"M","$","M"],"character_chosen":"DEFECT","items_purchased":["FTL"],"campfire_rested":1,"item_purchase_floors":[10],"current_hp_per_floor":[75,68,68,68,67,53,53,32,32,32,29,21,21,19,45,27,89,49,49,29,0],"gold":127,"neow_bonus":"UPGRADE_CARD","is_prod":false,"is_daily":false,"chose_seed":false,"campfire_upgraded":1,"win_rate":0,"timestamp":1533219138,"path_taken":["M","?","?","?","M","E","R","E","T","$","M","M","$","M","R","BOSS","M","$","M","M"],"build_version":"2018-07-26","purchased_purges":1,"victory":false,"max_hp_per_floor":[75,75,75,75,75,89,89,89,89,89,89,89,89,89,89,89,89,89,89,89,89],"card_choices":[{"not_picked":["Steam","Streamline"],"picked":"FTL","floor":1},{"not_picked":["White Noise","Loop","Hologram"],"picked":"SKIP","floor":5},{"not_picked":["Rebound","Turbo"],"picked":"Storm","floor":6},{"not_picked":["Redo","Chill","Fusion"],"picked":"SKIP","floor":8},{"not_picked":["Auto Shields","FTL"],"picked":"Gash","floor":11},{"not_picked":["Coolheaded","Static Discharge"],"picked":"Beam Cell","floor":12},{"not_picked":["Blizzard","Leap","Redo"],"picked":"SKIP","floor":14},{"not_picked":["Blizzard","Cold Snap","Sunder+1"],"picked":"SKIP","floor":18},{"not_picked":["Go for the Eyes","Barrage","Hologram"],"picked":"SKIP","floor":20}],"player_experience":325913,"relics_obtained":[{"floor":6,"key":"Mango"},{"floor":8,"key":"Potion Belt"},{"floor":9,"key":"Dodecahedron"}],"event_choices":[{"event_name":"Golden Wing","player_choice":"Card Removal","floor":2,"damage_taken":0},{"event_name":"WeMeetAgain","player_choice":"Gold","floor":3,"damage_taken":0},{"event_name":"Big Fish","player_choice":"Box","floor":4,"damage_taken":0}],"is_beta":false,"boss_relics":[{"not_picked":["Black Star","Astrolabe"],"picked":"Philosopher\u0027s Stone"}],"items_purged_floors":[19],"is_endless":false,"potions_floor_spawned":[5,12,14,18],"killed_by":"3 Cultists","ascension_level":0}