{"gold_per_floor":[212,263,274,289,62,62,92,92,92,122,197,257,282,469,481,591,603,627,674,686,712,11,11,29,29,56,82,99,119,119,84,84,185,185,204,604,41,56,56,81,81,81,107,107,125,176,29,47,47,47],"floor_reached":51,"playtime":2590,"items_purged":["Strike_G","Strike_G"],"score":801,"play_id":"94b22f25-5103-44ff-8cf6-a40e978fdb65","local_time":"20190327232316","is_ascension_mode":false,"campfire_choices":[{"data":"Die Die Die","floor":6,"key":"SMITH"},{"data":"Footwork","floor":8,"key":"SMITH"},{"data":"Neutralize","floor":15,"key":"SMITH"},{"floor":23,"key":"REST"},{"floor":25,"key":"REST"},{"floor":30,"key":"REST"},{"floor":32,"key":"REST"},{"floor":41,"key":"REST"},{"floor":49,"key":"REST"}],"neow_cost":"NONE","seed_source_timestamp":8121616961136088,"circlet_count":0,"master_deck":["Defend_G","Defend_G","Defend_G","Defend_G","Defend_G","Strike_G","Strike_G","Strike_G","Survivor","Neutralize+1","Backstab","Infinite Blades","Footwork+1","Malaise+1","Catalyst+1","Deflect+1","Blade Dance+1","Doubt","Adrenaline+1","Dagger Throw+1","Crippling Poison+1","Pain","Prepared+1","Accuracy","Backflip+1","Deflect+1","PiercingWail+1","Noxious Fumes+1","Well Laid Plans","Phantasmal Killer+1","Backflip+1","Deadly Poison+1","Noxious Fumes","Mind Blast+1","Master of Strategy+1","Finisher+1","Catalyst+1","Deadly Poison+1","Blind+1"],"relics":["Ring of the Snake","Toxic Egg 2","Meat on the Bone","Molten Egg 2","MawBank","Fusion Hammer","Red Mask","WarpedTongs","Ninja Scroll","Bottled Tornado","Juzu Bracelet","Lantern","Philosopher\u0027s Stone","Old Coin","The Specimen","Blue Candle","Boot","Centennial Puzzle","Du-Vu Doll"],"potions_floor_usage":[12,12,24,33,46,50,50],"damage_taken":[{"damage":5,"enemies":"Small Slimes","floor":1,"turns":5},{"damage":0,"enemies":"2 Louse","floor":3,"turns":2},{"damage":1,"enemies":"Jaw Worm","floor":4,"turns":4},{"damage":9,"enemies":"Lagavulin","floor":7,"turns":10},{"damage":26,"enemies":"3 Sentries","floor":10,"turns":8},{"damage":15,"enemies":"Lagavulin Event","floor":12,"turns":5},{"damage":0,"enemies":"2 Fungi Beasts","floor":13,"turns":4},{"damage":15,"enemies":"The Guardian","floor":16,"turns":18},{"damage":0,"enemies":"3 Byrds","floor":18,"turns":7},{"damage":6,"enemies":"Masked Bandits","floor":19,"turns":4},{"damage":13,"enemies":"2 Thieves","floor":21,"turns":3},{"damage":10,"enemies":"Snecko","floor":24,"turns":4},{"damage":3,"enemies":"Slavers","floor":27,"turns":3},{"damage":5,"enemies":"Chosen and Byrds","floor":28,"turns":4},{"damage":2,"enemies":"Centurion and Healer","floor":29,"turns":5},{"damage":43,"enemies":"Automaton","floor":33,"turns":8},{"damage":9,"enemies":"3 Shapes","floor":35,"turns":4},{"damage":3,"enemies":"Mind Bloom Boss Battle","floor":36,"turns":6},{"damage":1,"enemies":"Orb Walker","floor":38,"turns":3},{"damage":36,"enemies":"Nemesis","floor":40,"turns":7},{"damage":0,"enemies":"3 Darklings","floor":45,"turns":4},{"damage":2,"enemies":"2 Orb Walkers","floor":46,"turns":2},{"damage":5,"enemies":"4 Shapes","floor":48,"turns":3},{"damage":33,"enemies":"Donu and Deca","floor":50,"turns":7}],"seed_played":"5612430088002221605","potions_obtained":[{"floor":1,"key":"Swift Potion"},{"floor":10,"key":"Poison Potion"},{"floor":13,"key":"SpeedPotion"},{"floor":16,"key":"Explosive Potion"},{"floor":18,"key":"FearPotion"},{"floor":21,"key":"Strength Potion"},{"floor":28,"key":"SteroidPotion"},{"floor":45,"key":"SkillPotion"},{"floor":48,"key":"Ancient Potion"}],"is_trial":false,"path_per_floor":["M","?","M","M","$","R","E","R","T","E","?","?","M","?","R","B",null,"M","?","?","M","$","R","M","R","T","E","M","M","R","$","R","B",null,"M","?","$","M","?","E","R","?","T","$","M","?","$","M","R","B",null],"character_chosen":"THE_SILENT","items_purchased":["Die Die Die","Ninja Scroll","Accuracy","Bottled Tornado","Backflip+1","Well Laid Plans","The Specimen","Blue Candle","Deadly Poison+1","Blind+1"],"campfire_rested":6,"item_purchase_floors":[5,22,22,22,22,31,37,37,47,47],"current_hp_per_floor":[65,65,65,64,64,64,55,55,55,41,30,27,39,39,39,36,70,70,64,64,51,51,70,60,70,70,67,62,60,70,70,70,39,70,61,58,58,57,57,33,54,44,44,44,44,42,42,37,58,37],"gold":47,"neow_bonus":"HUNDRED_GOLD","is_prod":false,"is_daily":false,"chose_seed":false,"campfire_upgraded":3,"win_rate":0,"timestamp":1553743396,"path_taken":["M","?","M","M","$","R","E","R","T","E","?","?","M","?","R","BOSS","M","?","?","M","$","R","M","R","T","E","M","M","R","$","R","BOSS","M","?","$","M","?","E","R","?","T","?","M","?","$","M","R","BOSS"],"build_version":"2019-01-23","purchased_purges":2,"victory":true,"max_hp_per_floor":[70,70,70,70,70,70,70,70,70,70,70,70,70,70,70,70,70,70,70,70,70,70,70,70,70,70,70,70,70,70,70,70,70,70,70,70,70,70,70,70,70,70,70,70,70,70,70,70,70,70],"card_choices":[{"not_picked":["Terror","Slice"],"picked":"Backstab","floor":1},{"not_picked":["Acrobatics","Bane"],"picked":"Infinite Blades","floor":3},{"not_picked":["Slice","Setup"],"picked":"Footwork","floor":4},{"not_picked":["Setup","Dagger Spray"],"picked":"Malaise","floor":7},{"not_picked":["Prepared+1","Dagger Spray"],"picked":"Catalyst+1","floor":10},{"not_picked":["Reflex+1","Concentrate+1"],"picked":"Deflect+1","floor":12},{"not_picked":["Outmaneuver+1","Underhanded Strike+1"],"picked":"Blade Dance+1","floor":13},{"not_picked":["Night Terror+1","Storm of Steel+1"],"picked":"Adrenaline+1","floor":16},{"not_picked":["Concentrate+1","Dagger Spray+1"],"picked":"Dagger Throw+1","floor":18},{"not_picked":["PiercingWail+1","Bane+1"],"picked":"Crippling Poison+1","floor":19},{"not_picked":["Outmaneuver+1","Dodge and Roll+1"],"picked":"Prepared+1","floor":21},{"not_picked":["Dagger Spray+1","Quick Slash+1"],"picked":"Deflect+1","floor":24},{"not_picked":["Bullet Time+1","Dagger Throw+1"],"picked":"PiercingWail+1","floor":27},{"not_picked":["Backflip+1","Eviscerate+1","Poisoned Stab+1"],"picked":"SKIP","floor":28},{"not_picked":["Outmaneuver+1","Setup+1"],"picked":"Noxious Fumes+1","floor":29},{"not_picked":["Wraith Form v2","Die Die Die+1"],"picked":"Phantasmal Killer+1","floor":33},{"not_picked":["Backflip+1","Footwork","Poisoned Stab+1"],"picked":"SKIP","floor":35},{"not_picked":["Footwork","Poisoned Stab+1"],"picked":"Backflip+1","floor":35},{"not_picked":["Deflect+1","PiercingWail+1"],"picked":"Deadly Poison+1","floor":36},{"not_picked":["Deadly Poison+1","Leg Sweep+1"],"picked":"Noxious Fumes","floor":38},{"not_picked":["Deadly Poison+1","Leg Sweep+1","Bane+1"],"picked":"SKIP","floor":40},{"not_picked":["Finesse+1","Discovery+1"],"picked":"Mind Blast+1","floor":42},{"not_picked":["Forethought+1","Enlightenment+1"],"picked":"Master of Strategy+1","floor":42},{"not_picked":["Deflect+1","Sucker Punch+1"],"picked":"Finisher+1","floor":45},{"not_picked":["Dodge and Roll+1","Finisher+1"],"picked":"Catalyst+1","floor":46},{"not_picked":["Flechettes+1","Footwork","Bane+1"],"picked":"SKIP","floor":48}],"player_experience":560003,"relics_obtained":[{"floor":7,"key":"Toxic Egg 2"},{"floor":9,"key":"Meat on the Bone"},{"floor":10,"key":"Molten Egg 2"},{"floor":12,"key":"MawBank"},{"floor":19,"key":"Red Mask"},{"floor":26,"key":"Juzu Bracelet"},{"floor":27,"key":"Lantern"},{"floor":36,"key":"Old Coin"},{"floor":40,"key":"Boot"},{"floor":43,"key":"Centennial Puzzle"},{"floor":46,"key":"Du-Vu Doll"}],"event_choices":[{"damage_healed":0,"gold_gain":51,"player_choice":"Gained Gold","damage_taken":0,"max_hp_gain":0,"max_hp_loss":0,"event_name":"Golden Wing","floor":2,"gold_loss":0},{"damage_healed":0,"gold_gain":75,"player_choice":"Gather Gold","damage_taken":11,"max_hp_gain":0,"max_hp_loss":0,"event_name":"World of Goop","floor":11,"gold_loss":0},{"damage_healed":0,"gold_gain":0,"player_choice":"Searched \u00271\u0027 times","damage_taken":0,"max_hp_gain":0,"max_hp_loss":0,"event_name":"Dead Adventurer","floor":12,"gold_loss":0},{"damage_healed":0,"gold_gain":175,"player_choice":"AGREE","damage_taken":0,"max_hp_gain":0,"max_hp_loss":0,"event_name":"Liars Game","floor":14,"gold_loss":0,"cards_obtained":["Doubt"]},{"damage_healed":0,"gold_gain":0,"player_choice":"Fought Bandits","damage_taken":0,"max_hp_gain":0,"max_hp_loss":0,"event_name":"Masked Bandits","floor":19,"gold_loss":0},{"damage_healed":0,"gold_gain":0,"player_choice":"Rummage","damage_taken":0,"relics_obtained":["WarpedTongs"],"max_hp_gain":0,"max_hp_loss":0,"event_name":"Accursed Blacksmith","floor":20,"gold_loss":0,"cards_obtained":["Pain"]},{"damage_healed":0,"gold_gain":0,"player_choice":"Fight","damage_taken":0,"max_hp_gain":0,"max_hp_loss":0,"event_name":"MindBloom","floor":36,"gold_loss":0},{"cards_removed":["Die Die Die"],"damage_healed":0,"gold_gain":0,"player_choice":"Removed Attack","damage_taken":0,"max_hp_gain":0,"max_hp_loss":0,"event_name":"Falling","floor":39,"gold_loss":0},{"damage_healed":0,"gold_gain":0,"player_choice":"Memory 3","damage_taken":10,"max_hp_gain":0,"max_hp_loss":0,"event_name":"SensoryStone","floor":42,"gold_loss":0},{"damage_healed":0,"gold_gain":0,"player_choice":"Fight","damage_taken":0,"max_hp_gain":0,"max_hp_loss":0,"event_name":"Mysterious Sphere","floor":46,"gold_loss":0}],"is_beta":false,"boss_relics":[{"not_picked":["Runic Dome","Coffee Dripper"],"picked":"Fusion Hammer"},{"not_picked":["Pandora\u0027s Box","Runic Pyramid"],"picked":"Philosopher\u0027s Stone"}],"items_purged_floors":[5,22],"is_endless":false,"potions_floor_spawned":[1,10,13,16,18,21,28,45,48],"ascension_level":0}