{"gold_per_floor":[112,132,62,79,97,126,126,20,20,52,52,152,152],"floor_reached":13,"playtime":495,"items_purged":[],"score":98,"play_id":"1d1f2baa-e353-408a-82ef-344862bf8446","local_time":"20190328002152","is_ascension_mode":true,"campfire_choices":[{"data":"Bullet Time","floor":7,"key":"SMITH"},{"data":"Die Die Die","floor":11,"key":"SMITH"}],"neow_cost":"NONE","seed_source_timestamp":8127239765559568,"circlet_count":0,"master_deck":["Defend_G","Defend_G","Defend_G","Defend_G","Defend_G","Strike_G","Strike_G","Strike_G","Strike_G","Strike_G","Survivor","Neutralize","Bullet Time+1","Predator","Footwork","Expertise","Slice","Grand Finale","PiercingWail","Sucker Punch","Die Die Die+1"],"relics":["Ring of the Snake","Art of War","Gambling Chip"],"potions_floor_usage":[],"damage_taken":[{"damage":2,"enemies":"Cultist","floor":1,"turns":4},{"damage":0,"enemies":"Small Slimes","floor":2,"turns":2},{"damage":0,"enemies":"Jaw Worm","floor":4,"turns":6},{"damage":1,"enemies":"2 Fungi Beasts","floor":5,"turns":4},{"damage":1,"enemies":"Lagavulin","floor":6,"turns":8},{"damage":40,"enemies":"3 Sentries","floor":10,"turns":11},{"damage":43,"enemies":"Lagavulin","floor":13,"turns":6}],"seed_played":"-424589858027299476","potions_obtained":[{"floor":1,"key":"Dexterity Potion"},{"floor":4,"key":"Strength Potion"},{"floor":6,"key":"SteroidPotion"}],"is_trial":false,"path_per_floor":["M","M","$","M","M","E","R","$","T","E","R","?","E"],"character_chosen":"THE_SILENT","items_purchased":["Footwork","PiercingWail","Sucker Punch"],"campfire_rested":0,"item_purchase_floors":[3,8,8],"current_hp_per_floor":[68,68,68,68,67,66,66,66,66,26,26,26,0],"gold":152,"neow_bonus":"ONE_RANDOM_RARE_CARD","is_prod":false,"is_daily":false,"chose_seed":false,"campfire_upgraded":2,"win_rate":0,"timestamp":1553746912,"path_taken":["M","M","?","M","M","E","R","$","T","E","R","?","E"],"build_version":"2019-01-23","purchased_purges":0,"victory":false,"max_hp_per_floor":[70,70,70,70,70,70,70,70,70,70,70,70,70],"card_choices":[{"not_picked":["Infinite Blades","Bane"],"picked":"Predator","floor":1},{"not_picked":["Skewer","Calculated Gamble","Reflex"],"picked":"SKIP","floor":2},{"not_picked":["Slice","Endless Agony"],"picked":"Expertise","floor":4},{"not_picked":["Prepared","Dodge and Roll"],"picked":"Slice","floor":5},{"not_picked":["Dagger Spray","PiercingWail"],"picked":"Grand Finale","floor":6},{"not_picked":["Infinite Blades","Outmaneuver"],"picked":"Die Die Die","floor":10}],"player_experience":565526,"relics_obtained":[{"floor":6,"key":"Art of War"},{"floor":10,"key":"Gambling Chip"}],"event_choices":[{"damage_healed":0,"gold_gain":100,"player_choice":"Pray","damage_taken":0,"max_hp_gain":0,"max_hp_loss":0,"event_name":"Golden Shrine","floor":12,"gold_loss":0}],"is_beta":false,"boss_relics":[],"items_purged_floors":[],"is_endless":false,"potions_floor_spawned":[1,4,6,10],"killed_by":"Lagavulin","ascension_level":1}