{"gold_per_floor":[118,193,208,222,192,224,94,94],"floor_reached":8,"playtime":652,"items_purged":[],"score":56,"play_id":"081ef4c8-55d9-4aa4-be4f-74e89e447610","local_time":"20190224002844","is_ascension_mode":false,"campfire_choices":[],"neow_cost":"NONE","seed_source_timestamp":719161898378503,"circlet_count":0,"master_deck":["Strike_R","Strike_R","Strike_R","Strike_R","Strike_R","Defend_R","Defend_R","Defend_R","Defend_R","Bash","Flex","Flex","Shrug It Off","Barricade","Shrug It Off"],"relics":["Burning Blood","Boot","Bag of Preparation"],"potions_floor_usage":[6,6,6,8],"damage_taken":[{"damage":1,"enemies":"Cultist","floor":1,"turns":3},{"damage":7,"enemies":"Small Slimes","floor":3,"turns":4},{"damage":1,"enemies":"2 Louse","floor":4,"turns":2},{"damage":45,"enemies":"Gremlin Nob","floor":6,"turns":6},{"damage":53,"enemies":"Exordium Thugs","floor":8,"turns":9}],"seed_played":"9039166629871695219","potions_obtained":[{"floor":3,"key":"Dexterity Potion"},{"floor":5,"key":"BloodPotion"},{"floor":5,"key":"PowerPotion"},{"floor":6,"key":"SpeedPotion"}],"is_trial":false,"path_per_floor":["?","?","M"],"character_chosen":"IRONCLAD","items_purchased":["Barricade","Shrug It Off"],"campfire_rested":0,"item_purchase_floors":[7,7],"current_hp_per_floor":[80,69,68,73,73,42,42,0],"gold":94,"neow_bonus":"RANDOM_COMMON_RELIC","is_prod":false,"is_daily":false,"chose_seed":false,"campfire_upgraded":0,"win_rate":0,"timestamp":1550978924,"path_taken":["M","?","M","M","?","E","$","?"],"build_version":"2019-01-23","purchased_purges":0,"victory":false,"max_hp_per_floor":[80,80,80,80,80,80,80,80],"card_choices":[{"not_picked":["Wild Strike","Iron Wave"],"picked":"Flex","floor":1},{"not_picked":["Searing Blow","Heavy Blade"],"picked":"Flex","floor":3},{"not_picked":["Searing Blow","Havoc","Thunderclap"],"picked":"SKIP","floor":4},{"not_picked":["Clash","Thunderclap"],"picked":"Shrug It Off","floor":6}],"player_experience":224106,"relics_obtained":[{"floor":6,"key":"Bag of Preparation"}],"event_choices":[{"damage_healed":0,"gold_gain":75,"player_choice":"Gather Gold","damage_taken":11,"max_hp_gain":0,"max_hp_loss":0,"event_name":"World of Goop","floor":2,"gold_loss":0},{"damage_healed":0,"gold_gain":0,"player_choice":"Bought 2 Potions","damage_taken":0,"max_hp_gain":0,"max_hp_loss":0,"event_name":"The Woman in Blue","floor":5,"gold_loss":0}],"is_beta":false,"boss_relics":[],"items_purged_floors":[],"is_endless":false,"potions_floor_spawned":[3,6],"killed_by":"Exordium Thugs","ascension_level":0}