{"gold_per_floor":[111,286,298,60,60,60,79,79,79,25,39,56,56,68,68,68],"floor_reached":16,"playtime":351,"items_purged":["Doubt"],"score":92,"play_id":"e56636a1-07d8-4a69-9c8d-17694cb5da0f","local_time":"20180802101818","is_ascension_mode":false,"campfire_choices":[{"data":"Thunder Strike","floor":6,"key":"SMITH"},{"data":"Zap","floor":8,"key":"SMITH"},{"data":"Defend_B","floor":13,"key":"SMITH"},{"data":"Dualcast","floor":15,"key":"SMITH"}],"neow_cost":"NONE","seed_source_timestamp":1908994832961495,"circlet_count":0,"master_deck":["Strike_B","Strike_B","Strike_B","Strike_B","Defend_B","Defend_B","Defend_B","Defend_B+1","Zap+1","Dualcast+1","Thunder Strike+1","Streamline+1","Barrage+1"],"relics":["Cracked Core","Regal Pillow","Sundial","Molten Egg 2"],"potions_floor_usage":[11,12],"damage_taken":[{"damage":8,"enemies":"Small Slimes","floor":1,"turns":3},{"damage":1,"enemies":"Cultist","floor":3,"turns":4},{"damage":1,"enemies":"2 Louse","floor":7,"turns":2},{"damage":5,"enemies":"Exordium Thugs","floor":11,"turns":2},{"damage":10,"enemies":"Large Slime","floor":12,"turns":5},{"damage":7,"enemies":"Blue Slaver","floor":14,"turns":3},{"damage":60,"enemies":"Hexaghost","floor":16,"turns":9}],"seed_played":"-3469131741897924454","potions_obtained":[{"floor":1,"key":"AttackPotion"},{"floor":11,"key":"Regen Potion"},{"floor":14,"key":"GamblersBrew"}],"is_trial":false,"path_per_floor":["M","?","M","$","T","R","M","R","T","$","M","M","R","M","R"],"character_chosen":"DEFECT","items_purchased":["Thunder Strike","Streamline+1"],"campfire_rested":0,"item_purchase_floors":[4,10],"current_hp_per_floor":[67,67,66,66,66,66,65,65,65,65,60,64,64,57,57,0],"gold":68,"neow_bonus":"RANDOM_COMMON_RELIC","is_prod":false,"is_daily":false,"chose_seed":false,"campfire_upgraded":4,"win_rate":0,"timestamp":1533219498,"path_taken":["M","?","M","$","?","R","M","R","T","$","M","M","R","M","R","BOSS"],"build_version":"2018-07-26","purchased_purges":1,"victory":false,"max_hp_per_floor":[75,75,75,75,75,75,75,75,75,75,75,75,75,75,75,75],"card_choices":[{"not_picked":["Rebound","Barrage","Ball Lightning"],"picked":"SKIP","floor":1},{"not_picked":["Cold Snap","Redo","Genetic Algorithm"],"picked":"SKIP","floor":3},{"not_picked":["Beam Cell","Steam Power","Hello World"],"picked":"SKIP","floor":7},{"not_picked":["Go for the Eyes+1","Coolheaded","Cold Snap+1"],"picked":"SKIP","floor":11},{"not_picked":["Reboot","Stack"],"picked":"Barrage+1","floor":12},{"not_picked":["Conserve Battery","Sweeping Beam+1","Genetic Algorithm"],"picked":"SKIP","floor":14}],"player_experience":327084,"relics_obtained":[{"floor":5,"key":"Sundial"},{"floor":9,"key":"Molten Egg 2"}],"event_choices":[{"event_name":"Liars Game","player_choice":"agreed","floor":2,"damage_taken":0}],"is_beta":false,"boss_relics":[],"items_purged_floors":[4],"is_endless":false,"potions_floor_spawned":[1,11,14],"killed_by":"Hexaghost","ascension_level":0}