{"gold_per_floor":[110,60,80,5,16,16,31,31,31,31,31,49,79,79,79,174,174,194,194,208,57,70,70,88,115,140,152,187,187,206,34,34,34],"floor_reached":33,"playtime":1865,"items_purged":["Defend_R","Defend_R","Bash"],"score":287,"play_id":"3d6016e3-c744-4f0e-b607-0e8bf3f5331f","local_time":"20180705132032","is_ascension_mode":false,"campfire_choices":[{"data":"Pommel Strike","floor":6,"key":"SMITH"},{"data":"Iron Wave","floor":8,"key":"SMITH"},{"data":"Uppercut","floor":10,"key":"SMITH"},{"data":"Seeing Red","floor":15,"key":"SMITH"},{"data":"Reaper","floor":23,"key":"SMITH"},{"data":"Whirlwind","floor":29,"key":"SMITH"},{"data":"Perfected Strike","floor":32,"key":"SMITH"}],"neow_cost":"NONE","seed_source_timestamp":1249464574983155,"circlet_count":0,"master_deck":["Strike_R","Strike_R","Strike_R","Strike_R","Strike_R","Defend_R","Pommel Strike+1","Uppercut+1","Reckless Charge","Iron Wave+1","Hemokinesis","Seeing Red+1","Reaper+1","Pommel Strike","Flex","Perfected Strike+1","Wild Strike","Whirlwind+1","Perfected Strike","Cleave","Pommel Strike"],"relics":["Burning Blood","Juzu Bracelet","Bottled Lightning","Self Forming Clay","Mark of Pain","Orichalcum","Bag of Marbles","Blood Vial"],"potions_floor_usage":[16,18,24,25,33,33,33],"damage_taken":[{"damage":3,"enemies":"2 Louse","floor":1,"turns":3},{"damage":6,"enemies":"Cultist","floor":3,"turns":3},{"damage":8,"enemies":"Jaw Worm","floor":5,"turns":2},{"damage":23,"enemies":"Exordium Thugs","floor":7,"turns":3},{"damage":2,"enemies":"2 Fungi Beasts","floor":12,"turns":2},{"damage":20,"enemies":"Lagavulin","floor":13,"turns":4},{"damage":35,"enemies":"Slime Boss","floor":16,"turns":10},{"damage":21,"enemies":"Spheric Guardian","floor":18,"turns":4},{"damage":16,"enemies":"3 Byrds","floor":20,"turns":7},{"damage":3,"enemies":"Snake Plant","floor":22,"turns":2},{"damage":3,"enemies":"Cultist and Chosen","floor":24,"turns":4},{"damage":56,"enemies":"Slavers","floor":25,"turns":5},{"damage":0,"enemies":"Snecko","floor":27,"turns":3},{"damage":22,"enemies":"Book of Stabbing","floor":28,"turns":4},{"damage":4,"enemies":"Chosen and Byrds","floor":30,"turns":3},{"damage":95,"enemies":"Collector","floor":33,"turns":7}],"seed_played":"-8304987886124984747","potions_obtained":[{"floor":1,"key":"GamblersBrew"},{"floor":7,"key":"SmokeBomb"},{"floor":11,"key":"SkillPotion"},{"floor":12,"key":"BloodPotion"},{"floor":16,"key":"EssenceOfSteel"},{"floor":18,"key":"PowerPotion"},{"floor":22,"key":"BloodPotion"},{"floor":24,"key":"GamblersBrew"},{"floor":30,"key":"Strength Potion"}],"is_trial":false,"path_per_floor":["M","?","M","$","M","R","M","R","T","R","?","M","E","?","R","B",null,"M","?","M","$","M","R","M","E","T","M","E","R","M","$","R"],"character_chosen":"IRONCLAD","items_purchased":["Perfected Strike","Pommel Strike"],"campfire_rested":0,"item_purchase_floors":[21,31],"current_hp_per_floor":[80,80,80,80,78,78,61,61,61,61,61,65,51,56,56,27,85,72,72,67,67,70,70,85,58,58,71,62,62,66,66,66,0],"gold":34,"neow_bonus":"RANDOM_COMMON_RELIC","is_prod":false,"is_daily":false,"chose_seed":false,"campfire_upgraded":7,"win_rate":0.0,"timestamp":1530811232,"path_taken":["M","?","M","$","M","R","M","R","T","R","?","M","E","?","R","BOSS","M","?","M","$","M","R","M","E","T","M","E","R","M","$","R","BOSS"],"build_version":"2018-06-28","purchased_purges":3,"victory":false,"max_hp_per_floor":[80,80,80,80,80,80,80,80,80,80,80,80,80,85,85,85,85,85,85,85,85,85,85,85,85,85,85,85,85,85,85,85,85],"card_choices":[{"not_picked":["Shockwave","Armaments"],"picked":"Pommel Strike","floor":1},{"not_picked":["Burning Pact","Ghostly Armor"],"picked":"Uppercut","floor":3},{"not_picked":["Havoc","Twin Strike"],"picked":"Reckless Charge","floor":5},{"not_picked":["Power Through","True Grit"],"picked":"Iron Wave","floor":7},{"not_picked":["Warcry","Metallicize"],"picked":"Hemokinesis","floor":12},{"not_picked":["Searing Blow","Heavy Blade"],"picked":"Seeing Red","floor":13},{"not_picked":["Impervious","Feed"],"picked":"Reaper","floor":16},{"not_picked":["Wild Strike+1","Ghostly Armor"],"picked":"Pommel Strike","floor":18},{"not_picked":["Headbutt+1","True Grit"],"picked":"Flex","floor":20},{"not_picked":["Uppercut","Clash+1"],"picked":"Wild Strike","floor":22},{"not_picked":["Searing Blow","Headbutt+1"],"picked":"Whirlwind","floor":24},{"not_picked":["Havoc+1","Sever Soul+1"],"picked":"Perfected Strike","floor":25},{"not_picked":["Perfected Strike","Blood for Blood","Searing Blow"],"picked":"SKIP","floor":27},{"not_picked":["Brutality","Pummel"],"picked":"Cleave","floor":28},{"not_picked":["Sword Boomerang","Iron Wave","True Grit"],"picked":"SKIP","floor":30}],"player_experience":44269,"relics_obtained":[{"floor":9,"key":"Bottled Lightning"},{"floor":13,"key":"Self Forming Clay"},{"floor":25,"key":"Orichalcum"},{"floor":26,"key":"Bag of Marbles"},{"floor":28,"key":"Blood Vial"}],"event_choices":[{"event_name":"The Cleric","player_choice":"Card Removal","floor":2,"damage_taken":0},{"event_name":"The Lab","player_choice":"Got Potions","floor":11,"damage_taken":0},{"event_name":"Big Fish","player_choice":"Donut","floor":14,"damage_taken":0},{"event_name":"The Mausoleum","player_choice":"No","floor":19,"damage_taken":0}],"boss_relics":[{"not_picked":["Philosopher\u0027s Stone","Runic Cube"],"picked":"Mark of Pain"}],"items_purged_floors":[4,21,31],"is_endless":false,"potions_floor_spawned":[1,7,12,16,18,22,24,30],"killed_by":"Collector","ascension_level":0}