{"gold_per_floor":[119,132,207,221,221,255,255,104,104,104,36,36,50,60,60,162,162,175,175,175,6,25,25,56,66,121,121,121,121,139,139],"floor_reached":31,"playtime":919,"items_purged":["Strike_B","Strike_B"],"score":364,"play_id":"a27b4255-c6d6-4ff2-b7ce-9a60fbd5be3d","local_time":"20190326080203","is_ascension_mode":true,"campfire_choices":[{"data":"Streamline","floor":7,"key":"SMITH"},{"data":"Zap","floor":10,"key":"SMITH"},{"floor":12,"key":"REST"},{"floor":15,"key":"REST"},{"data":"Heatsinks","floor":23,"key":"SMITH"},{"floor":29,"key":"REST"}],"neow_cost":"NONE","seed_source_timestamp":7981620917785260,"circlet_count":0,"master_deck":["Defend_B","Defend_B","Defend_B","Defend_B","Zap+1","Dualcast+1","Melter+1","Heatsinks+1","Streamline+1","Rip and Tear","Static Discharge+1","Capacitor+1","Ball Lightning","Creative AI+1","Necronomicurse","Defragment+1","Glacier+1","Sweeping Beam+1"],"relics":["Cracked Core","Pen Nib","Frozen Egg 2","Darkstone Periapt","Empty Cage","Necronomicon","Emotion Chip","Tiny Chest","MutagenicStrength","Bottled Tornado"],"potions_floor_usage":[6,24,24],"damage_taken":[{"damage":10,"enemies":"2 Louse","floor":1,"turns":2},{"damage":10,"enemies":"Small Slimes","floor":2,"turns":3},{"damage":8,"enemies":"Jaw Worm","floor":4,"turns":4},{"damage":4,"enemies":"Gremlin Nob","floor":6,"turns":3},{"damage":14,"enemies":"Exordium Wildlife","floor":13,"turns":3},{"damage":13,"enemies":"Large Slime","floor":14,"turns":2},{"damage":0,"enemies":"Slime Boss","floor":16,"turns":5},{"damage":14,"enemies":"Chosen","floor":18,"turns":4},{"damage":21,"enemies":"Shell Parasite","floor":22,"turns":3},{"damage":5,"enemies":"Gremlin Leader","floor":24,"turns":5},{"damage":9,"enemies":"Snake Plant","floor":25,"turns":4},{"damage":7,"enemies":"Sentry and Sphere","floor":30,"turns":3},{"damage":37,"enemies":"Slavers","floor":31,"turns":3}],"seed_played":"-174655550314200086","potions_obtained":[{"floor":1,"key":"Block Potion"},{"floor":14,"key":"Explosive Potion"},{"floor":16,"key":"Swift Potion"},{"floor":18,"key":"LiquidBronze"},{"floor":24,"key":"FearPotion"}],"is_trial":false,"path_per_floor":["M","M","?","M","?","E","R","$","T","R","$","R","M","M","R","B",null,"M","?","?","$","M","R","E","M","T","?","T","R","M","E"],"character_chosen":"DEFECT","items_purchased":["Static Discharge+1","Capacitor+1","Defragment+1"],"campfire_rested":3,"item_purchase_floors":[8,11,21],"current_hp_per_floor":[65,55,44,36,21,17,17,17,17,17,17,39,25,12,34,34,75,61,61,51,51,30,30,25,16,16,16,16,40,33,0],"gold":139,"neow_bonus":"RANDOM_COMMON_RELIC","is_prod":false,"is_daily":false,"chose_seed":false,"campfire_upgraded":3,"win_rate":0,"timestamp":1553601723,"path_taken":["M","M","?","M","?","E","R","$","T","R","$","R","M","M","R","BOSS","M","?","?","$","M","R","E","M","T","?","?","R","M","E"],"build_version":"2019-01-23","purchased_purges":2,"victory":false,"max_hp_per_floor":[75,75,75,75,75,75,75,75,75,75,75,75,75,75,75,75,75,75,75,81,81,81,81,81,81,81,81,81,81,81,81],"card_choices":[{"not_picked":["Ball Lightning","Compile Driver"],"picked":"Melter","floor":1},{"not_picked":["Reprogram","Steam"],"picked":"Heatsinks","floor":2},{"not_picked":["Redo","Consume"],"picked":"Streamline","floor":4},{"not_picked":["Undo","Reinforced Body"],"picked":"Rip and Tear","floor":6},{"not_picked":["Cold Snap","Rebound"],"picked":"Ball Lightning","floor":13},{"not_picked":["Stack","Lockon","Go for the Eyes"],"picked":"SKIP","floor":14},{"not_picked":["Echo Form+1","Meteor Strike"],"picked":"Creative AI+1","floor":16},{"not_picked":["Stack","Rip and Tear","Turbo+1"],"picked":"SKIP","floor":18},{"not_picked":["Lockon+1","Recycle"],"picked":"Glacier+1","floor":22},{"not_picked":["Multi-Cast","Lockon"],"picked":"Sweeping Beam+1","floor":24},{"not_picked":["Hologram+1","Undo","Steam"],"picked":"SKIP","floor":25},{"not_picked":["Go for the Eyes","Steam","Stack"],"picked":"SKIP","floor":30}],"player_experience":527672,"relics_obtained":[{"floor":6,"key":"Frozen Egg 2"},{"floor":9,"key":"Darkstone Periapt"},{"floor":20,"key":"Necronomicon"},{"floor":24,"key":"Emotion Chip"},{"floor":26,"key":"Tiny Chest"},{"floor":28,"key":"Bottled Tornado"}],"event_choices":[{"damage_healed":0,"gold_gain":75,"player_choice":"Gather Gold","damage_taken":11,"max_hp_gain":0,"max_hp_loss":0,"event_name":"World of Goop","floor":3,"gold_loss":0},{"damage_healed":0,"gold_gain":0,"player_choice":"Entered Light","damage_taken":15,"max_hp_gain":0,"max_hp_loss":0,"event_name":"Shining Light","floor":5,"gold_loss":0,"cards_upgraded":["Melter","Dualcast"]},{"damage_healed":0,"gold_gain":0,"player_choice":"Ignored","damage_taken":0,"max_hp_gain":0,"max_hp_loss":0,"event_name":"Vampires","floor":19,"gold_loss":0},{"damage_healed":0,"gold_gain":0,"player_choice":"Obtained Book","damage_taken":16,"max_hp_gain":0,"max_hp_loss":0,"event_name":"Cursed Tome","floor":20,"gold_loss":0},{"damage_healed":0,"gold_gain":0,"player_choice":"Inject Mutagens","damage_taken":0,"relics_obtained":["MutagenicStrength"],"max_hp_gain":0,"max_hp_loss":0,"event_name":"Drug Dealer","floor":27,"gold_loss":0}],"is_beta":false,"boss_relics":[{"not_picked":["Busted Crown","Runic Dome"],"picked":"Empty Cage"}],"items_purged_floors":[8,21],"is_endless":false,"potions_floor_spawned":[1,14,16,18,22,24],"killed_by":"Slavers","ascension_level":4}