{"gold_per_floor":[117,217,236,236,260,296,199,199,199,242,242,261,261,285,285,408,408,426,72,84,119,131,143,168,180,192,204],"floor_reached":27,"playtime":1315,"items_purged":["Injury","Defend_R"],"score":243,"play_id":"5662c4de-d0ed-40a7-ae08-bcef2f9e78b3","local_time":"20180927084004","is_ascension_mode":true,"campfire_choices":[{"data":"Flex","floor":8,"key":"SMITH"},{"floor":11,"key":"REST"},{"data":"Flex","floor":15,"key":"SMITH"},{"floor":23,"key":"REST"},{"floor":25,"key":"REST"}],"neow_cost":"NONE","seed_source_timestamp":508748223023417,"circlet_count":0,"master_deck":["Strike_R","Strike_R","Strike_R","Strike_R","Strike_R","Defend_R","Defend_R","Defend_R","Bash","Cleave","Inflame","Flex+1","Shrug It Off","Flex+1","Flex","Shrug It Off","Searing Blow+1"],"relics":["Burning Blood","Centennial Puzzle","Golden Idol","Unceasing Top","Turnip","PreservedInsect","Art of War","Black Star","MawBank","Nilry\u0027s Codex","Thread and Needle"],"potions_floor_usage":[6,18],"damage_taken":[{"damage":7,"enemies":"2 Louse","floor":1,"turns":3},{"damage":1,"enemies":"Cultist","floor":3,"turns":3},{"damage":12,"enemies":"Jaw Worm","floor":5,"turns":2},{"damage":6,"enemies":"Gremlin Nob","floor":6,"turns":3},{"damage":18,"enemies":"3 Sentries","floor":10,"turns":4},{"damage":21,"enemies":"Gremlin Gang","floor":12,"turns":3},{"damage":28,"enemies":"Large Slime","floor":14,"turns":4},{"damage":42,"enemies":"The Guardian","floor":16,"turns":12},{"damage":26,"enemies":"3 Byrds","floor":18,"turns":5},{"damage":11,"enemies":"Spheric Guardian","floor":21,"turns":3},{"damage":50,"enemies":"Centurion and Healer","floor":24,"turns":5},{"damage":45,"enemies":"Chosen and Byrds","floor":27,"turns":5}],"seed_played":"-3747831086938649835","potions_obtained":[{"floor":3,"key":"Poison Potion"},{"floor":16,"key":"Poison Potion"},{"floor":18,"key":"GamblersBrew"},{"floor":24,"key":"EssenceOfSteel"}],"is_trial":false,"path_per_floor":["M","?","M","?","M","E","$","R","T","E","R","M","T","M","R","B",null,"M","$","?","M","$","R","M","R","T"],"character_chosen":"IRONCLAD","items_purchased":["Flex","Flex","Shrug It Off","MawBank"],"campfire_rested":3,"item_purchase_floors":[7,19,19,19],"current_hp_per_floor":[79,79,80,80,74,74,74,74,74,62,80,65,65,43,43,7,80,60,60,44,39,39,63,19,43,43,0],"gold":204,"neow_bonus":"RANDOM_COMMON_RELIC","is_prod":false,"is_daily":false,"chose_seed":false,"campfire_upgraded":2,"win_rate":0,"timestamp":1538052004,"path_taken":["M","?","?","?","M","E","$","R","T","E","R","M","?","M","R","BOSS","M","?","?","M","$","R","?","R","T","M"],"build_version":"2018-09-20","purchased_purges":2,"victory":false,"max_hp_per_floor":[80,80,80,80,80,80,80,80,80,80,80,80,80,80,80,80,80,80,80,80,80,80,80,80,80,80,80],"card_choices":[{"not_picked":["Infernal Blade","Iron Wave"],"picked":"Cleave","floor":1},{"not_picked":["Wild Strike","Feel No Pain","Shockwave"],"picked":"SKIP","floor":3},{"not_picked":["Hemokinesis","Twin Strike"],"picked":"Inflame","floor":5},{"not_picked":["Shrug It Off","Body Slam","Hemokinesis"],"picked":"SKIP","floor":6},{"not_picked":["Havoc","Ghostly Armor"],"picked":"Shrug It Off","floor":10},{"not_picked":["Armaments","True Grit","Iron Wave"],"picked":"SKIP","floor":12},{"not_picked":["Clothesline","Blood for Blood"],"picked":"Flex","floor":14},{"not_picked":["Disarm+1","Combust","Carnage"],"picked":"SKIP","floor":18},{"not_picked":["Reckless Charge","Cleave"],"picked":"Searing Blow+1","floor":21},{"not_picked":["Cleave","Warcry","Sword Boomerang+1"],"picked":"SKIP","floor":24}],"player_experience":431925,"relics_obtained":[{"floor":6,"key":"Unceasing Top"},{"floor":9,"key":"Turnip"},{"floor":10,"key":"PreservedInsect"},{"floor":13,"key":"Art of War"},{"floor":20,"key":"Nilry\u0027s Codex"},{"floor":26,"key":"Thread and Needle"}],"event_choices":[{"event_name":"Golden Shrine","player_choice":"Pray","floor":2,"damage_taken":0},{"event_name":"Golden Idol","player_choice":"Take Wound","floor":4,"damage_taken":0},{"event_name":"Cursed Tome","player_choice":"Obtained Book","floor":20,"damage_taken":0}],"is_beta":false,"boss_relics":[{"not_picked":["Snecko Eye","Runic Cube"],"picked":"Black Star"}],"items_purged_floors":[7,19],"is_endless":false,"potions_floor_spawned":[3,16,18,24],"killed_by":"Chosen and Byrds","ascension_level":2}