{"gold_per_floor":[113,59,73,92,92,92,120,120,120,131,131,141,141,161,161,262,262,272,284,284,254,271,271,271,95,169,188,188,188],"floor_reached":29,"playtime":2371,"items_purged":[],"score":227,"play_id":"c5e09b9a-b098-465b-bb89-4514be17610c","local_time":"20190218025930","is_ascension_mode":false,"campfire_choices":[{"data":"Loop","floor":6,"key":"SMITH"},{"floor":8,"key":"REST"},{"floor":15,"key":"REST"},{"floor":23,"key":"REST"},{"floor":28,"key":"REST"}],"neow_cost":"NONE","seed_source_timestamp":208053932118440,"circlet_count":0,"master_deck":["Strike_B","Strike_B","Strike_B","Strike_B","Defend_B","Defend_B","Defend_B","Defend_B","Zap","FTL","Loop+1","Redo","Hello World","Rebound","Multi-Cast","Gash","Leap","Thunder Strike","Leap+1","Ball Lightning+1","RitualDagger","Fusion","Lockon+1"],"relics":["Cracked Core","Darkstone Periapt","Inserter","Oddly Smooth Stone","Toxic Egg 2"],"potions_floor_usage":[7,16,16,19,22,22,24,29],"damage_taken":[{"damage":0,"enemies":"2 Louse","floor":1,"turns":3},{"damage":1,"enemies":"Cultist","floor":3,"turns":3},{"damage":3,"enemies":"Small Slimes","floor":4,"turns":2},{"damage":39,"enemies":"3 Sentries","floor":7,"turns":7},{"damage":7,"enemies":"Blue Slaver","floor":10,"turns":2},{"damage":24,"enemies":"Lots of Slimes","floor":12,"turns":4},{"damage":6,"enemies":"Exordium Thugs","floor":14,"turns":4},{"damage":37,"enemies":"Hexaghost","floor":16,"turns":11},{"damage":17,"enemies":"Chosen","floor":18,"turns":5},{"damage":15,"enemies":"Shell Parasite","floor":19,"turns":6},{"damage":36,"enemies":"Shelled Parasite and Fungi","floor":22,"turns":8},{"damage":0,"enemies":"Chosen and Byrds","floor":24,"turns":1},{"damage":32,"enemies":"Snake Plant","floor":27,"turns":6},{"damage":28,"enemies":"Book of Stabbing","floor":29,"turns":4}],"seed_played":"-7274010664724436817","potions_obtained":[{"floor":3,"key":"SkillPotion"},{"floor":4,"key":"Energy Potion"},{"floor":14,"key":"SkillPotion"},{"floor":16,"key":"LiquidBronze"},{"floor":18,"key":"Explosive Potion"},{"floor":21,"key":"Regen Potion"},{"floor":21,"key":"Dexterity Potion"},{"floor":22,"key":"SmokeBomb"}],"is_trial":false,"path_per_floor":["?","M","?","?","?","M","$"],"character_chosen":"DEFECT","items_purchased":["Redo","Fusion","Oddly Smooth Stone"],"campfire_rested":4,"item_purchase_floors":[2,25,25],"current_hp_per_floor":[75,75,74,71,71,71,32,54,54,47,47,23,23,17,39,2,75,58,43,37,37,16,38,38,38,38,6,28,0],"gold":188,"neow_bonus":"THREE_CARDS","is_prod":false,"is_daily":false,"chose_seed":false,"campfire_upgraded":1,"win_rate":0,"timestamp":1550469570,"path_taken":["M","$","M","M","?","R","E","R","T","M","$","?","?","M","R","BOSS","M","M","?","?","?","R","M","?","T","M","R","E"],"build_version":"2019-01-23","purchased_purges":0,"victory":false,"max_hp_per_floor":[75,75,75,75,75,75,75,75,75,75,75,75,75,75,75,75,75,75,75,75,75,75,75,75,75,75,75,75,75],"card_choices":[{"not_picked":["BootSequence","Coolheaded"],"picked":"FTL","floor":0},{"not_picked":["Sweeping Beam","Streamline"],"picked":"Loop","floor":1},{"not_picked":["Force Field","Coolheaded"],"picked":"Hello World","floor":3},{"not_picked":["Steam","Barrage"],"picked":"Rebound","floor":4},{"not_picked":["Heatsinks","Recycle"],"picked":"Multi-Cast","floor":7},{"not_picked":["Blizzard","Stack"],"picked":"Gash","floor":10},{"not_picked":["Coolheaded","Scrape"],"picked":"Leap","floor":12},{"not_picked":["Cold Snap","Hello World","Sunder"],"picked":"SKIP","floor":14},{"not_picked":["Multi-Cast","Hyperbeam"],"picked":"Thunder Strike","floor":16},{"not_picked":["Heatsinks","Glacier"],"picked":"Leap+1","floor":18},{"not_picked":["Genetic Algorithm","Sweeping Beam+1"],"picked":"Ball Lightning+1","floor":19},{"not_picked":["Stack","Barrage","Amplify"],"picked":"SKIP","floor":22},{"not_picked":["Streamline","Go for the Eyes+1"],"picked":"Lockon+1","floor":27}],"player_experience":207719,"relics_obtained":[{"floor":7,"key":"Darkstone Periapt"},{"floor":26,"key":"Toxic Egg 2"}],"event_choices":[{"cards_removed":["Dualcast"],"damage_healed":0,"gold_gain":0,"player_choice":"Offered Basic","damage_taken":0,"max_hp_gain":0,"max_hp_loss":0,"event_name":"Bonfire Elementals","floor":5,"gold_loss":0},{"damage_healed":0,"gold_gain":0,"player_choice":"Ignored","damage_taken":0,"max_hp_gain":0,"max_hp_loss":0,"event_name":"Liars Game","floor":13,"gold_loss":0},{"damage_healed":0,"gold_gain":0,"player_choice":"Joined the Cult","damage_taken":6,"max_hp_gain":0,"max_hp_loss":0,"event_name":"Nest","floor":20,"gold_loss":0,"cards_obtained":["RitualDagger"]},{"damage_healed":0,"gold_gain":0,"player_choice":"Bought 2 Potions","damage_taken":0,"max_hp_gain":0,"max_hp_loss":0,"event_name":"The Woman in Blue","floor":21,"gold_loss":0}],"is_beta":false,"boss_relics":[{"not_picked":["Fusion Hammer","Orrery"],"picked":"Inserter"}],"items_purged_floors":[],"is_endless":false,"potions_floor_spawned":[3,4,14,16,18,22],"killed_by":"Book of Stabbing","ascension_level":0}