{"gold_per_floor":[113,129,142,67,67,67,20,20,47,74,86,148,159,169,169,169],"floor_reached":16,"playtime":530,"items_purged":["Defend_R"],"score":112,"play_id":"0d0ae563-34bb-473c-857e-169805d97c19","local_time":"20180731091025","is_ascension_mode":false,"campfire_choices":[{"data":"Thunderclap","floor":6,"key":"SMITH"},{"data":"Brutality","floor":8,"key":"SMITH"},{"floor":15,"key":"REST"}],"neow_cost":"NONE","seed_source_timestamp":1731940197322917,"circlet_count":0,"master_deck":["Strike_R","Strike_R","Strike_R","Strike_R","Strike_R","Defend_R","Defend_R","Bash","Brutality+1","Shrug It Off","Thunderclap+1","Feel No Pain","Shrug It Off","Carnage"],"relics":["Burning Blood","Happy Flower","Regal Pillow","Tiny Chest"],"potions_floor_usage":[10,16],"damage_taken":[{"damage":6,"enemies":"Cultist","floor":1,"turns":3},{"damage":5,"enemies":"2 Louse","floor":2,"turns":3},{"damage":8,"enemies":"Small Slimes","floor":3,"turns":3},{"damage":21,"enemies":"3 Sentries","floor":10,"turns":6},{"damage":1,"enemies":"3 Louse","floor":11,"turns":2},{"damage":40,"enemies":"Lagavulin","floor":12,"turns":5},{"damage":13,"enemies":"Blue Slaver","floor":13,"turns":3},{"damage":15,"enemies":"2 Fungi Beasts","floor":14,"turns":3},{"damage":60,"enemies":"The Guardian","floor":16,"turns":8}],"seed_played":"-5368239949091817699","potions_obtained":[{"floor":3,"key":"Poison Potion"},{"floor":11,"key":"GamblersBrew"},{"floor":14,"key":"Poison Potion"}],"is_trial":false,"path_per_floor":["M","M","M","$","?","R","$","R","T","E","M","E","M","M","R"],"character_chosen":"IRONCLAD","items_purchased":["Shrug It Off"],"campfire_rested":1,"item_purchase_floors":[7],"current_hp_per_floor":[80,80,78,78,78,78,78,78,78,63,68,34,27,18,57,0],"gold":169,"neow_bonus":"ONE_RANDOM_RARE_CARD","is_prod":false,"is_daily":false,"chose_seed":false,"campfire_upgraded":2,"win_rate":0,"timestamp":1533042625,"path_taken":["M","?","?","$","?","R","$","R","T","E","M","E","M","M","R","BOSS"],"build_version":"2018-07-26","purchased_purges":1,"victory":false,"max_hp_per_floor":[80,80,80,80,80,80,80,80,80,80,80,80,80,80,80,80],"card_choices":[{"not_picked":["Iron Wave","Metallicize"],"picked":"Shrug It Off","floor":1},{"not_picked":["Heavy Blade","Clothesline","Feel No Pain"],"picked":"SKIP","floor":2},{"not_picked":["Twin Strike","Warcry"],"picked":"Thunderclap","floor":3},{"not_picked":["Clothesline","Hemokinesis","Sentinel"],"picked":"SKIP","floor":10},{"not_picked":["Armaments","Iron Wave"],"picked":"Carnage","floor":11},{"not_picked":["Iron Wave","Sword Boomerang","Dark Embrace"],"picked":"SKIP","floor":12},{"not_picked":["Perfected Strike","Body Slam","Headbutt"],"picked":"SKIP","floor":13},{"not_picked":["Rage","True Grit","Corruption"],"picked":"SKIP","floor":14}],"player_experience":290912,"relics_obtained":[{"floor":9,"key":"Happy Flower"},{"floor":10,"key":"Regal Pillow"},{"floor":12,"key":"Tiny Chest"}],"event_choices":[{"event_name":"Transmorgrifier","player_choice":"Transform","floor":5,"damage_taken":0}],"is_beta":false,"boss_relics":[],"items_purged_floors":[4],"is_endless":false,"potions_floor_spawned":[3,11,14],"killed_by":"The Guardian","ascension_level":0}