{"gold_per_floor":[118,128,128,141,152,182,182,208,258,270,287,287,305,320,320,415,415,431,521,278,266,139,139,149,161,188,188,148,161,161],"floor_reached":30,"playtime":4096,"items_purged":[],"score":271,"play_id":"eb994cad-10a2-4e8b-b016-5d602c4d29d8","local_time":"20190209080127","is_ascension_mode":false,"campfire_choices":[{"floor":7.0,"key":"REST"},{"floor":12.0,"key":"REST"},{"floor":15.0,"key":"REST"},{"floor":23,"key":"RECALL"},{"data":"Heavy Blade","floor":27,"key":"SMITH"}],"neow_cost":"PERCENT_DAMAGE","seed_source_timestamp":0,"circlet_count":0,"master_deck":["Strike_R","Strike_R+1","Strike_R","Strike_R","Strike_R","Defend_R","Defend_R","Defend_R","Defend_R","Bash","Flex","Flex","Intimidate","Headbutt","Headbutt+1","Headbutt","Spot Weakness+1","Heavy Blade+1","Reaper","Flex+1","Flex+1","Shrug It Off+1","Rage+1","Twin Strike","Shrug It Off+1"],"special_seed":0,"relics":["Burning Blood","Ginger","Ancient Tea Set","Toxic Egg 2","Strawberry","Runic Cube","Omamori","Red Skull"],"potions_floor_usage":[18,24,25,30,30],"damage_taken":[{"damage":1.0,"enemies":"Jaw Worm","floor":1.0,"turns":6.0},{"damage":1.0,"enemies":"Cultist","floor":2.0,"turns":3.0},{"damage":0.0,"enemies":"Small Slimes","floor":4.0,"turns":3.0},{"damage":9.0,"enemies":"Gremlin Gang","floor":5.0,"turns":6.0},{"damage":35.0,"enemies":"Lagavulin","floor":6.0,"turns":6.0},{"damage":50.0,"enemies":"3 Sentries","floor":8.0,"turns":10.0},{"damage":21.0,"enemies":"Exordium Wildlife","floor":10.0,"turns":3.0},{"damage":10.0,"enemies":"Looter","floor":11.0,"turns":3.0},{"damage":7.0,"enemies":"Large Slime","floor":13.0,"turns":3.0},{"damage":17.0,"enemies":"Blue Slaver","floor":14.0,"turns":3.0},{"damage":43.0,"enemies":"Hexaghost","floor":16.0,"turns":7.0},{"damage":17,"enemies":"Chosen","floor":18,"turns":6},{"damage":19,"enemies":"2 Thieves","floor":21,"turns":4},{"damage":18,"enemies":"Snecko","floor":24,"turns":6},{"damage":22,"enemies":"Sentry and Sphere","floor":25,"turns":4},{"damage":0,"enemies":"Cultist and Chosen","floor":29,"turns":4},{"damage":62,"enemies":"Slavers","floor":30,"turns":5}],"seed_played":"6563139067163375543","potions_obtained":[{"floor":4.0,"key":"Weak Potion"},{"floor":6.0,"key":"EssenceOfSteel"},{"floor":8.0,"key":"LiquidBronze"},{"floor":16.0,"key":"EssenceOfSteel"},{"floor":24,"key":"Weak Potion"},{"floor":29,"key":"Swift Potion"}],"is_trial":false,"path_per_floor":["?","M","?","$","?","M"],"character_chosen":"IRONCLAD","items_purchased":["Flex+1","Swift Potion","Omamori","Rage+1","Block Potion"],"campfire_rested":3,"item_purchase_floors":[20,20,20,22,22],"current_hp_per_floor":[61,66,66,72,69,40,64,20,27,12,8,34,33,22,48,11,87,76,60,60,63,63,63,59,43,43,43,43,49,0],"gold":161,"neow_bonus":"ONE_RARE_RELIC","is_prod":false,"is_daily":false,"chose_seed":false,"campfire_upgraded":1,"win_rate":0,"timestamp":1549710087,"path_taken":["M","M","?","?","M","E","R","E","T","M","M","R","M","M","R","BOSS","M","?","$","M","?","R","M","M","T","R","?","?","E"],"build_version":"2019-01-23","purchased_purges":0,"victory":false,"max_hp_per_floor":[80,80,80,80,80,80,80,80,87,87,87,87,87,87,87,87,87,87,87,87,87,87,87,87,87,87,87,87,87,87],"card_choices":[{"not_picked":["Cleave","Clothesline"],"picked":"Flex","floor":1.0},{"not_picked":["Anger","Clash"],"picked":"Flex","floor":2.0},{"not_picked":["Armaments","Anger"],"picked":"Headbutt","floor":4.0},{"not_picked":["Anger","Warcry"],"picked":"Headbutt","floor":5.0},{"not_picked":["Intimidate","Flame Barrier"],"picked":"Headbutt","floor":6.0},{"not_picked":["Wild Strike","Anger"],"picked":"Spot Weakness","floor":8.0},{"not_picked":["Perfected Strike","Iron Wave","Carnage"],"picked":"SKIP","floor":10.0},{"not_picked":["Carnage","Whirlwind","Thunderclap"],"picked":"SKIP","floor":11.0},{"not_picked":["Burning Pact+1","Searing Blow"],"picked":"Heavy Blade","floor":13.0},{"not_picked":["Clothesline","Barricade","Shrug It Off+1"],"picked":"SKIP","floor":14.0},{"not_picked":["Brutality","Impervious+1"],"picked":"Reaper","floor":16.0},{"not_picked":["Fire Breathing","Clothesline+1"],"picked":"Flex+1","floor":18},{"not_picked":["Anger","Intimidate+1"],"picked":"Shrug It Off+1","floor":21},{"not_picked":["Clothesline","Clash"],"picked":"Twin Strike","floor":24},{"not_picked":["Body Slam","Burning Pact+1"],"picked":"Shrug It Off+1","floor":25},{"not_picked":["Rupture","Cleave","Clash+1"],"picked":"SKIP","floor":29}],"player_experience":125193,"relics_obtained":[{"floor":6.0,"key":"Ancient Tea Set"},{"floor":8.0,"key":"Toxic Egg 2"},{"floor":9.0,"key":"Strawberry"},{"floor":26,"key":"Red Skull"}],"event_choices":[{"damage_healed":0.0,"max_hp_gain":0.0,"max_hp_loss":0.0,"gold_gain":0.0,"event_name":"Match and Keep!","player_choice":"1 cards matched","floor":3.0,"gold_loss":0.0,"damage_taken":0.0,"cards_obtained":["Intimidate"]},{"damage_healed":0,"gold_gain":90,"player_choice":"GOLD ","damage_taken":16,"max_hp_gain":0,"max_hp_loss":0,"event_name":"Knowing Skull","floor":19,"potions_obtained":[],"gold_loss":0,"cards_obtained":[]},{"damage_healed":0,"gold_gain":0,"player_choice":"Upgraded Two","damage_taken":0,"max_hp_gain":0,"max_hp_loss":0,"event_name":"Designer","floor":28,"gold_loss":40,"cards_upgraded":["Headbutt","Strike_R"]}],"is_beta":false,"boss_relics":[{"not_picked":["Pandora\u0027s Box","Fusion Hammer"],"picked":"Runic Cube"}],"items_purged_floors":[],"is_endless":false,"potions_floor_spawned":[4,6,8,16,24,29],"killed_by":"Slavers","ascension_level":0}