{"gold_per_floor":[17,17,92,267,279,311,311,213,213,213,163,176,176,194,194,294,294,312,34,34,33,33,33,48,48,119,137,137,152,164,176,176,176],"floor_reached":33,"playtime":12679,"items_purged":["Doubt","Strike_G"],"score":272,"play_id":"3c4792de-34ed-4a4f-91a9-1ba0d76a1645","local_time":"20180710174247","is_ascension_mode":false,"campfire_choices":[{"data":"Dagger Throw","floor":7,"key":"SMITH"},{"floor":10,"key":"REST"},{"data":"Cloak And Dagger","floor":15,"key":"SMITH"},{"floor":23,"key":"REST"},{"floor":32,"key":"REST"}],"neow_cost":"NO_GOLD","seed_source_timestamp":1686329248370821,"circlet_count":0,"master_deck":["Defend_G","Defend_G","Strike_G","Strike_G","Survivor","Neutralize","Quick Slash","Dagger Throw+1","Footwork","Deadly Poison","Cloak And Dagger+1","Calculated Gamble","Acrobatics","Accuracy","Bouncing Flask","Quick Slash+1","Malaise","Cloak And Dagger+1","Accuracy"],"relics":["Ring of the Snake","Singing Bowl","Prayer Wheel","Lizard Tail","Letter Opener"],"potions_floor_usage":[16,16,21,24,24,30,31],"damage_taken":[{"damage":1,"enemies":"Cultist","floor":1,"turns":4},{"damage":0,"enemies":"2 Louse","floor":5,"turns":2},{"damage":24,"enemies":"3 Sentries","floor":6,"turns":8},{"damage":2,"enemies":"Small Slimes","floor":12,"turns":2},{"damage":9,"enemies":"2 Fungi Beasts","floor":14,"turns":3},{"damage":37,"enemies":"The Guardian","floor":16,"turns":13},{"damage":27,"enemies":"Spheric Guardian","floor":18,"turns":6},{"damage":26,"enemies":"2 Thieves","floor":21,"turns":4},{"damage":20,"enemies":"Chosen and Byrds","floor":24,"turns":5},{"damage":41,"enemies":"Slaver and Parasite","floor":27,"turns":9},{"damage":42,"enemies":"Sentry and Sphere","floor":29,"turns":7},{"damage":12,"enemies":"Centurion and Healer","floor":30,"turns":9},{"damage":0,"enemies":"Snake Plant","floor":31,"turns":6},{"damage":38,"enemies":"Champ","floor":33,"turns":9}],"seed_played":"-8640118842794441361","potions_obtained":[{"floor":1,"key":"Energy Potion"},{"floor":5,"key":"Fire Potion"},{"floor":18,"key":"Regen Potion"},{"floor":24,"key":"Dexterity Potion"},{"floor":29,"key":"Strength Potion"}],"is_trial":false,"path_per_floor":["M","$","?","?","M","E","R","$","T","R","?","M","?","M","R","B",null,"M","$","?","M","?","R","M","?","T","M","?","M","M","M","R"],"character_chosen":"THE_SILENT","items_purchased":["Deadly Poison","Accuracy","Strength Potion","Strength Potion"],"campfire_rested":3,"item_purchase_floors":[8,19,19,19],"current_hp_per_floor":[69,69,58,58,58,34,34,34,34,55,55,55,55,48,48,13,76,51,51,51,39,39,62,44,44,44,7,7,13,3,7,34,0],"gold":176,"neow_bonus":"REMOVE_TWO","is_prod":false,"is_daily":false,"chose_seed":false,"campfire_upgraded":2,"win_rate":0,"timestamp":1531258967,"path_taken":["M","?","?","?","M","E","R","$","T","R","?","?","?","M","R","BOSS","M","$","?","M","?","R","M","?","T","M","?","M","M","?","R","BOSS"],"build_version":"2018-07-05","purchased_purges":2,"victory":false,"max_hp_per_floor":[70,70,70,70,70,70,70,70,70,70,70,72,72,74,74,76,76,78,78,78,78,78,78,80,80,80,84,84,86,88,92,92,92],"card_choices":[{"not_picked":["Crippling Poison","Catalyst"],"picked":"Quick Slash","floor":1},{"not_picked":["Sucker Punch","Deflect"],"picked":"Dagger Throw","floor":5},{"not_picked":["Endless Agony","Accuracy"],"picked":"Footwork","floor":6},{"not_picked":["Underhanded Strike","Prepared"],"picked":"Cloak And Dagger","floor":12},{"not_picked":["Dodge and Roll","Doppelganger","Underhanded Strike"],"picked":"Singing Bowl","floor":12},{"not_picked":["Accuracy","All Out Attack","Blur"],"picked":"Singing Bowl","floor":14},{"not_picked":["Reflex","Quick Slash"],"picked":"Calculated Gamble","floor":14},{"not_picked":["Corpse Explosion","Tools of the Trade","Envenom"],"picked":"Singing Bowl","floor":16},{"not_picked":["Underhanded Strike","Heel Hook+1","Deflect"],"picked":"Singing Bowl","floor":18},{"not_picked":["PiercingWail","Heel Hook"],"picked":"Acrobatics","floor":18},{"not_picked":["Slice","Dagger Spray"],"picked":"Bouncing Flask","floor":21},{"not_picked":["Outmaneuver","Accuracy","Acrobatics"],"picked":"SKIP","floor":21},{"not_picked":["Backflip","Flying Knee","Acrobatics"],"picked":"Singing Bowl","floor":24},{"not_picked":["Night Terror","PiercingWail+1"],"picked":"Quick Slash+1","floor":24},{"not_picked":["Quick Slash","Dagger Throw","Catalyst"],"picked":"Singing Bowl","floor":27},{"not_picked":["Slice","Masterful Stab","Prepared"],"picked":"Singing Bowl","floor":27},{"not_picked":["Backflip","Outmaneuver"],"picked":"Cloak And Dagger+1","floor":29},{"not_picked":["Flying Knee","Skewer","Slice"],"picked":"Singing Bowl","floor":29},{"not_picked":["Prepared","Quick Slash+1"],"picked":"Accuracy","floor":30},{"not_picked":["Deflect","Noxious Fumes+1","Underhanded Strike"],"picked":"Singing Bowl","floor":30},{"not_picked":["Dodge and Roll","Corpse Explosion","Deadly Poison"],"picked":"Singing Bowl","floor":31},{"not_picked":["All Out Attack","Dagger Spray","Well Laid Plans+1"],"picked":"Singing Bowl","floor":31}],"player_experience":189084,"relics_obtained":[{"floor":6,"key":"Singing Bowl"},{"floor":9,"key":"Prayer Wheel"},{"floor":26,"key":"Letter Opener"}],"event_choices":[{"event_name":"World of Goop","player_choice":"Gather Gold","floor":3,"damage_taken":0},{"event_name":"Liars Game","player_choice":"agreed","floor":4,"damage_taken":0},{"event_name":"The Cleric","player_choice":"Card Removal","floor":11,"damage_taken":0},{"event_name":"FaceTrader","player_choice":"Leave","floor":13,"damage_taken":0},{"event_name":"The Mausoleum","player_choice":"No","floor":20,"damage_taken":0},{"event_name":"Back to Basics","player_choice":"Elegance","floor":22,"damage_taken":0},{"event_name":"Transmorgrifier","player_choice":"Transform","floor":25,"damage_taken":0},{"event_name":"Cursed Tome","player_choice":"Ignored","floor":28,"damage_taken":0}],"boss_relics":[{"not_picked":["Runic Pyramid","Fusion Hammer"],"picked":"Lizard Tail"}],"items_purged_floors":[8,19],"is_endless":false,"potions_floor_spawned":[1,5,18,24,29],"killed_by":"Champ","ascension_level":0}