{"gold_per_floor":[116,129,146,126,136,136,162,176,176,451,468,208,208,237,237,333,333,353,230,240,64,84,84,110,124,199,214,214,214,232,282,282,379,379,390,405,419,97,97,97,97],"floor_reached":41,"playtime":1770,"items_purged":["Strike_G","Regret","Strike_G"],"score":523,"play_id":"11ce006b-c9eb-417e-b866-5d77716f8f0d","local_time":"20190328090008","is_ascension_mode":true,"campfire_choices":[{"data":"Corpse Explosion","floor":6,"key":"SMITH"},{"data":"Bouncing Flask","floor":13,"key":"SMITH"},{"data":"Noxious Fumes","floor":15,"key":"SMITH"},{"floor":23,"key":"RECALL"},{"floor":32,"key":"REST"},{"data":"Footwork","floor":40,"key":"SMITH"}],"neow_cost":"NONE","seed_source_timestamp":8157064990697207,"circlet_count":0,"master_deck":["Defend_G","Defend_G","Defend_G","Defend_G","Defend_G","Survivor","Neutralize","Corpse Explosion+1","Dagger Throw","Flying Knee","Leg Sweep","Malaise","Bouncing Flask+1","Deadly Poison","Noxious Fumes+1","Die Die Die","Skewer+1","PiercingWail","Bouncing Flask+1","Deadly Poison","Footwork+1","Bite","Bite","Bite","Bite","Bite","Prepared+1","Dodge and Roll+1","Catalyst"],"relics":["Ring of the Snake","Dodecahedron","Lantern","PreservedInsect","Bag of Preparation","Philosopher\u0027s Stone","Paper Crane","Velvet Choker","Meat on the Bone"],"potions_floor_usage":[5,7,16,24,24,27,33,33,37],"damage_taken":[{"damage":4,"enemies":"2 Louse","floor":1,"turns":2},{"damage":0,"enemies":"Cultist","floor":2,"turns":3},{"damage":2,"enemies":"Small Slimes","floor":3,"turns":3},{"damage":3,"enemies":"Red Slaver","floor":5,"turns":2},{"damage":18,"enemies":"3 Sentries","floor":7,"turns":3},{"damage":2,"enemies":"Lots of Slimes","floor":8,"turns":2},{"damage":2,"enemies":"Blue Slaver","floor":11,"turns":3},{"damage":0,"enemies":"Gremlin Nob","floor":14,"turns":3},{"damage":18,"enemies":"The Guardian","floor":16,"turns":7},{"damage":27,"enemies":"2 Thieves","floor":18,"turns":3},{"damage":0,"enemies":"Spheric Guardian","floor":20,"turns":3},{"damage":0,"enemies":"Chosen and Byrds","floor":22,"turns":4},{"damage":8,"enemies":"Slavers","floor":24,"turns":4},{"damage":20,"enemies":"Shelled Parasite and Fungi","floor":25,"turns":5},{"damage":10,"enemies":"Snake Plant","floor":27,"turns":3},{"damage":0,"enemies":"Snecko","floor":30,"turns":5},{"damage":35,"enemies":"Champ","floor":33,"turns":10},{"damage":7,"enemies":"Orb Walker","floor":35,"turns":3},{"damage":10,"enemies":"3 Darklings","floor":36,"turns":4},{"damage":15,"enemies":"4 Shapes","floor":37,"turns":6},{"damage":44,"enemies":"Reptomancer","floor":41,"turns":6}],"seed_played":"696893040707096221","potions_obtained":[{"floor":1,"key":"Fire Potion"},{"floor":2,"key":"SteroidPotion"},{"floor":4,"key":"Explosive Potion"},{"floor":7,"key":"SpeedPotion"},{"floor":11,"key":"SkillPotion"},{"floor":14,"key":"PowerPotion"},{"floor":18,"key":"GamblersBrew"},{"floor":22,"key":"Fire Potion"},{"floor":25,"key":"Swift Potion"},{"floor":30,"key":"Regen Potion"},{"floor":36,"key":"GhostInAJar"},{"floor":37,"key":"SpeedPotion"}],"is_trial":false,"path_per_floor":["M","M","M","?","M","R","E","M","T","?","M","$","R","E","R","B",null,"M","$","M","$","M","R","E","M","T","M","?","?","M","?","R","B",null,"M","M","M","$","?","R","E"],"character_chosen":"THE_SILENT","items_purchased":["Noxious Fumes","PreservedInsect","PiercingWail","Deadly Poison","Catalyst","Meat on the Bone"],"campfire_rested":1,"item_purchase_floors":[12,12,19,21,38,38],"current_hp_per_floor":[66,66,64,64,61,61,43,41,41,41,39,39,39,39,39,21,70,43,43,43,43,43,43,35,15,15,5,5,5,11,11,25,13,49,42,42,33,33,33,33,0],"gold":97,"neow_bonus":"ONE_RANDOM_RARE_CARD","is_prod":false,"is_daily":false,"chose_seed":false,"campfire_upgraded":4,"win_rate":0,"timestamp":1553778008,"path_taken":["M","M","M","?","?","R","E","M","T","?","?","$","R","E","R","BOSS","M","$","?","$","M","R","E","M","T","M","?","?","M","?","R","BOSS","M","M","M","$","?","R","E"],"build_version":"2019-01-23","purchased_purges":3,"victory":false,"max_hp_per_floor":[70,70,70,70,70,70,70,70,70,70,70,70,70,70,70,70,70,70,70,70,70,70,70,70,70,70,70,70,49,49,49,49,49,49,49,49,49,49,49,49,49],"card_choices":[{"not_picked":["Prepared","Expertise"],"picked":"Dagger Throw","floor":1},{"not_picked":["Riddle With Holes","Flechettes"],"picked":"Flying Knee","floor":2},{"not_picked":["Deflect","Dagger Throw"],"picked":"Leg Sweep","floor":3},{"not_picked":["Calculated Gamble","Outmaneuver"],"picked":"Malaise","floor":5},{"not_picked":["Deflect","Leg Sweep","Slice"],"picked":"SKIP","floor":7},{"not_picked":["Poisoned Stab","Dagger Throw"],"picked":"Bouncing Flask","floor":8},{"not_picked":["Outmaneuver","Underhanded Strike"],"picked":"Deadly Poison","floor":11},{"not_picked":["Predator","Caltrops"],"picked":"A Thousand Cuts","floor":14},{"not_picked":["A Thousand Cuts","Unload"],"picked":"Die Die Die","floor":16},{"not_picked":["Accuracy","Slice"],"picked":"Skewer+1","floor":18},{"not_picked":["PiercingWail","Caltrops"],"picked":"Bouncing Flask+1","floor":20},{"not_picked":["Tactician","Deadly Poison","Quick Slash"],"picked":"SKIP","floor":22},{"not_picked":["Quick Slash","Outmaneuver+1"],"picked":"Footwork","floor":24},{"not_picked":["Bane","Dodge and Roll","Concentrate+1"],"picked":"SKIP","floor":25},{"not_picked":["Acrobatics+1","Bane+1","Die Die Die"],"picked":"SKIP","floor":27},{"not_picked":["Poisoned Stab","Dagger Spray+1"],"picked":"Prepared+1","floor":30},{"not_picked":["Deflect","Dagger Throw+1","Bane"],"picked":"SKIP","floor":35},{"not_picked":["Dagger Spray+1","Blade Dance","Noxious Fumes+1"],"picked":"SKIP","floor":36},{"not_picked":["Distraction","Setup"],"picked":"Dodge and Roll+1","floor":37}],"player_experience":573210,"relics_obtained":[{"floor":7,"key":"Dodecahedron"},{"floor":9,"key":"Lantern"},{"floor":14,"key":"Bag of Preparation"},{"floor":24,"key":"Paper Crane"}],"event_choices":[{"damage_healed":0,"gold_gain":0,"player_choice":"Bought 1 Potion","damage_taken":0,"max_hp_gain":0,"max_hp_loss":0,"event_name":"The Woman in Blue","floor":4,"gold_loss":0},{"damage_healed":0,"gold_gain":275,"player_choice":"Desecrate","damage_taken":0,"max_hp_gain":0,"max_hp_loss":0,"event_name":"Golden Shrine","floor":10,"gold_loss":0,"cards_obtained":["Regret"]},{"damage_healed":0,"gold_gain":0,"player_choice":"Ignored","damage_taken":0,"max_hp_gain":0,"max_hp_loss":0,"event_name":"Cursed Tome","floor":28,"gold_loss":0},{"damage_healed":0,"gold_gain":0,"player_choice":"Became a vampire","damage_taken":0,"max_hp_gain":0,"max_hp_loss":21,"event_name":"Vampires","floor":29,"gold_loss":0,"cards_obtained":["Bite","Bite","Bite","Bite","Bite"]},{"damage_healed":0,"gold_gain":100,"player_choice":"Bet on Murderer","damage_taken":0,"max_hp_gain":0,"max_hp_loss":0,"event_name":"The Joust","floor":31,"gold_loss":50},{"cards_removed":["A Thousand Cuts"],"damage_healed":0,"gold_gain":0,"player_choice":"Purged","damage_taken":0,"max_hp_gain":0,"max_hp_loss":0,"event_name":"Purifier","floor":39,"gold_loss":0}],"is_beta":false,"boss_relics":[{"not_picked":["WristBlade","Astrolabe"],"picked":"Philosopher\u0027s Stone"},{"not_picked":["Snecko Eye","Orrery"],"picked":"Velvet Choker"}],"items_purged_floors":[12,19,21],"is_endless":false,"potions_floor_spawned":[1,2,7,11,14,18,22,25,30,36,37],"killed_by":"Reptomancer","ascension_level":1}