{"gold_per_floor":[110,121,132,132,33,60,75,75,75,75,150,185,196,226,226,327,327,327,267,267,267,144,144,144,144,144,144,144,144,0,0,0,0],"floor_reached":33,"playtime":2258,"items_purged":["Strike_G"],"score":328,"play_id":"c10f45eb-6bff-4bca-9011-f122d0c99639","local_time":"20190329082046","is_ascension_mode":true,"campfire_choices":[{"floor":8,"key":"REST"},{"data":"Dagger Spray","floor":10,"key":"SMITH"},{"floor":15,"key":"REST"},{"data":"Footwork","floor":23,"key":"SMITH"},{"floor":27,"key":"REST"},{"data":"Tools of the Trade","floor":32,"key":"SMITH"}],"neow_cost":"NONE","seed_source_timestamp":8240618238856181,"circlet_count":0,"master_deck":["Defend_G","Defend_G","Defend_G","Defend_G","Defend_G","Strike_G","Strike_G","Strike_G","Survivor","Neutralize","PiercingWail","Quick Slash","Dagger Spray+1","Slice","Footwork+1","Caltrops","Skewer","Deflect","Corpse Explosion","Dodge and Roll+1","Cloak And Dagger","Tools of the Trade+1","Catalyst","Leg Sweep+1"],"relics":["Ring of the Snake","NeowsBlessing","Pear","PreservedInsect","Darkstone Periapt","Mercury Hourglass","Kunai","Ectoplasm","FossilizedHelix","Pen Nib","MutagenicStrength","Lantern"],"potions_floor_usage":[6,7,14,16,18,31,33,33],"damage_taken":[{"damage":0,"enemies":"Cultist","floor":1,"turns":1},{"damage":0,"enemies":"2 Louse","floor":2,"turns":1},{"damage":0,"enemies":"Small Slimes","floor":3,"turns":1},{"damage":35,"enemies":"Lagavulin","floor":6,"turns":8},{"damage":6,"enemies":"Exordium Wildlife","floor":7,"turns":5},{"damage":6,"enemies":"3 Sentries","floor":12,"turns":4},{"damage":8,"enemies":"Blue Slaver","floor":13,"turns":3},{"damage":14,"enemies":"Gremlin Nob","floor":14,"turns":4},{"damage":12,"enemies":"The Guardian","floor":16,"turns":15},{"damage":11,"enemies":"Shell Parasite","floor":18,"turns":6},{"damage":19,"enemies":"2 Thieves","floor":19,"turns":3},{"damage":10,"enemies":"Centurion and Healer","floor":20,"turns":9},{"damage":6,"enemies":"Snake Plant","floor":24,"turns":5},{"damage":16,"enemies":"Gremlin Leader","floor":25,"turns":6},{"damage":0,"enemies":"Chosen and Byrds","floor":31,"turns":6},{"damage":44,"enemies":"Collector","floor":33,"turns":7}],"seed_played":"2285039188385353541","potions_obtained":[{"floor":1,"key":"GhostInAJar"},{"floor":6,"key":"Swift Potion"},{"floor":14,"key":"EssenceOfSteel"},{"floor":16,"key":"Fire Potion"},{"floor":19,"key":"LiquidBronze"},{"floor":31,"key":"Energy Potion"}],"is_trial":false,"path_per_floor":["M","M","M","?","$","E","M","R","T","R","?","E","M","E","R","B",null,"M","M","M","?","$","R","M","E","T","R","?","T","$","M","R","B"],"character_chosen":"THE_SILENT","items_purchased":["Slice","Fire Potion","PowerPotion","Lantern"],"campfire_rested":3,"item_purchase_floors":[5,5,22,30],"current_hp_per_floor":[70,70,70,77,77,42,36,60,60,60,49,43,35,21,45,33,80,69,50,40,40,40,40,34,18,18,42,42,42,42,42,42,0],"gold":0,"neow_bonus":"THREE_ENEMY_KILL","is_prod":false,"is_daily":false,"chose_seed":false,"campfire_upgraded":3,"win_rate":0,"timestamp":1553862046,"path_taken":["M","M","?","?","$","E","M","R","T","R","?","E","M","E","R","BOSS","M","M","M","?","$","R","?","E","T","R","?","?","?","M","R","BOSS"],"build_version":"2019-01-23","purchased_purges":1,"victory":false,"max_hp_per_floor":[70,70,70,80,80,80,80,80,80,80,80,80,80,80,80,80,80,80,80,80,80,80,80,80,80,80,80,80,80,80,80,80,80],"card_choices":[{"not_picked":["Calculated Gamble","Escape Plan"],"picked":"PiercingWail","floor":1},{"not_picked":["Blade Dance","Bouncing Flask"],"picked":"Quick Slash","floor":2},{"not_picked":["Underhanded Strike","Deadly Poison"],"picked":"Dagger Spray","floor":3},{"not_picked":["PiercingWail","Finisher"],"picked":"Footwork","floor":6},{"not_picked":["Night Terror","Setup"],"picked":"Caltrops","floor":7},{"not_picked":["Poisoned Stab","Blur"],"picked":"Skewer","floor":12},{"not_picked":["Escape Plan","Sucker Punch"],"picked":"Deflect","floor":13},{"not_picked":["Poisoned Stab","Infinite Blades","Outmaneuver"],"picked":"SKIP","floor":14},{"not_picked":["Tools of the Trade","Phantasmal Killer"],"picked":"Corpse Explosion","floor":16},{"not_picked":["Calculated Gamble","Underhanded Strike+1"],"picked":"Dodge and Roll+1","floor":18},{"not_picked":["Skewer","Masterful Stab","Sucker Punch"],"picked":"SKIP","floor":19},{"not_picked":["Eviscerate","Prepared"],"picked":"Cloak And Dagger","floor":20},{"not_picked":["Distraction","Caltrops"],"picked":"Catalyst","floor":24},{"not_picked":["Blade Dance+1","Bouncing Flask"],"picked":"Leg Sweep+1","floor":25},{"not_picked":["Dodge and Roll","Quick Slash","Skewer"],"picked":"SKIP","floor":31}],"player_experience":600263,"relics_obtained":[{"floor":6,"key":"PreservedInsect"},{"floor":9,"key":"Darkstone Periapt"},{"floor":12,"key":"Mercury Hourglass"},{"floor":14,"key":"Kunai"},{"floor":25,"key":"FossilizedHelix"},{"floor":26,"key":"Pen Nib"}],"event_choices":[{"damage_healed":0,"gold_gain":0,"player_choice":"Success","damage_taken":3,"relics_obtained":["Pear"],"max_hp_gain":0,"max_hp_loss":0,"event_name":"Scrap Ooze","floor":4,"gold_loss":0},{"damage_healed":0,"gold_gain":75,"player_choice":"Gather Gold","damage_taken":11,"max_hp_gain":0,"max_hp_loss":0,"event_name":"World of Goop","floor":11,"gold_loss":0},{"damage_healed":0,"gold_gain":0,"cards_transformed":["Strike_G"],"player_choice":"Transformed","damage_taken":0,"max_hp_gain":0,"max_hp_loss":0,"event_name":"Transmorgrifier","floor":21,"gold_loss":0,"cards_obtained":["Tools of the Trade"]},{"damage_healed":0,"gold_gain":0,"player_choice":"Inject Mutagens","damage_taken":0,"relics_obtained":["MutagenicStrength"],"max_hp_gain":0,"max_hp_loss":0,"event_name":"Drug Dealer","floor":28,"gold_loss":0}],"is_beta":false,"boss_relics":[{"not_picked":["Pandora\u0027s Box","HoveringKite"],"picked":"Ectoplasm"}],"items_purged_floors":[22],"is_endless":false,"potions_floor_spawned":[1,6,14,16,19,31],"killed_by":"Collector","ascension_level":3}