{"gold_per_floor":[116,116,136,136,151,151,163,183,183,183,183,195,42,42,42,147,147,157,168,168,268,30,30,30,30,30,43,59,59,77,0,0,105,105,120,18,28,28,40,40,57,57,139,157,157,157,157,171,171,171],"floor_reached":50,"playtime":6396,"items_purged":["Pain"],"score":484,"play_id":"44e28909-7a97-44e2-bf42-dc4eaf0f9e1b","local_time":"20190201073749","is_ascension_mode":false,"campfire_choices":[{"data":"Deadly Poison","floor":6,"key":"SMITH"},{"data":"Prepared","floor":11,"key":"SMITH"},{"data":"Terror","floor":15,"key":"SMITH"},{"floor":23,"key":"REST"},{"data":"Survivor","floor":25,"key":"SMITH"},{"data":"Deflect","floor":29,"key":"SMITH"},{"data":"Catalyst","floor":32,"key":"SMITH"},{"data":"Deadly Poison","floor":40,"key":"SMITH"},{"data":"Finesse","floor":42,"key":"SMITH"},{"floor":45,"key":"REST"},{"data":"Bane","floor":49,"key":"SMITH"}],"neow_cost":"NONE","seed_source_timestamp":37884063742867,"circlet_count":0,"master_deck":["Defend_G+1","Defend_G+1","Defend_G+1","Defend_G+1","Defend_G+1","Strike_G+1","Strike_G+1","Strike_G+1","Strike_G+1","Survivor+1","Neutralize+1","Finesse+1","Deadly Poison+1","Prepared+1","Deadly Poison+1","Terror+1","Bane+1","Deflect+1","Catalyst+1","Deadly Poison+1","Well Laid Plans+1","Deadly Poison+1","Dash+1","Expertise+1","Impatience","Parasite","Bane+1"],"relics":["Ring of the Snake","Torii","Du-Vu Doll","WarpedTongs","Velvet Choker","FossilizedHelix","Matryoshka","Pantograph","Happy Flower","Strawberry","Black Star","Blood Vial"],"potions_floor_usage":[16,16,21,33,41,41,50,50],"damage_taken":[{"damage":0,"enemies":"Small Slimes","floor":1,"turns":5},{"damage":1,"enemies":"2 Louse","floor":3,"turns":3},{"damage":0,"enemies":"Cultist","floor":5,"turns":4},{"damage":8,"enemies":"3 Louse","floor":7,"turns":4},{"damage":9,"enemies":"Blue Slaver","floor":8,"turns":5},{"damage":6,"enemies":"Exordium Wildlife","floor":12,"turns":5},{"damage":19,"enemies":"The Guardian","floor":16,"turns":10},{"damage":11,"enemies":"Spheric Guardian","floor":18,"turns":5},{"damage":0,"enemies":"3 Byrds","floor":19,"turns":6},{"damage":11,"enemies":"Colosseum Slavers","floor":21,"turns":6},{"damage":16,"enemies":"Colosseum Nobs","floor":21,"turns":5},{"damage":0,"enemies":"Snecko","floor":27,"turns":4},{"damage":0,"enemies":"Centurion and Healer","floor":28,"turns":6},{"damage":0,"enemies":"Snake Plant","floor":30,"turns":3},{"damage":57,"enemies":"Champ","floor":33,"turns":11},{"damage":0,"enemies":"Orb Walker","floor":35,"turns":3},{"damage":0,"enemies":"3 Shapes","floor":37,"turns":6},{"damage":0,"enemies":"Maw","floor":39,"turns":5},{"damage":7,"enemies":"3 Darklings","floor":41,"turns":6},{"damage":1,"enemies":"4 Shapes","floor":44,"turns":6},{"damage":0,"enemies":"Writhing Mass","floor":48,"turns":4},{"damage":82,"enemies":"Time Eater","floor":50,"turns":10}],"seed_played":"264962900051329983","potions_obtained":[{"floor":5,"key":"GamblersBrew"},{"floor":12,"key":"Weak Potion"},{"floor":18,"key":"Fire Potion"},{"floor":27,"key":"Explosive Potion"},{"floor":35,"key":"Ancient Potion"},{"floor":37,"key":"EssenceOfSteel"},{"floor":44,"key":"SpeedPotion"}],"is_trial":false,"path_per_floor":["?","?","?","M","?","?","?","$","?","M","$","?","?"],"character_chosen":"THE_SILENT","items_purchased":["Terror","Pantograph","Catalyst","Deadly Poison","Weak Potion"],"campfire_rested":2,"item_purchase_floors":[13,22,31,36,36],"current_hp_per_floor":[70,45,44,67,67,67,59,50,50,50,50,44,44,44,44,25,70,59,59,59,32,32,53,53,53,60,60,60,60,60,60,60,20,77,77,77,77,77,77,77,70,70,70,71,77,77,77,77,77,0],"gold":171,"neow_bonus":"RANDOM_COLORLESS","is_prod":false,"is_daily":false,"chose_seed":false,"campfire_upgraded":9,"win_rate":0.0,"timestamp":1549017469,"path_taken":["M","?","M","?","M","R","M","M","T","?","R","?","$","?","R","BOSS","M","M","?","?","?","R","?","R","T","M","?","R","M","?","R","BOSS","M","$","M","$","M","R","M","R","T","M","R","?","?","M","R","BOSS"],"build_version":"2019-01-23","purchased_purges":1,"victory":false,"max_hp_per_floor":[70,70,70,70,70,70,70,70,70,70,70,70,70,70,70,70,70,70,70,70,70,70,70,70,70,77,77,77,77,77,77,77,77,77,77,77,77,77,77,77,77,77,77,77,77,77,77,77,77,77],"card_choices":[{"not_picked":["Sucker Punch","Flying Knee"],"picked":"Deadly Poison","floor":1},{"not_picked":["Dagger Spray","Underhanded Strike"],"picked":"Prepared","floor":3},{"not_picked":["Prepared","Blade Dance","Acrobatics"],"picked":"SKIP","floor":5},{"not_picked":["Tactician","Acrobatics","PiercingWail"],"picked":"SKIP","floor":7},{"not_picked":["Acrobatics","Reflex","PiercingWail"],"picked":"SKIP","floor":8},{"not_picked":["PiercingWail","Blade Dance"],"picked":"Deadly Poison","floor":12},{"not_picked":["Outmaneuver+1","Skewer+1"],"picked":"Bane+1","floor":18},{"not_picked":["Terror","Quick Slash+1","Underhanded Strike+1"],"picked":"SKIP","floor":19},{"not_picked":["Finisher","Cloak And Dagger"],"picked":"Deflect","floor":27},{"not_picked":["All Out Attack","Accuracy+1","Prepared"],"picked":"SKIP","floor":28},{"not_picked":["Underhanded Strike+1","Doppelganger","Flying Knee+1"],"picked":"SKIP","floor":30},{"not_picked":["Accuracy+1","Footwork","Slice+1"],"picked":"SKIP","floor":35},{"not_picked":["Sucker Punch+1","Dodge and Roll+1"],"picked":"Well Laid Plans+1","floor":37},{"not_picked":["Sucker Punch+1","Outmaneuver+1"],"picked":"Deadly Poison+1","floor":39},{"not_picked":["Tactician","Dagger Throw"],"picked":"Dash+1","floor":41},{"not_picked":["Sucker Punch","Leg Sweep+1"],"picked":"Expertise+1","floor":44},{"not_picked":["Dramatic Entrance","Good Instincts"],"picked":"Impatience","floor":47},{"not_picked":["PiercingWail","A Thousand Cuts"],"picked":"Bane","floor":48}],"player_experience":57694,"relics_obtained":[{"floor":9,"key":"Du-Vu Doll"},{"floor":21,"key":"FossilizedHelix"},{"floor":21,"key":"Matryoshka"},{"floor":26,"key":"Happy Flower"},{"floor":26,"key":"Strawberry"},{"floor":43,"key":"Blood Vial"}],"event_choices":[{"damage_healed":0,"gold_gain":0,"player_choice":"Success","damage_taken":25,"relics_obtained":["Torii"],"max_hp_gain":0,"max_hp_loss":0,"event_name":"Scrap Ooze","floor":2,"gold_loss":0},{"damage_healed":23,"gold_gain":0,"player_choice":"Banana","damage_taken":0,"max_hp_gain":0,"max_hp_loss":0,"event_name":"Big Fish","floor":4,"gold_loss":0},{"damage_healed":0,"gold_gain":0,"player_choice":"Rummage","damage_taken":0,"relics_obtained":["WarpedTongs"],"max_hp_gain":0,"max_hp_loss":0,"event_name":"Accursed Blacksmith","floor":10,"gold_loss":0,"cards_obtained":["Pain"]},{"damage_healed":0,"gold_gain":0,"player_choice":"Grow","damage_taken":0,"max_hp_gain":0,"max_hp_loss":0,"event_name":"Living Wall","floor":14,"gold_loss":0,"cards_upgraded":["Deadly Poison"]},{"damage_healed":0,"gold_gain":0,"player_choice":"Simplicity","damage_taken":0,"max_hp_gain":0,"max_hp_loss":0,"event_name":"Back to Basics","floor":20,"gold_loss":0,"cards_upgraded":["Defend_G","Defend_G","Defend_G","Defend_G","Defend_G","Strike_G","Strike_G","Strike_G","Strike_G","Strike_G"]},{"damage_healed":0,"gold_gain":0,"player_choice":"Fight","damage_taken":0,"max_hp_gain":0,"max_hp_loss":0,"event_name":"Colosseum","floor":21,"gold_loss":0},{"damage_healed":0,"gold_gain":0,"player_choice":"Fought Nobs","damage_taken":0,"max_hp_gain":0,"max_hp_loss":0,"event_name":"Colosseum","floor":21,"gold_loss":0},{"damage_healed":0,"gold_gain":0,"player_choice":"Upgraded","damage_taken":0,"max_hp_gain":0,"max_hp_loss":0,"event_name":"Upgrade Shrine","floor":24,"gold_loss":0,"cards_upgraded":["Neutralize"]},{"cards_removed":["Strike_G"],"damage_healed":0,"gold_gain":0,"player_choice":"Removed Attack","damage_taken":0,"max_hp_gain":0,"max_hp_loss":0,"event_name":"Falling","floor":46,"gold_loss":0},{"damage_healed":0,"gold_gain":0,"player_choice":"Memory 1","damage_taken":0,"max_hp_gain":0,"max_hp_loss":0,"event_name":"SensoryStone","floor":47,"gold_loss":0}],"is_beta":false,"boss_relics":[{"not_picked":["Runic Dome","Astrolabe"],"picked":"Velvet Choker"},{"not_picked":["HoveringKite","Ring of the Serpent"],"picked":"Black Star"}],"items_purged_floors":[13],"is_endless":false,"potions_floor_spawned":[5,12,18,21,27,35,37,39,44],"killed_by":"Time Eater","ascension_level":0}