{"gold_per_floor":[116,66,28,38,54,85,85,99,99,99,116,116,116,116,116,217,217,231,245,16,34,34,34,51,51,74,173,173,184,199,99,99,197,197,209,209,15,28,28,28,0,0,0,0,19,19,353,313,313,313],"floor_reached":50,"playtime":1070,"items_purged":["Defend_R","Defend_R","Defend_R"],"score":568,"play_id":"5aa09f58-e552-470d-a48f-14d46987da3b","local_time":"20180706015000","is_ascension_mode":false,"campfire_choices":[{"data":"Flex","floor":7,"key":"SMITH"},{"data":"Inflame","floor":10,"key":"SMITH"},{"data":"Sword Boomerang","floor":12,"key":"SMITH"},{"data":"Bash","floor":15,"key":"SMITH"},{"data":"Sword Boomerang","floor":23,"key":"SMITH"},{"data":"Bludgeon","floor":25,"key":"SMITH"},{"floor":32,"key":"REST"},{"data":"Inflame","floor":40,"key":"SMITH"},{"data":"Inflame","floor":42,"key":"SMITH"},{"data":"Perfected Strike","floor":44,"key":"SMITH"},{"data":"Strike_R","floor":46,"key":"SMITH"},{"floor":49,"key":"REST"}],"neow_cost":"NONE","seed_source_timestamp":1295226218755056,"circlet_count":0,"master_deck":["Strike_R+1","Strike_R","Strike_R","Strike_R","Strike_R","Bash+1","Flex+1","Inflame+1","Perfected Strike+1","Sword Boomerang+1","Bludgeon+1","Sword Boomerang+1","Sword Boomerang+1","Inflame+1","Inflame+1","Flex"],"relics":["Burning Blood","Singing Bowl","Mercury Hourglass","Ginger","Strawberry","Cursed Key","Omamori","Dream Catcher","Runic Dome","Red Mask","Happy Flower","Old Coin"],"potions_floor_usage":[6,19,29,33,33,33,45,47,50,50],"damage_taken":[{"damage":7,"enemies":"2 Louse","floor":1,"turns":3},{"damage":11,"enemies":"Jaw Worm","floor":4,"turns":3},{"damage":0,"enemies":"Cultist","floor":5,"turns":2},{"damage":36,"enemies":"Lagavulin","floor":6,"turns":4},{"damage":0,"enemies":"Large Slime","floor":8,"turns":3},{"damage":13,"enemies":"Lots of Slimes","floor":11,"turns":3},{"damage":0,"enemies":"Slime Boss","floor":16,"turns":5},{"damage":16,"enemies":"3 Byrds","floor":18,"turns":4},{"damage":20,"enemies":"2 Thieves","floor":19,"turns":3},{"damage":10,"enemies":"Snecko","floor":21,"turns":3},{"damage":10,"enemies":"Sentry and Sphere","floor":24,"turns":3},{"damage":14,"enemies":"Centurion and Healer","floor":29,"turns":3},{"damage":21,"enemies":"Snake Plant","floor":30,"turns":3},{"damage":56,"enemies":"Collector","floor":33,"turns":6},{"damage":18,"enemies":"3 Shapes","floor":35,"turns":2},{"damage":14,"enemies":"3 Darklings","floor":38,"turns":3},{"damage":45,"enemies":"4 Shapes","floor":45,"turns":3},{"damage":24,"enemies":"2 Orb Walkers","floor":47,"turns":3},{"damage":96,"enemies":"Time Eater","floor":50,"turns":5}],"seed_played":"3536850585598377631","potions_obtained":[{"floor":5,"key":"Energy Potion"},{"floor":6,"key":"Block Potion"},{"floor":8,"key":"Ancient Potion"},{"floor":21,"key":"LiquidBronze"},{"floor":29,"key":"Swift Potion"},{"floor":30,"key":"GamblersBrew"},{"floor":38,"key":"GamblersBrew"},{"floor":39,"key":"Fruit Juice"},{"floor":39,"key":"Poison Potion"},{"floor":45,"key":"Energy Potion"},{"floor":48,"key":"FearPotion"}],"is_trial":false,"path_per_floor":["M","?","$","M","M","E","R","M","T","R","M","R","?","T","R","B",null,"M","M","$","M","?","R","M","R","T","?","?","M","M","$","R","B",null,"M","?","$","M","?","R","?","R","T","R","M","R","E","?","R"],"character_chosen":"IRONCLAD","items_purchased":["Inflame","Omamori","Inflame"],"campfire_rested":2,"item_purchase_floors":[3,20,37],"current_hp_per_floor":[79,79,79,74,82,54,54,62,62,62,55,55,47,54,54,60,93,85,73,73,69,50,50,48,48,48,48,48,40,27,27,60,12,110,100,102,102,94,94,94,94,94,94,94,62,62,46,46,82,0],"gold":313,"neow_bonus":"RANDOM_COMMON_RELIC","is_prod":false,"is_daily":false,"chose_seed":false,"campfire_upgraded":10,"win_rate":0.0,"timestamp":1530856200,"path_taken":["M","?","$","M","M","E","R","?","T","R","M","R","?","?","R","BOSS","M","M","$","M","?","R","M","R","T","?","?","M","?","$","R","BOSS","M","?","$","M","?","R","?","R","T","R","M","R","E","?","R","BOSS"],"build_version":"2018-06-28","purchased_purges":3,"victory":false,"max_hp_per_floor":[80,80,80,80,82,84,84,86,86,86,86,86,86,93,93,93,93,95,97,97,97,102,102,104,104,104,104,104,104,106,106,108,110,110,112,114,114,114,114,114,114,114,114,114,121,121,123,123,123,123],"card_choices":[{"not_picked":["True Grit","Clash"],"picked":"Flex","floor":1},{"not_picked":["Twin Strike","Rupture"],"picked":"Perfected Strike","floor":4},{"not_picked":["Pommel Strike","Burning Pact","Sword Boomerang"],"picked":"Singing Bowl","floor":5},{"not_picked":["Juggernaut","Entrench","Combust"],"picked":"Singing Bowl","floor":6},{"not_picked":["Shrug It Off","Corruption","Entrench"],"picked":"Singing Bowl","floor":8},{"not_picked":["Pommel Strike","Corruption"],"picked":"Sword Boomerang","floor":11},{"not_picked":["Reaper","Dark Embrace"],"picked":"Bludgeon","floor":16},{"not_picked":["Ghostly Armor+1","Wild Strike","Iron Wave"],"picked":"Singing Bowl","floor":18},{"not_picked":["Disarm","Warcry","Cleave"],"picked":"Singing Bowl","floor":19},{"not_picked":["Body Slam","Bloodletting"],"picked":"Sword Boomerang","floor":21},{"not_picked":["Havoc","Iron Wave","Disarm"],"picked":"Singing Bowl","floor":24},{"not_picked":["Shrug It Off","Anger"],"picked":"Sword Boomerang+1","floor":29},{"not_picked":["Disarm","Reaper","Armaments+1"],"picked":"Singing Bowl","floor":30},{"not_picked":["Shrug It Off","Combust","Clothesline"],"picked":"Singing Bowl","floor":32},{"not_picked":["Dark Embrace","Exhume","Bludgeon"],"picked":"Singing Bowl","floor":33},{"not_picked":["Anger+1","Sword Boomerang+1","Infernal Blade+1"],"picked":"Singing Bowl","floor":35},{"not_picked":["Magnetism","Secret Weapon","Panache"],"picked":"Singing Bowl","floor":36},{"not_picked":["Spot Weakness+1","Dropkick+1"],"picked":"Inflame","floor":38},{"not_picked":["Spot Weakness+1","Armaments+1","Pommel Strike"],"picked":"Singing Bowl","floor":45},{"not_picked":["Ghostly Armor+1","Dropkick+1","Searing Blow"],"picked":"Singing Bowl","floor":47},{"not_picked":["Clash+1","Seeing Red"],"picked":"Flex","floor":49}],"player_experience":73609,"relics_obtained":[{"floor":6,"key":"Mercury Hourglass"},{"floor":9,"key":"Ginger"},{"floor":14,"key":"Strawberry"},{"floor":26,"key":"Dream Catcher"},{"floor":43,"key":"Happy Flower"},{"floor":47,"key":"Old Coin"}],"event_choices":[{"event_name":"The Cleric","player_choice":"Card Removal","floor":2,"damage_taken":0},{"event_name":"Wheel of Change","player_choice":"Damage","floor":13,"damage_taken":0},{"event_name":"Forgotten Altar","player_choice":"Shed Blood","floor":22,"damage_taken":0},{"event_name":"Nest","player_choice":"Stole From Cult","floor":27,"damage_taken":0},{"event_name":"Vampires","player_choice":"Ignored","floor":28,"damage_taken":0},{"event_name":"SensoryStone","player_choice":"Memory 1","floor":36,"damage_taken":0},{"event_name":"The Lab","player_choice":"Got Potions","floor":39,"damage_taken":0},{"event_name":"Tomb of Lord Red Mask","player_choice":"Paid","floor":41,"damage_taken":0},{"event_name":"The Woman in Blue","player_choice":"Bought 3 Potions","floor":48,"damage_taken":0}],"boss_relics":[{"not_picked":["Snecko Eye","Runic Cube"],"picked":"Cursed Key"},{"not_picked":["Velvet Choker","Eternal Feather"],"picked":"Runic Dome"}],"items_purged_floors":[20,31,37],"is_endless":false,"potions_floor_spawned":[5,6,8,21,29,30,38,45],"killed_by":"Time Eater","ascension_level":0}