{"gold_per_floor":[110,110,36,52,52,52,52,52,104,79,112,131,131,156,156,286,286,310,310,235,251,265,265,279,204,204,228,228,242,242,267,267],"floor_reached":32,"playtime":1006,"items_purged":["Zap"],"score":292,"play_id":"3fd5c6fe-b683-4a83-8599-f99f765894fc","local_time":"20190102113621","is_ascension_mode":false,"campfire_choices":[{"data":"FTL","floor":6.0,"key":"SMITH"},{"data":"FTL","floor":8.0,"key":"SMITH"},{"data":"Ball Lightning","floor":15.0,"key":"SMITH"},{"data":"Gash","floor":23,"key":"SMITH"},{"floor":28,"key":"REST"},{"floor":32,"key":"REST"}],"neow_cost":"NONE","seed_source_timestamp":0,"circlet_count":0,"master_deck":["Defend_B+1","Defend_B+1","Defend_B+1","Dualcast","Ball Lightning","FTL+1","FTL+1","Ball Lightning","Ball Lightning+1","Gash+1","Bite","Bite","Bite","Bite","Bite","Gash"],"special_seed":0,"relics":["Cracked Core","NeowsBlessing","Golden Idol","Lantern","Bronze Scales","Lizard Tail","Matryoshka"],"potions_floor_usage":[],"damage_taken":[{"damage":0.0,"enemies":"Jaw Worm","floor":1.0,"turns":1.0},{"damage":0.0,"enemies":"Small Slimes","floor":4.0,"turns":1.0},{"damage":0.0,"enemies":"Gremlin Nob","floor":11.0,"turns":1.0},{"damage":0.0,"enemies":"2 Louse","floor":12.0,"turns":2.0},{"damage":7.0,"enemies":"Exordium Wildlife","floor":14.0,"turns":2.0},{"damage":38.0,"enemies":"Hexaghost","floor":16.0,"turns":6.0},{"damage":2.0,"enemies":"Chosen","floor":18.0,"turns":3.0},{"damage":14,"enemies":"Shell Parasite","floor":21,"turns":3},{"damage":12,"enemies":"Centurion and Healer","floor":22,"turns":4},{"damage":25,"enemies":"Cultist and Chosen","floor":24,"turns":4},{"damage":21,"enemies":"Snake Plant","floor":27,"turns":3},{"damage":16,"enemies":"Sentry and Sphere","floor":29,"turns":4},{"damage":21,"enemies":"Shelled Parasite and Fungi","floor":31,"turns":4}],"seed_played":"3266545059943551764","potions_obtained":[{"floor":1.0,"key":"Strength Potion"},{"floor":16.0,"key":"GamblersBrew"},{"floor":18.0,"key":"SpeedPotion"},{"floor":21,"key":"Dexterity Potion"}],"is_trial":false,"path_per_floor":["M","?","$","M","?","R","?","R","T","$","E","M","?","M","R","B",null,"M","?","$","M","M","R","M","?","T","M","R","M","?","M","R"],"character_chosen":"DEFECT","items_purchased":["FTL","Ball Lightning"],"campfire_rested":2,"item_purchase_floors":[3,10],"current_hp_per_floor":[75,80,80,80,80,80,64,64,64,64,64,64,64,57,57,19,80,78,56,56,50,48,48,33,33,33,22,38,28,28,15,31],"gold":267,"neow_bonus":"THREE_ENEMY_KILL","is_prod":false,"is_daily":false,"chose_seed":false,"campfire_upgraded":4,"win_rate":0,"timestamp":1546446981,"path_taken":["M","?","$","M","?","R","?","R","T","?","E","M","?","?","R","BOSS","M","?","$","M","M","R","M","?","T","?","R","M","?","M","R"],"build_version":"2018-12-20","purchased_purges":1,"victory":false,"max_hp_per_floor":[75,80,80,80,80,80,80,80,80,80,80,80,80,80,80,80,80,80,56,56,56,56,56,56,56,56,56,56,56,56,56,56],"card_choices":[{"not_picked":["Force Field","Beam Cell"],"picked":"Ball Lightning","floor":1.0},{"not_picked":["Fusion","Conserve Battery"],"picked":"FTL","floor":4.0},{"not_picked":["Redo","Double Energy","Leap"],"picked":"SKIP","floor":11.0},{"not_picked":["Rebound","Steam","Stack"],"picked":"SKIP","floor":12.0},{"not_picked":["Streamline","Compile Driver"],"picked":"Ball Lightning","floor":14.0},{"not_picked":["Lockon","Stack"],"picked":"Gash","floor":18.0},{"not_picked":["Coolheaded","Sweeping Beam+1"],"picked":"Gash","floor":21},{"not_picked":["Streamline+1","Leap","Reinforced Body"],"picked":"SKIP","floor":22},{"not_picked":["Chill+1","Steam Power","Rip and Tear+1"],"picked":"SKIP","floor":24},{"not_picked":["Rebound+1","Storm","Go for the Eyes"],"picked":"SKIP","floor":27},{"not_picked":["Buffer","Lockon","Heatsinks"],"picked":"SKIP","floor":29},{"not_picked":["Conserve Battery+1","Steam","Lockon+1"],"picked":"SKIP","floor":31}],"player_experience":446883,"relics_obtained":[{"floor":9.0,"key":"Lantern"},{"floor":11.0,"key":"Bronze Scales"},{"floor":26,"key":"Matryoshka"}],"event_choices":[{"damage_healed":0.0,"max_hp_gain":5.0,"max_hp_loss":0.0,"gold_gain":0.0,"event_name":"Big Fish","player_choice":"Donut","floor":2.0,"gold_loss":0.0,"damage_taken":0.0},{"damage_healed":0.0,"max_hp_gain":0.0,"max_hp_loss":0.0,"gold_gain":0.0,"event_name":"Golden Idol","player_choice":"Take Wound","floor":5.0,"gold_loss":0.0,"damage_taken":0.0,"relics_obtained":["Golden Idol"],"cards_obtained":["Injury"]},{"damage_healed":0.0,"max_hp_gain":0.0,"max_hp_loss":0.0,"gold_gain":0.0,"event_name":"Shining Light","player_choice":"Entered Light","floor":7.0,"gold_loss":0.0,"damage_taken":16.0,"cards_upgraded":["Defend_B","Defend_B"]},{"cards_removed":["Injury"],"damage_healed":0.0,"max_hp_gain":0.0,"max_hp_loss":0.0,"gold_gain":0.0,"event_name":"Living Wall","player_choice":"Forget","floor":13.0,"gold_loss":0.0,"damage_taken":0.0},{"damage_healed":0.0,"max_hp_gain":0.0,"max_hp_loss":24.0,"gold_gain":0.0,"event_name":"Vampires","player_choice":"Became a vampire","floor":19.0,"gold_loss":0.0,"damage_taken":0.0,"cards_obtained":["Bite","Bite","Bite","Bite","Bite"]},{"cards_removed":["Defend_B"],"damage_healed":0,"gold_gain":0,"player_choice":"Gave Gold","damage_taken":0,"max_hp_gain":0,"max_hp_loss":0,"event_name":"Beggar","floor":25,"gold_loss":75},{"damage_healed":0,"gold_gain":0,"player_choice":"Simplicity","damage_taken":0,"max_hp_gain":0,"max_hp_loss":0,"event_name":"Back to Basics","floor":30,"gold_loss":0,"cards_upgraded":["Defend_B"]}],"is_beta":false,"boss_relics":[{"not_picked":["FrozenCore","Fusion Hammer"],"picked":"Lizard Tail"}],"items_purged_floors":[20],"is_endless":false,"potions_floor_spawned":[1,16,18,21,29,31],"ascension_level":0}