{"gold_per_floor":[112,37,47,122,132,132,132,52,79,98,98,98,111,31,31,31],"floor_reached":16,"playtime":249,"items_purged":["Defend_B","Ball Lightning+1"],"score":104,"play_id":"5be329c6-17e5-4073-b6f3-68ab3189d923","local_time":"20190324201930","is_ascension_mode":true,"campfire_choices":[{"floor":11,"key":"REST"},{"floor":15,"key":"REST"}],"neow_cost":"NONE","seed_source_timestamp":7853733465367260,"circlet_count":0,"master_deck":["Strike_B","Strike_B","Strike_B","Strike_B","Defend_B","Defend_B","Defend_B","Dualcast","Rebound","Hyperbeam","Rebound"],"relics":["Cracked Core","Mummified Hand","Pen Nib","The Courier"],"potions_floor_usage":[10,13],"damage_taken":[{"damage":11,"enemies":"Small Slimes","floor":1,"turns":3},{"damage":7,"enemies":"2 Louse","floor":3,"turns":2},{"damage":1,"enemies":"Cultist","floor":5,"turns":3},{"damage":0,"enemies":"Exordium Wildlife","floor":10,"turns":2},{"damage":21,"enemies":"Exordium Thugs","floor":13,"turns":3},{"damage":48,"enemies":"Hexaghost","floor":16,"turns":5}],"seed_played":"2883953745995945765","potions_obtained":[{"floor":5,"key":"AttackPotion"},{"floor":10,"key":"Weak Potion"},{"floor":13,"key":"Ancient Potion"}],"is_trial":false,"path_per_floor":["M","$","M","?","M","?","?","$","T","M","R","T","M","$","R","B"],"character_chosen":"DEFECT","items_purchased":["Hyperbeam"],"campfire_rested":2,"item_purchase_floors":[8],"current_hp_per_floor":[64,64,57,46,45,20,20,20,20,20,42,42,21,21,43,0],"gold":31,"neow_bonus":"REMOVE_CARD","is_prod":false,"is_daily":false,"chose_seed":false,"campfire_upgraded":0,"win_rate":0,"timestamp":1553473170,"path_taken":["M","$","M","?","M","?","?","$","T","M","R","?","M","?","R","BOSS"],"build_version":"2019-01-23","purchased_purges":2,"victory":false,"max_hp_per_floor":[75,75,75,75,75,75,75,75,75,75,75,75,75,75,75,75],"card_choices":[{"not_picked":["Barrage","Stack","Compile Driver"],"picked":"SKIP","floor":1},{"not_picked":["Aggregate","Barrage"],"picked":"Rebound","floor":3},{"not_picked":["Cold Snap","Undo"],"picked":"Ball Lightning","floor":5},{"not_picked":["Conserve Battery","Sweeping Beam","Consume"],"picked":"SKIP","floor":10},{"not_picked":["Rip and Tear","Doom and Gloom"],"picked":"Rebound","floor":13}],"player_experience":475748,"relics_obtained":[{"floor":9,"key":"Pen Nib"},{"floor":12,"key":"The Courier"}],"event_choices":[{"damage_healed":0,"gold_gain":75,"player_choice":"Gather Gold","damage_taken":11,"max_hp_gain":0,"max_hp_loss":0,"event_name":"World of Goop","floor":4,"gold_loss":0},{"damage_healed":0,"gold_gain":0,"player_choice":"Success","damage_taken":25,"relics_obtained":["Mummified Hand"],"max_hp_gain":0,"max_hp_loss":0,"event_name":"Scrap Ooze","floor":6,"gold_loss":0},{"damage_healed":0,"gold_gain":0,"player_choice":"Grow","damage_taken":0,"max_hp_gain":0,"max_hp_loss":0,"event_name":"Living Wall","floor":7,"gold_loss":0,"cards_upgraded":["Ball Lightning"]}],"is_beta":false,"boss_relics":[],"items_purged_floors":[2,14],"is_endless":false,"potions_floor_spawned":[5,10,13],"killed_by":"Hexaghost","ascension_level":3}