{"gold_per_floor":[118,136,146,71,84,84,30,30,30,30,30,30,63,90,102,114],"floor_reached":16,"playtime":452,"items_purged":["Defend_B"],"score":115,"play_id":"f7b6c9b9-c6e2-4d41-bda9-0ca2728dae12","local_time":"20190324224914","is_ascension_mode":true,"campfire_choices":[{"data":"Zap","floor":6,"key":"SMITH"},{"data":"Dualcast","floor":8,"key":"SMITH"},{"data":"Gash","floor":10,"key":"SMITH"},{"data":"Self Repair","floor":12,"key":"SMITH"},{"data":"All For One","floor":15,"key":"SMITH"}],"neow_cost":"NONE","seed_source_timestamp":7862514290236201,"circlet_count":0,"master_deck":["Strike_B","Strike_B","Strike_B","Strike_B","Defend_B","Defend_B","Defend_B","Zap+1","Dualcast+1","Self Repair+1","All For One+1","Gash+1","Regret","Reprogram+1"],"relics":["Cracked Core","Symbiotic Virus","Toxic Egg 2","MawBank"],"potions_floor_usage":[5,13,14,16],"damage_taken":[{"damage":4,"enemies":"2 Louse","floor":1,"turns":3},{"damage":0,"enemies":"Small Slimes","floor":2,"turns":3},{"damage":6,"enemies":"Cultist","floor":3,"turns":3},{"damage":16,"enemies":"2 Fungi Beasts","floor":5,"turns":3},{"damage":30,"enemies":"3 Sentries","floor":13,"turns":5},{"damage":11,"enemies":"Exordium Thugs","floor":14,"turns":2},{"damage":50,"enemies":"Hexaghost","floor":16,"turns":7}],"seed_played":"9212154892189095281","potions_obtained":[{"floor":2,"key":"Block Potion"},{"floor":3,"key":"GamblersBrew"},{"floor":13,"key":"Fire Potion"},{"floor":14,"key":"FearPotion"}],"is_trial":false,"path_per_floor":["M","M","M","$","M","R","$","R","T","R","?","R","E","M","R","B"],"character_chosen":"DEFECT","items_purchased":["Gash"],"campfire_rested":0,"item_purchase_floors":[7],"current_hp_per_floor":[75,75,75,75,66,66,66,66,66,66,66,66,46,45,45,0],"gold":114,"neow_bonus":"THREE_CARDS","is_prod":false,"is_daily":false,"chose_seed":false,"campfire_upgraded":5,"win_rate":0,"timestamp":1553482154,"path_taken":["M","M","M","$","M","R","$","R","T","R","?","R","E","M","R","BOSS"],"build_version":"2019-01-23","purchased_purges":1,"victory":false,"max_hp_per_floor":[75,75,75,75,75,75,75,75,75,75,75,75,75,75,75,75],"card_choices":[{"not_picked":["Beam Cell","Darkness"],"picked":"Self Repair","floor":0},{"not_picked":["Steam","Leap","Redo"],"picked":"SKIP","floor":1},{"not_picked":["Barrage","Turbo","Go for the Eyes"],"picked":"SKIP","floor":2},{"not_picked":["Stack","FTL"],"picked":"All For One","floor":3},{"not_picked":["Leap","Undo","Lockon"],"picked":"SKIP","floor":5},{"not_picked":["Fusion+1","Self Repair"],"picked":"Reprogram+1","floor":13},{"not_picked":["Defragment","Consume+1","Streamline"],"picked":"SKIP","floor":14}],"player_experience":483696,"relics_obtained":[{"floor":9,"key":"Symbiotic Virus"},{"floor":13,"key":"MawBank"}],"event_choices":[{"damage_healed":0,"gold_gain":0,"player_choice":"Box","damage_taken":0,"relics_obtained":["Toxic Egg 2"],"max_hp_gain":0,"max_hp_loss":0,"event_name":"Big Fish","floor":11,"gold_loss":0,"cards_obtained":["Regret"]}],"is_beta":false,"boss_relics":[],"items_purged_floors":[4],"is_endless":false,"potions_floor_spawned":[2,3,13,14],"killed_by":"Hexaghost","ascension_level":3}