{"gold_per_floor":[114,114,127,137,39,39,55,80,380,400,400,420,420,420,420,523,523,534,514,532,532,36,36,36],"floor_reached":24,"playtime":1034,"items_purged":["Defend_B","Defend_B"],"score":196,"play_id":"1c5d17fe-6b58-48e4-9a01-94dc0d5c929a","local_time":"20180709101012","is_ascension_mode":false,"campfire_choices":[{"data":"Zap","floor":6,"key":"SMITH"},{"floor":13,"key":"REST"},{"data":"Ball Lightning","floor":15,"key":"SMITH"},{"floor":23,"key":"REST"}],"neow_cost":"","seed_source_timestamp":1584483743010201,"circlet_count":0,"master_deck":["Strike_B","Strike_B","Strike_B","Strike_B","Defend_B","Defend_B","Zap+1","Dualcast","Compile Driver","Ball Lightning+1","Capacitor","Ball Lightning"],"relics":["Cracked Core","Sundial","Old Coin","Black Star","Membership Card","Bottled Lightning"],"potions_floor_usage":[12,16,20,24],"damage_taken":[{"damage":2,"enemies":"Jaw Worm","floor":1,"turns":4},{"damage":1,"enemies":"Cultist","floor":3,"turns":4},{"damage":7,"enemies":"2 Louse","floor":4,"turns":3},{"damage":11,"enemies":"Lots of Slimes","floor":7,"turns":3},{"damage":11,"enemies":"Gremlin Nob","floor":8,"turns":3},{"damage":11,"enemies":"Red Slaver","floor":10,"turns":3},{"damage":5,"enemies":"Looter","floor":12,"turns":3},{"damage":61,"enemies":"The Guardian","floor":16,"turns":9},{"damage":25,"enemies":"3 Byrds","floor":18,"turns":4},{"damage":41,"enemies":"2 Thieves","floor":20,"turns":4},{"damage":58,"enemies":"Gremlin Leader","floor":24,"turns":5}],"seed_played":"6300722084251955212","potions_obtained":[{"floor":4,"key":"AttackPotion"},{"floor":7,"key":"Poison Potion"},{"floor":8,"key":"FearPotion"},{"floor":11,"key":"Regen Potion"},{"floor":16,"key":"Poison Potion"},{"floor":19,"key":"Regen Potion"}],"is_trial":false,"path_per_floor":["M","?","M","M","$","R","M","E","T","M","?","M","R","?","R","B",null,"M","?","M","?","$","R"],"character_chosen":"DEFECT","items_purchased":["Ball Lightning","Membership Card","Bottled Lightning"],"campfire_rested":2,"item_purchase_floors":[5,22,22],"current_hp_per_floor":[73,73,72,65,65,65,54,43,43,32,32,32,54,85,85,24,85,60,60,24,24,24,49,0],"gold":36,"neow_bonus":"","is_prod":false,"is_daily":false,"chose_seed":false,"campfire_upgraded":2,"win_rate":0.0,"timestamp":1531145412,"path_taken":["M","?","M","?","$","R","M","E","T","M","?","M","R","?","R","BOSS","M","?","M","?","$","R","E"],"build_version":"2018-07-05","purchased_purges":2,"victory":false,"max_hp_per_floor":[75,75,75,75,75,75,75,75,75,75,75,75,75,85,85,85,85,85,85,85,85,85,85,85],"card_choices":[{"not_picked":["Steam","Conserve Battery","Stack"],"picked":"SKIP","floor":1},{"not_picked":["Beam Cell","Hello World"],"picked":"Compile Driver","floor":3},{"not_picked":["Recycle","Compile Driver","Capacitor"],"picked":"SKIP","floor":4},{"not_picked":["Meteor Strike","Beam Cell","Undo"],"picked":"SKIP","floor":7},{"not_picked":["Steam","Hello World"],"picked":"Capacitor","floor":8},{"not_picked":["Glacier","Beam Cell"],"picked":"Ball Lightning","floor":10},{"not_picked":["Barrage","Consume","Turbo"],"picked":"SKIP","floor":12},{"not_picked":["Streamline","Cold Snap","Force Field"],"picked":"SKIP","floor":18},{"not_picked":["BootSequence+1","Ball Lightning","Cold Snap+1"],"picked":"SKIP","floor":20}],"player_experience":136970,"relics_obtained":[{"floor":8,"key":"Sundial"},{"floor":9,"key":"Old Coin"}],"event_choices":[{"event_name":"Match and Keep!","player_choice":"1 cards matched","floor":2,"damage_taken":0},{"event_name":"The Lab","player_choice":"Got Potions","floor":11,"damage_taken":0},{"event_name":"Bonfire Elementals","player_choice":"RARE","floor":14,"damage_taken":0},{"event_name":"The Woman in Blue","player_choice":"Bought 1 Potion","floor":19,"damage_taken":0},{"event_name":"The Mausoleum","player_choice":"No","floor":21,"damage_taken":0}],"boss_relics":[{"not_picked":["Runic Pyramid","Coffee Dripper"],"picked":"Black Star"}],"items_purged_floors":[5,22],"is_endless":false,"potions_floor_spawned":[4,7,8,16],"killed_by":"Gremlin Leader","ascension_level":0}