{"gold_per_floor":[209,227,244,255,265,265,285,385,385,396,396,95,95,45,45,45],"floor_reached":16,"playtime":450,"items_purged":["Zap","Dualcast"],"score":108,"play_id":"72006474-62fa-473b-bece-b0aa323517b0","local_time":"20190324202709","is_ascension_mode":true,"campfire_choices":[{"data":"FTL","floor":6,"key":"SMITH"},{"data":"Gash","floor":11,"key":"SMITH"},{"floor":13,"key":"REST"},{"data":"Scrape","floor":15,"key":"SMITH"}],"neow_cost":"NONE","seed_source_timestamp":7853990955553747,"circlet_count":0,"master_deck":["Strike_B","Strike_B","Strike_B","Strike_B","Defend_B","Defend_B","Defend_B","Defend_B","FTL+1","Reprogram","Go for the Eyes","Gash+1","Scrape+1"],"relics":["Cracked Core","Darkstone Periapt","Membership Card"],"potions_floor_usage":[4,7,16,16],"damage_taken":[{"damage":2,"enemies":"Jaw Worm","floor":1,"turns":3},{"damage":6,"enemies":"Cultist","floor":2,"turns":3},{"damage":2,"enemies":"2 Louse","floor":3,"turns":2},{"damage":0,"enemies":"Exordium Wildlife","floor":4,"turns":2},{"damage":16,"enemies":"2 Fungi Beasts","floor":5,"turns":4},{"damage":0,"enemies":"Looter","floor":7,"turns":3},{"damage":21,"enemies":"3 Louse","floor":10,"turns":3},{"damage":50,"enemies":"The Guardian","floor":16,"turns":8}],"seed_played":"6373284175338565859","potions_obtained":[{"floor":2,"key":"SkillPotion"},{"floor":3,"key":"Poison Potion"},{"floor":5,"key":"GamblersBrew"},{"floor":10,"key":"Block Potion"}],"is_trial":false,"path_per_floor":["M","M","M","M","M","R","M","?","T","M","R","$","R","$","R","B"],"character_chosen":"DEFECT","items_purchased":["Scrape","Membership Card"],"campfire_rested":1,"item_purchase_floors":[12,12],"current_hp_per_floor":[73,67,65,65,49,49,49,49,49,28,28,28,50,50,50,0],"gold":45,"neow_bonus":"HUNDRED_GOLD","is_prod":false,"is_daily":false,"chose_seed":false,"campfire_upgraded":3,"win_rate":0,"timestamp":1553473629,"path_taken":["M","M","M","M","M","R","M","?","T","?","R","$","R","?","R","BOSS"],"build_version":"2019-01-23","purchased_purges":2,"victory":false,"max_hp_per_floor":[75,75,75,75,75,75,75,75,75,75,75,75,75,75,75,75],"card_choices":[{"not_picked":["Hologram","Darkness"],"picked":"FTL","floor":1},{"not_picked":["Barrage","Chaos"],"picked":"Reprogram","floor":2},{"not_picked":["Conserve Battery","Redo","Stack"],"picked":"SKIP","floor":3},{"not_picked":["Creative AI","Stack","Cold Snap"],"picked":"SKIP","floor":4},{"not_picked":["Rip and Tear","Stack"],"picked":"Go for the Eyes","floor":5},{"not_picked":["Core Surge","Go for the Eyes","Undo"],"picked":"SKIP","floor":7},{"not_picked":["Steam Power","White Noise"],"picked":"Gash","floor":10}],"player_experience":475997,"relics_obtained":[{"floor":9,"key":"Darkstone Periapt"}],"event_choices":[{"damage_healed":0,"gold_gain":100,"player_choice":"Gold","damage_taken":0,"max_hp_gain":0,"max_hp_loss":0,"event_name":"Wheel of Change","floor":8,"gold_loss":0}],"is_beta":false,"boss_relics":[],"items_purged_floors":[12,14],"is_endless":false,"potions_floor_spawned":[2,3,5,10],"killed_by":"The Guardian","ascension_level":3}