{"gold_per_floor":[217,230,249,267,19,19,19,19,19,34,44,44,58,58,58,58],"floor_reached":16,"playtime":1190,"items_purged":[],"score":113,"play_id":"9f1bcc63-3f34-4d5c-a35c-a9edb6a8a40c","local_time":"20190319140151","is_ascension_mode":true,"campfire_choices":[{"data":"Whirlwind","floor":6,"key":"SMITH"},{"floor":8,"key":"REST"},{"data":"Bash","floor":12,"key":"SMITH"},{"floor":15,"key":"REST"}],"neow_cost":"NONE","seed_source_timestamp":9624914114900,"circlet_count":0,"master_deck":["Strike_R","Strike_R","Strike_R","Strike_R","Strike_R","Defend_R","Defend_R","Defend_R","Defend_R","Bash+1","Whirlwind+1","Thunderclap","Body Slam","Limit Break","Havoc+1","Carnage"],"relics":["Burning Blood","Toxic Egg 2","The Courier","Bronze Scales","Golden Idol"],"potions_floor_usage":[16,16],"damage_taken":[{"damage":12,"enemies":"2 Louse","floor":1,"turns":3},{"damage":12,"enemies":"Small Slimes","floor":2,"turns":4},{"damage":8,"enemies":"Jaw Worm","floor":3,"turns":4},{"damage":6,"enemies":"2 Fungi Beasts","floor":4,"turns":4},{"damage":5,"enemies":"3 Louse","floor":10,"turns":2},{"damage":16,"enemies":"Blue Slaver","floor":11,"turns":4},{"damage":27,"enemies":"Large Slime","floor":13,"turns":4},{"damage":61,"enemies":"Slime Boss","floor":16,"turns":10}],"seed_played":"6037165054467150174","potions_obtained":[{"floor":3,"key":"PowerPotion"},{"floor":10,"key":"FairyPotion"},{"floor":13,"key":"AttackPotion"}],"is_trial":false,"path_per_floor":["?","?"],"character_chosen":"IRONCLAD","items_purchased":["Toxic Egg 2"],"campfire_rested":2,"item_purchase_floors":[5],"current_hp_per_floor":[74,68,66,66,66,66,33,57,57,58,48,48,27,27,49,0],"gold":58,"neow_bonus":"HUNDRED_GOLD","is_prod":false,"is_daily":false,"chose_seed":false,"campfire_upgraded":2,"win_rate":0,"timestamp":1553018511,"path_taken":["M","M","M","M","$","R","?","R","T","M","M","R","M","?","R","BOSS"],"build_version":"2019-01-23","purchased_purges":0,"victory":false,"max_hp_per_floor":[80,80,80,80,80,80,80,80,80,80,80,80,80,74,74,74],"card_choices":[{"not_picked":["Sword Boomerang","Dropkick"],"picked":"Whirlwind","floor":1},{"not_picked":["Clothesline","Entrench"],"picked":"Thunderclap","floor":2},{"not_picked":["Pummel","Twin Strike"],"picked":"Body Slam","floor":3},{"not_picked":["Sword Boomerang","Entrench"],"picked":"Limit Break","floor":4},{"not_picked":["Thunderclap","Clash","Iron Wave"],"picked":"SKIP","floor":10},{"not_picked":["Twin Strike","Second Wind+1"],"picked":"Havoc+1","floor":11},{"not_picked":["Sword Boomerang","True Grit+1"],"picked":"Carnage","floor":13}],"player_experience":228792,"relics_obtained":[{"floor":9,"key":"Bronze Scales"}],"event_choices":[{"damage_healed":0,"gold_gain":0,"player_choice":"Success","damage_taken":33,"relics_obtained":["The Courier"],"max_hp_gain":0,"max_hp_loss":0,"event_name":"Scrap Ooze","floor":7,"gold_loss":0},{"damage_healed":0,"gold_gain":0,"player_choice":"Lose Max HP","damage_taken":0,"relics_obtained":["Golden Idol"],"max_hp_gain":0,"max_hp_loss":6,"event_name":"Golden Idol","floor":14,"gold_loss":0}],"is_beta":false,"boss_relics":[],"items_purged_floors":[],"is_endless":false,"potions_floor_spawned":[3,10,13],"killed_by":"Slime Boss","ascension_level":4}