{"gold_per_floor":[118,293,368,378,328,391,402,110,133,34,64,79,96,114,114,217,217,235,235,250,48,60,60,60],"floor_reached":24,"playtime":895,"items_purged":["Strike_B"],"score":256,"play_id":"7853aa92-13fc-4174-982a-3292cc335604","local_time":"20190325194520","is_ascension_mode":true,"campfire_choices":[{"data":"Hello World","floor":15,"key":"SMITH"},{"floor":23,"key":"REST"}],"neow_cost":"NONE","seed_source_timestamp":7937439216610782,"circlet_count":0,"master_deck":["Strike_B","Strike_B","Strike_B","Defend_B","Defend_B","Defend_B","Defend_B","Zap","Dualcast","Steam Power","Leap","Fusion","Sweeping Beam","Gash","Conserve Battery","Gash","Hello World+1","Echo Form","Ball Lightning+1","Machine Learning","FTL","Coolheaded"],"relics":["Cracked Core","NeowsBlessing","Tiny Chest","Question Card","Art of War","Cursed Key","Nloth\u0027s Gift"],"potions_floor_usage":[6,12,14,16,24],"damage_taken":[{"damage":0,"enemies":"Jaw Worm","floor":1,"turns":1},{"damage":0,"enemies":"2 Louse","floor":4,"turns":1},{"damage":0,"enemies":"Lagavulin","floor":6,"turns":2},{"damage":0,"enemies":"Cultist","floor":7,"turns":4},{"damage":16,"enemies":"The Mushroom Lair","floor":11,"turns":5},{"damage":0,"enemies":"Large Slime","floor":12,"turns":5},{"damage":9,"enemies":"Blue Slaver","floor":13,"turns":4},{"damage":0,"enemies":"2 Fungi Beasts","floor":14,"turns":2},{"damage":38,"enemies":"Slime Boss","floor":16,"turns":10},{"damage":14,"enemies":"3 Byrds","floor":18,"turns":6},{"damage":22,"enemies":"2 Thieves","floor":20,"turns":4},{"damage":25,"enemies":"Cultist and Chosen","floor":22,"turns":6},{"damage":44,"enemies":"Slavers","floor":24,"turns":3}],"seed_played":"-2905725114880433150","potions_obtained":[{"floor":1,"key":"Strength Potion"},{"floor":4,"key":"Fruit Juice"},{"floor":11,"key":"Poison Potion"},{"floor":14,"key":"SteroidPotion"},{"floor":22,"key":"FearPotion"}],"is_trial":false,"path_per_floor":["M","?","?","M","?","E","M","$","T","$","?","M","M","M","R","B",null,"M","?","M","$","M","R","E"],"character_chosen":"DEFECT","items_purchased":["Gash","Question Card","Conserve Battery","Machine Learning","FTL"],"campfire_rested":1,"item_purchase_floors":[8,8,10,21,21],"current_hp_per_floor":[75,75,64,64,64,69,69,69,69,69,53,53,44,44,44,6,80,66,66,44,44,19,43,0],"gold":60,"neow_bonus":"THREE_ENEMY_KILL","is_prod":false,"is_daily":false,"chose_seed":false,"campfire_upgraded":1,"win_rate":0,"timestamp":1553557520,"path_taken":["M","?","?","M","?","E","M","?","T","$","?","M","M","M","R","BOSS","M","?","?","$","M","R","E"],"build_version":"2019-01-23","purchased_purges":1,"victory":false,"max_hp_per_floor":[75,75,75,75,75,80,80,80,80,80,80,80,80,80,80,80,80,80,80,80,80,80,80,80],"card_choices":[{"not_picked":["Turbo","Beam Cell"],"picked":"Steam Power","floor":1},{"not_picked":["Recycle","Barrage"],"picked":"Leap","floor":4},{"not_picked":["Cold Snap","Fission"],"picked":"Fusion","floor":6},{"not_picked":["Static Discharge","Leap"],"picked":"Sweeping Beam","floor":7},{"not_picked":["Stack","Hello World","Barrage"],"picked":"Gash","floor":12},{"not_picked":["Stack","Loop","Sweeping Beam","Blizzard"],"picked":"SKIP","floor":13},{"not_picked":["Conserve Battery","Leap","Turbo"],"picked":"Hello World","floor":14},{"not_picked":["Buffer","Thunder Strike","Electrodynamics"],"picked":"Echo Form","floor":16},{"not_picked":["Tempest","Steam","Loop"],"picked":"Ball Lightning+1","floor":18},{"not_picked":["Barrage+1","Conserve Battery","Beam Cell","Static Discharge"],"picked":"SKIP","floor":20},{"not_picked":["Sunder","Conserve Battery","Hologram"],"picked":"Coolheaded","floor":22}],"player_experience":499359,"relics_obtained":[{"floor":6,"key":"Tiny Chest"},{"floor":9,"key":"Art of War"},{"floor":11,"key":"Odd Mushroom"}],"event_choices":[{"damage_healed":0,"gold_gain":175,"player_choice":"AGREE","damage_taken":0,"max_hp_gain":0,"max_hp_loss":0,"event_name":"Liars Game","floor":2,"gold_loss":0,"cards_obtained":["Doubt"]},{"damage_healed":0,"gold_gain":75,"player_choice":"Gather Gold","damage_taken":11,"max_hp_gain":0,"max_hp_loss":0,"event_name":"World of Goop","floor":3,"gold_loss":0},{"cards_removed":["Doubt"],"damage_healed":0,"gold_gain":0,"player_choice":"Card Removal","damage_taken":0,"max_hp_gain":0,"max_hp_loss":0,"event_name":"The Cleric","floor":5,"gold_loss":50},{"damage_healed":0,"gold_gain":0,"player_choice":"Fought Mushrooms","damage_taken":0,"max_hp_gain":0,"max_hp_loss":0,"event_name":"Mushrooms","floor":11,"gold_loss":0},{"damage_healed":0,"gold_gain":0,"player_choice":"Traded Relic","damage_taken":0,"relics_obtained":["Nloth\u0027s Gift"],"max_hp_gain":0,"max_hp_loss":0,"event_name":"N\u0027loth","floor":19,"relics_lost":["Odd Mushroom"],"gold_loss":0}],"is_beta":false,"boss_relics":[{"not_picked":["Busted Crown","Sozu"],"picked":"Cursed Key"}],"items_purged_floors":[10],"is_endless":false,"potions_floor_spawned":[1,4,11,14,22],"killed_by":"Slavers","ascension_level":3}