{"gold_per_floor":[115,115,40,115,115,115,141,42,65,77,88,88,104,139,139,238,238,255,165,180,360,0,31,31,31,61,91,3,28,28,28,28,28],"floor_reached":33,"playtime":1340,"items_purged":["Strike_B","Zap"],"score":464,"play_id":"b450622b-33b7-4cf1-91fe-141a0311cbae","local_time":"20190325204934","is_ascension_mode":true,"campfire_choices":[{"data":"Hyperbeam","floor":6,"key":"SMITH"},{"data":"Defend_B","floor":12,"key":"SMITH"},{"floor":15,"key":"REST"},{"data":"Echo Form","floor":25,"key":"SMITH"},{"data":"Ghostly","floor":32,"key":"SMITH"}],"neow_cost":"TEN_PERCENT_HP_LOSS","seed_source_timestamp":7940848176714933,"circlet_count":0,"master_deck":["Strike_B","Strike_B","Defend_B","Defend_B","Defend_B","Defend_B+1","Dualcast","Hyperbeam+1","Seek","BootSequence+1","Hologram","Go for the Eyes","Echo Form+1","Rebound","BootSequence","Chill","Ghostly+1","Ghostly","Ghostly","Ghostly","Ghostly","Enlightenment"],"relics":["Cracked Core","Boot","Pantograph","Bronze Scales","Sundial","PreservedInsect","Omamori","Orrery","Mercury Hourglass","Juzu Bracelet","Tiny Chest","Question Card","Bag of Preparation","Darkstone Periapt"],"potions_floor_usage":[13,16,20,27,33,33],"damage_taken":[{"damage":0,"enemies":"Small Slimes","floor":1,"turns":2},{"damage":13,"enemies":"3 Sentries","floor":7,"turns":3},{"damage":10,"enemies":"Jaw Worm","floor":10,"turns":2},{"damage":4,"enemies":"2 Louse","floor":11,"turns":2},{"damage":3,"enemies":"Large Slime","floor":13,"turns":2},{"damage":0,"enemies":"Gremlin Nob","floor":14,"turns":2},{"damage":27,"enemies":"Slime Boss","floor":16,"turns":6},{"damage":2,"enemies":"2 Thieves","floor":18,"turns":2},{"damage":11,"enemies":"Spheric Guardian","floor":20,"turns":3},{"damage":0,"enemies":"Gremlin Leader","floor":23,"turns":5},{"damage":5,"enemies":"Book of Stabbing","floor":27,"turns":5},{"damage":0,"enemies":"Slavers","floor":29,"turns":2},{"damage":44,"enemies":"Champ","floor":33,"turns":12}],"seed_played":"-5258128114720507247","potions_obtained":[{"floor":7,"key":"Poison Potion"},{"floor":10,"key":"Block Potion"},{"floor":11,"key":"SteroidPotion"},{"floor":13,"key":"LiquidBronze"},{"floor":16,"key":"Regen Potion"},{"floor":23,"key":"Poison Potion"},{"floor":29,"key":"GamblersBrew"}],"is_trial":false,"path_per_floor":["M","?","$","?","?","R","E","?","T","M","M","R","M","E","R","B",null,"M","?","M","?","$","E","?","R","T","E","$","E","?","?","R","B"],"character_chosen":"DEFECT","items_purchased":["Mercury Hourglass","Enlightenment"],"campfire_rested":1,"item_purchase_floors":[22,28],"current_hp_per_floor":[68,65,65,54,54,54,41,41,41,31,27,27,24,24,44,41,68,66,66,57,39,39,39,34,34,34,29,29,29,29,29,29,0],"gold":28,"neow_bonus":"THREE_RARE_CARDS","is_prod":false,"is_daily":false,"chose_seed":false,"campfire_upgraded":4,"win_rate":0,"timestamp":1553561374,"path_taken":["M","?","$","?","?","R","E","?","T","M","?","R","M","E","R","BOSS","M","?","?","?","$","E","?","R","T","E","$","E","?","?","R","BOSS"],"build_version":"2019-01-23","purchased_purges":2,"victory":false,"max_hp_per_floor":[68,68,68,68,68,68,68,68,68,68,68,68,68,68,68,68,68,68,68,68,68,68,68,34,34,34,34,34,34,34,34,34,34],"card_choices":[{"not_picked":["Rainbow","All For One"],"picked":"Hyperbeam","floor":0},{"not_picked":["Coolheaded","Aggregate","Steam"],"picked":"SKIP","floor":1},{"not_picked":["Gash","Stack","Double Energy"],"picked":"SKIP","floor":7},{"not_picked":["Sweeping Beam","BootSequence"],"picked":"Seek","floor":10},{"not_picked":["Aggregate","Streamline"],"picked":"BootSequence","floor":11},{"not_picked":["Storm","Darkness"],"picked":"Hologram","floor":13},{"not_picked":["Gash","Hologram"],"picked":"Go for the Eyes","floor":14},{"not_picked":["Creative AI","Multi-Cast"],"picked":"Echo Form","floor":16},{"not_picked":["Coolheaded","Steam"],"picked":"Rebound","floor":17},{"not_picked":["Sweeping Beam","Aggregate"],"picked":"BootSequence","floor":17},{"not_picked":["Tempest","Stack"],"picked":"Chill","floor":17},{"not_picked":["Barrage","Rebound","Hologram"],"picked":"SKIP","floor":18},{"not_picked":["Turbo+1","Static Discharge+1","Blizzard"],"picked":"SKIP","floor":20},{"not_picked":["Barrage+1","Gash+1","Hologram"],"picked":"SKIP","floor":23},{"not_picked":["Hello World","Doom and Gloom","Gash+1"],"picked":"SKIP","floor":27},{"not_picked":["Barrage","Ball Lightning","Steam","Redo"],"picked":"SKIP","floor":29}],"player_experience":502713,"relics_obtained":[{"floor":7,"key":"Bronze Scales"},{"floor":9,"key":"PreservedInsect"},{"floor":14,"key":"Omamori"},{"floor":23,"key":"Juzu Bracelet"},{"floor":26,"key":"Tiny Chest"},{"floor":27,"key":"Question Card"},{"floor":29,"key":"Bag of Preparation"}],"event_choices":[{"damage_healed":0,"gold_gain":0,"player_choice":"Success","damage_taken":3,"relics_obtained":["Boot"],"max_hp_gain":0,"max_hp_loss":0,"event_name":"Scrap Ooze","floor":2,"gold_loss":0},{"damage_healed":0,"gold_gain":75,"player_choice":"Gather Gold","damage_taken":11,"max_hp_gain":0,"max_hp_loss":0,"event_name":"World of Goop","floor":4,"gold_loss":0},{"damage_healed":0,"gold_gain":0,"player_choice":"Box","damage_taken":0,"relics_obtained":["Pantograph"],"max_hp_gain":0,"max_hp_loss":0,"event_name":"Big Fish","floor":5,"gold_loss":0,"cards_obtained":["Regret"]},{"damage_healed":0,"gold_gain":0,"player_choice":"Paid Gold","damage_taken":0,"relics_obtained":["Sundial"],"max_hp_gain":0,"max_hp_loss":0,"event_name":"WeMeetAgain","floor":8,"gold_loss":99},{"cards_removed":["Regret"],"damage_healed":0,"gold_gain":0,"player_choice":"Upgrade and Remove","damage_taken":0,"max_hp_gain":0,"max_hp_loss":0,"event_name":"Designer","floor":19,"gold_loss":90,"cards_upgraded":["BootSequence"]},{"damage_healed":0,"gold_gain":180,"player_choice":"GOLD GOLD ","damage_taken":18,"max_hp_gain":0,"max_hp_loss":0,"event_name":"Knowing Skull","floor":21,"potions_obtained":[],"gold_loss":0,"cards_obtained":[]},{"damage_healed":0,"gold_gain":0,"player_choice":"Became a Ghost","damage_taken":0,"max_hp_gain":0,"max_hp_loss":34,"event_name":"Ghosts","floor":24,"gold_loss":0,"cards_obtained":["Ghostly","Ghostly","Ghostly","Ghostly","Ghostly"]},{"damage_healed":0,"gold_gain":0,"player_choice":"Opened","damage_taken":0,"relics_obtained":["Darkstone Periapt"],"max_hp_gain":0,"max_hp_loss":0,"event_name":"The Mausoleum","floor":30,"gold_loss":0,"cards_obtained":["Writhe"]},{"cards_removed":["Strike_B"],"damage_healed":0,"gold_gain":0,"player_choice":"Elegance","damage_taken":0,"max_hp_gain":0,"max_hp_loss":0,"event_name":"Back to Basics","floor":31,"gold_loss":0}],"is_beta":false,"boss_relics":[{"not_picked":["Eternal Feather","Astrolabe"],"picked":"Orrery"}],"items_purged_floors":[3,22],"is_endless":false,"potions_floor_spawned":[7,10,11,13,16,18,23,29],"killed_by":"Champ","ascension_level":3}