{"gold_per_floor":[139,156,156,173,21,53,53,53,53,88,100,132,132,152,152,224,224,243,243,260,275,200,200,200,217,295,307,38,38],"floor_reached":29,"playtime":6677,"items_purged":["Strike_R","Strike_R"],"score":451,"play_id":"6979390c-7fe1-4d7a-9a4c-7a2e753c6f5c","local_time":"20190330234150","is_ascension_mode":true,"campfire_choices":[{"data":"Spot Weakness","floor":7,"key":"SMITH"},{"data":"True Grit","floor":13,"key":"SMITH"},{"data":"Disarm","floor":15,"key":"SMITH"},{"data":"Limit Break","floor":24,"key":"SMITH"}],"neow_cost":"NONE","seed_source_timestamp":37976978044100,"circlet_count":0,"master_deck":["AscendersBane","Strike_R","Strike_R","Defend_R","Defend_R","Defend_R+1","Defend_R","Bash+1","Feel No Pain","Pommel Strike","Reaper","Spot Weakness+1","Wild Strike","Sword Boomerang+1","Disarm+1","True Grit+1","Limit Break+1","Uppercut+1","Headbutt+1","Battle Trance","Anger+1"],"relics":["Black Blood","Tiny Chest","Matryoshka","Bag of Preparation","Sundial","Molten Egg 2","Blood Vial","Dream Catcher","Bronze Scales","Dodecahedron"],"potions_floor_usage":[3,10,16,18,21,21,23,23,29],"damage_taken":[{"damage":7,"enemies":"Jaw Worm","floor":1,"turns":3},{"damage":4,"enemies":"2 Louse","floor":2,"turns":4},{"damage":0,"enemies":"Cultist","floor":4,"turns":3},{"damage":17,"enemies":"3 Sentries","floor":6,"turns":14},{"damage":32,"enemies":"Gremlin Nob","floor":10,"turns":4},{"damage":36,"enemies":"Lots of Slimes","floor":11,"turns":5},{"damage":28,"enemies":"Lagavulin","floor":12,"turns":4},{"damage":4,"enemies":"3 Louse","floor":14,"turns":3},{"damage":5,"enemies":"Hexaghost","floor":16,"turns":11},{"damage":18,"enemies":"Spheric Guardian","floor":18,"turns":4},{"damage":22,"enemies":"Shell Parasite","floor":20,"turns":4},{"damage":31,"enemies":"Snecko","floor":21,"turns":5},{"damage":6,"enemies":"Gremlin Leader","floor":23,"turns":3},{"damage":31,"enemies":"Cultist and Chosen","floor":25,"turns":6},{"damage":51,"enemies":"Shelled Parasite and Fungi","floor":27,"turns":6},{"damage":29,"enemies":"Colosseum Slavers","floor":29,"turns":3}],"seed_played":"-7935437189915973463","potions_obtained":[{"floor":1,"key":"Fruit Juice"},{"floor":2,"key":"Regen Potion"},{"floor":4,"key":"GamblersBrew"},{"floor":14,"key":"AttackPotion"},{"floor":16,"key":"Swift Potion"},{"floor":18,"key":"EntropicBrew"}],"is_trial":false,"path_per_floor":["?","?","T","M","?"],"character_chosen":"IRONCLAD","items_purchased":["Reaper","Battle Trance","Anger+1","AttackPotion"],"campfire_rested":0,"item_purchase_floors":[5,28,28,28],"current_hp_per_floor":[67,69,59,65,65,66,66,66,66,58,48,26,26,38,38,53,73,67,67,57,42,42,48,48,51,51,12,12,0],"gold":38,"neow_bonus":"RANDOM_COMMON_RELIC","is_prod":false,"is_daily":false,"chose_seed":false,"campfire_upgraded":4,"win_rate":0,"timestamp":1554003710,"path_taken":["M","M","?","M","$","E","R","?","T","E","M","E","R","M","R","BOSS","M","?","M","M","$","E","R","?","T","M","$","?"],"build_version":"2019-01-23","purchased_purges":2,"victory":false,"max_hp_per_floor":[75,75,80,80,80,80,80,80,80,80,80,80,80,80,80,80,80,80,80,80,80,80,80,80,80,80,80,80,80],"card_choices":[{"not_picked":["Blood for Blood","Warcry","Flex"],"picked":"SKIP","floor":1},{"not_picked":["True Grit","Pummel"],"picked":"Feel No Pain","floor":2},{"not_picked":["Perfected Strike","Cleave"],"picked":"Pommel Strike","floor":4},{"not_picked":["Iron Wave","Heavy Blade"],"picked":"Spot Weakness","floor":6},{"not_picked":["Dropkick","Dual Wield"],"picked":"Sword Boomerang","floor":10},{"not_picked":["Rage","Clothesline+1"],"picked":"Disarm","floor":11},{"not_picked":["Blood for Blood+1","Entrench"],"picked":"True Grit","floor":12},{"not_picked":["Sentinel","Second Wind","Perfected Strike+1"],"picked":"SKIP","floor":14},{"not_picked":["Barricade","Brutality"],"picked":"Limit Break","floor":16},{"not_picked":["Thunderclap+1","Clash+1","Perfected Strike+1"],"picked":"SKIP","floor":18},{"not_picked":["Corruption","Anger+1"],"picked":"Uppercut+1","floor":20},{"not_picked":["Feel No Pain","Warcry","Flex+1"],"picked":"SKIP","floor":21},{"not_picked":["Armaments+1","Hemokinesis+1"],"picked":"Headbutt+1","floor":25},{"not_picked":["Dual Wield","Wild Strike+1","Iron Wave+1"],"picked":"SKIP","floor":27}],"player_experience":362932,"relics_obtained":[{"floor":6,"key":"Matryoshka"},{"floor":9,"key":"Bag of Preparation"},{"floor":9,"key":"Sundial"},{"floor":10,"key":"Molten Egg 2"},{"floor":12,"key":"Blood Vial"},{"floor":19,"key":"Dream Catcher"},{"floor":19,"key":"Bronze Scales"},{"floor":26,"key":"Dodecahedron"}],"event_choices":[{"damage_healed":0,"gold_gain":0,"player_choice":"Entered Light","damage_taken":15,"max_hp_gain":0,"max_hp_loss":0,"event_name":"Shining Light","floor":3,"gold_loss":0,"cards_upgraded":["Bash","Defend_R"]},{"damage_healed":0,"gold_gain":0,"cards_transformed":["Strike_R"],"player_choice":"Transformed","damage_taken":0,"max_hp_gain":0,"max_hp_loss":0,"event_name":"Transmorgrifier","floor":8,"gold_loss":0,"cards_obtained":["Wild Strike"]},{"damage_healed":0,"gold_gain":0,"player_choice":"Fight","damage_taken":0,"max_hp_gain":0,"max_hp_loss":0,"event_name":"Colosseum","floor":29,"gold_loss":0}],"is_beta":false,"boss_relics":[{"not_picked":["Coffee Dripper","Orrery"],"picked":"Black Blood"}],"items_purged_floors":[22,28],"is_endless":false,"potions_floor_spawned":[1,2,4,14,16,18,21],"killed_by":"Colosseum Slavers","ascension_level":14}