{"gold_per_floor":[115,128,141,153,153,153,163,163,163,163,12,28,48,59,59,59],"floor_reached":16,"playtime":286,"items_purged":[],"score":96,"play_id":"91ffde7c-d16d-4822-b2a4-f97b7119c2d9","local_time":"20180705235350","is_ascension_mode":false,"campfire_choices":[{"data":"Whirlwind","floor":6,"key":"SMITH"},{"data":"Cleave","floor":8,"key":"SMITH"},{"data":"Bash","floor":10,"key":"SMITH"},{"data":"Immolate","floor":15,"key":"SMITH"}],"neow_cost":"","seed_source_timestamp":1289041124534337,"circlet_count":0,"master_deck":["Strike_R","Strike_R","Strike_R","Strike_R","Strike_R","Defend_R","Defend_R","Defend_R","Bash+1","Cleave+1","Wild Strike","Whirlwind+1","Whirlwind","Inflame+1","Immolate+1","Pommel Strike"],"relics":["Burning Blood","Frozen Egg 2"],"potions_floor_usage":[16,16],"damage_taken":[{"damage":7,"enemies":"2 Louse","floor":1,"turns":2},{"damage":1,"enemies":"Jaw Worm","floor":2,"turns":3},{"damage":7,"enemies":"Small Slimes","floor":3,"turns":3},{"damage":22,"enemies":"Exordium Thugs","floor":4,"turns":5},{"damage":10,"enemies":"Looter","floor":7,"turns":2},{"damage":18,"enemies":"Lots of Slimes","floor":12,"turns":2},{"damage":6,"enemies":"2 Fungi Beasts","floor":13,"turns":2},{"damage":19,"enemies":"Blue Slaver","floor":14,"turns":3},{"damage":36,"enemies":"Hexaghost","floor":16,"turns":4}],"seed_played":"3103999424879785093","potions_obtained":[{"floor":4,"key":"LiquidBronze"},{"floor":12,"key":"Strength Potion"},{"floor":13,"key":"SmokeBomb"},{"floor":14,"key":"Explosive Potion"}],"is_trial":false,"path_per_floor":["M","M","M","M","?","R","M","R","T","R","$","M","M","M","R"],"character_chosen":"IRONCLAD","items_purchased":["Whirlwind","Inflame+1"],"campfire_rested":0,"item_purchase_floors":[11,11],"current_hp_per_floor":[79,80,79,63,63,63,59,59,59,59,59,47,47,34,34,0],"gold":59,"neow_bonus":"","is_prod":false,"is_daily":false,"chose_seed":false,"campfire_upgraded":4,"win_rate":0.0,"timestamp":1530849230,"path_taken":["M","M","M","M","?","R","M","R","T","R","$","M","M","M","R","BOSS"],"build_version":"2018-06-28","purchased_purges":0,"victory":false,"max_hp_per_floor":[80,80,80,80,80,80,80,80,80,80,80,80,80,80,80,80],"card_choices":[{"not_picked":["Armaments","Pommel Strike"],"picked":"Cleave","floor":1},{"not_picked":["True Grit","Combust","Shockwave"],"picked":"SKIP","floor":2},{"not_picked":["Feel No Pain","Rupture"],"picked":"Wild Strike","floor":3},{"not_picked":["Flex","Cleave"],"picked":"Whirlwind","floor":4},{"not_picked":["Burning Pact","Heavy Blade","Sword Boomerang"],"picked":"SKIP","floor":7},{"not_picked":["Searing Blow","Warcry"],"picked":"Immolate","floor":12},{"not_picked":["Rupture+1","Warcry","Sword Boomerang"],"picked":"SKIP","floor":13},{"not_picked":["Infernal Blade","Spot Weakness"],"picked":"Pommel Strike","floor":14}],"player_experience":68205,"relics_obtained":[{"floor":9,"key":"Frozen Egg 2"}],"event_choices":[{"event_name":"Living Wall","player_choice":"Forget","floor":5,"damage_taken":0}],"boss_relics":[],"items_purged_floors":[],"is_endless":false,"potions_floor_spawned":[4,12,13,14],"killed_by":"Hexaghost","ascension_level":0}