{"gold_per_floor":[109,59,74,89,102,102,128,128,155,155,171,186,214,12,12,117,117,129,144,44,59,59,84,84,84,108,108,108,108],"floor_reached":29,"playtime":1409,"items_purged":["Strike_G","Strike_G"],"score":292,"play_id":"97353e0d-1ff7-4b66-a812-b4f731b496ff","local_time":"20190328203310","is_ascension_mode":true,"campfire_choices":[{"data":"Neutralize","floor":6,"key":"SMITH"},{"data":"Caltrops","floor":8,"key":"SMITH"},{"data":"Cloak And Dagger","floor":10,"key":"SMITH"},{"data":"Sucker Punch","floor":15,"key":"SMITH"},{"floor":24,"key":"REST"},{"floor":27,"key":"REST"}],"neow_cost":"TEN_PERCENT_HP_LOSS","seed_source_timestamp":8199005907924642,"circlet_count":0,"master_deck":["Defend_G","Defend_G","Defend_G","Defend_G","Strike_G","Survivor","Neutralize+1","Cloak And Dagger+1","Poisoned Stab","Dagger Spray","Sucker Punch+1","Deflect","Dash","Caltrops+1","Acrobatics","All Out Attack","Backstab","Caltrops","Bullet Time","PiercingWail","Predator+1","Tools of the Trade"],"relics":["Ring of the Snake","Bag of Preparation","Pen Nib","Juzu Bracelet","Philosopher\u0027s Stone","Ginger","Dream Catcher"],"potions_floor_usage":[7,16],"damage_taken":[{"damage":0,"enemies":"2 Louse","floor":1,"turns":3},{"damage":0,"enemies":"Jaw Worm","floor":3,"turns":3},{"damage":0,"enemies":"Small Slimes","floor":4,"turns":2},{"damage":0,"enemies":"3 Louse","floor":5,"turns":2},{"damage":0,"enemies":"Gremlin Nob","floor":7,"turns":3},{"damage":0,"enemies":"Blue Slaver","floor":11,"turns":3},{"damage":3,"enemies":"2 Fungi Beasts","floor":12,"turns":2},{"damage":17,"enemies":"Lagavulin","floor":13,"turns":7},{"damage":5,"enemies":"The Guardian","floor":16,"turns":8},{"damage":13,"enemies":"2 Thieves","floor":18,"turns":3},{"damage":21,"enemies":"Spheric Guardian","floor":19,"turns":3},{"damage":8,"enemies":"Snecko","floor":21,"turns":6},{"damage":4,"enemies":"Gremlin Leader","floor":23,"turns":8},{"damage":44,"enemies":"Cultist and Chosen","floor":29,"turns":5}],"seed_played":"2619038610976119295","potions_obtained":[{"floor":5,"key":"AttackPotion"},{"floor":12,"key":"Explosive Potion"},{"floor":16,"key":"Dexterity Potion"},{"floor":23,"key":"Strength Potion"}],"is_trial":false,"path_per_floor":["M","?","M","M","M","R","E","R","T","R","M","M","E","$","R","B",null,"M","M","$","M","?","E","R","?","T","R","?","M"],"character_chosen":"THE_SILENT","items_purchased":["Caltrops","Poison Potion"],"campfire_rested":2,"item_purchase_floors":[14,14],"current_hp_per_floor":[63,63,63,63,63,63,63,63,63,63,63,60,43,43,43,38,63,50,29,29,21,21,17,35,24,24,44,44,0],"gold":108,"neow_bonus":"TRANSFORM_TWO_CARDS","is_prod":false,"is_daily":false,"chose_seed":false,"campfire_upgraded":4,"win_rate":0,"timestamp":1553819590,"path_taken":["M","?","M","M","M","R","E","R","T","R","M","M","E","$","R","BOSS","M","M","$","M","?","E","R","?","T","R","?","M"],"build_version":"2019-01-23","purchased_purges":2,"victory":false,"max_hp_per_floor":[63,63,63,63,63,63,63,63,63,63,63,63,63,63,63,63,63,63,63,63,63,63,63,63,68,68,68,68,68],"card_choices":[{"not_picked":["Underhanded Strike","Predator"],"picked":"Dagger Spray","floor":1},{"not_picked":["PiercingWail","Crippling Poison"],"picked":"Sucker Punch","floor":3},{"not_picked":["Escape Plan","Deadly Poison"],"picked":"Deflect","floor":4},{"not_picked":["Predator","Dagger Spray"],"picked":"Dash","floor":5},{"not_picked":["Noxious Fumes","Infinite Blades"],"picked":"Caltrops","floor":7},{"not_picked":["Underhanded Strike","Escape Plan"],"picked":"Acrobatics","floor":11},{"not_picked":["Calculated Gamble","Wraith Form v2"],"picked":"All Out Attack","floor":12},{"not_picked":["Quick Slash","Distraction"],"picked":"Backstab","floor":13},{"not_picked":["Venomology","Burst"],"picked":"Bullet Time","floor":16},{"not_picked":["Deadly Poison+1","Dodge and Roll+1"],"picked":"PiercingWail","floor":18},{"not_picked":["Poisoned Stab+1","Acrobatics","Heel Hook"],"picked":"SKIP","floor":19},{"not_picked":["Reflex+1","Acrobatics","Heel Hook"],"picked":"SKIP","floor":21},{"not_picked":["Accuracy","Acrobatics+1"],"picked":"Predator+1","floor":23},{"not_picked":["Distraction+1","PiercingWail"],"picked":"Tools of the Trade","floor":27}],"player_experience":589132,"relics_obtained":[{"floor":7,"key":"Bag of Preparation"},{"floor":9,"key":"Pen Nib"},{"floor":13,"key":"Juzu Bracelet"},{"floor":23,"key":"Ginger"},{"floor":26,"key":"Dream Catcher"}],"event_choices":[{"cards_removed":["Defend_G"],"damage_healed":0,"gold_gain":0,"player_choice":"Card Removal","damage_taken":0,"max_hp_gain":0,"max_hp_loss":0,"event_name":"The Cleric","floor":2,"gold_loss":50},{"damage_healed":0,"gold_gain":0,"player_choice":"Ignored","damage_taken":0,"max_hp_gain":0,"max_hp_loss":0,"event_name":"Beggar","floor":22,"gold_loss":0},{"damage_healed":0,"gold_gain":0,"player_choice":"Shed Blood","damage_taken":16,"max_hp_gain":5,"max_hp_loss":0,"event_name":"Forgotten Altar","floor":25,"gold_loss":0},{"damage_healed":0,"gold_gain":0,"player_choice":"Ignored","damage_taken":0,"max_hp_gain":0,"max_hp_loss":0,"event_name":"Vampires","floor":28,"gold_loss":0}],"is_beta":false,"boss_relics":[{"not_picked":["Velvet Choker","Eternal Feather"],"picked":"Philosopher\u0027s Stone"}],"items_purged_floors":[14,20],"is_endless":false,"potions_floor_spawned":[5,12,16,23],"killed_by":"Cultist and Chosen","ascension_level":1}