{"gold_per_floor":[109,126,126,140,40,40,70,70,97,97,110,129,139,139,139,236,236,250,250,250,250,1,1,12,12,80,80,111,127,141,152,152,152],"floor_reached":33,"playtime":1174,"items_purged":["Defend_R","Strike_R"],"score":267,"play_id":"4e9d5946-eeba-4197-b0d3-461e4c886943","local_time":"20180720131750","is_ascension_mode":false,"campfire_choices":[{"data":"Rage","floor":6,"key":"SMITH"},{"data":"Thunderclap","floor":8,"key":"SMITH"},{"data":"Flex","floor":15,"key":"SMITH"},{"data":"Offering","floor":23,"key":"SMITH"},{"data":"Hemokinesis","floor":25,"key":"SMITH"},{"data":"Bash","floor":27,"key":"SMITH"},{"floor":32,"key":"REST"}],"neow_cost":"NONE","seed_source_timestamp":795717717940427,"circlet_count":0,"master_deck":["Strike_R","Strike_R","Strike_R+1","Strike_R+1","Bash+1","Hemokinesis+1","Shrug It Off","Shrug It Off","Thunderclap+1","Flex+1","Offering+1"],"relics":["Burning Blood","Whetstone","Ancient Tea Set","Velvet Choker","Pen Nib","Molten Egg 2","Frozen Egg 2"],"potions_floor_usage":[12,16,30,33,33,33],"damage_taken":[{"damage":0,"enemies":"2 Louse","floor":1,"turns":2},{"damage":14,"enemies":"Small Slimes","floor":2,"turns":3},{"damage":3,"enemies":"Cultist","floor":4,"turns":3},{"damage":31,"enemies":"Gremlin Nob","floor":7,"turns":4},{"damage":12,"enemies":"Gremlin Gang","floor":11,"turns":3},{"damage":3,"enemies":"2 Fungi Beasts","floor":12,"turns":1},{"damage":3,"enemies":"Large Slime","floor":13,"turns":3},{"damage":57,"enemies":"Slime Boss","floor":16,"turns":10},{"damage":14,"enemies":"Shell Parasite","floor":18,"turns":4},{"damage":11,"enemies":"Spheric Guardian","floor":24,"turns":2},{"damage":31,"enemies":"Book of Stabbing","floor":28,"turns":3},{"damage":9,"enemies":"Snecko","floor":29,"turns":2},{"damage":29,"enemies":"Centurion and Healer","floor":30,"turns":2},{"damage":17,"enemies":"Chosen and Byrds","floor":31,"turns":3},{"damage":72,"enemies":"Automaton","floor":33,"turns":6}],"seed_played":"7301957564002255994","potions_obtained":[{"floor":2,"key":"SteroidPotion"},{"floor":4,"key":"Explosive Potion"},{"floor":11,"key":"SkillPotion"},{"floor":16,"key":"Dexterity Potion"},{"floor":18,"key":"SneckoOil"},{"floor":24,"key":"GamblersBrew"},{"floor":28,"key":"BloodPotion"},{"floor":31,"key":"Explosive Potion"}],"is_trial":false,"path_per_floor":["M","M","?","M","$","R","E","R","T","?","M","M","M","?","R","B",null,"M","?","?","?","$","R","M","R","T","R","E","M","M","M","R"],"character_chosen":"IRONCLAD","items_purchased":["Shrug It Off","Offering"],"campfire_rested":1,"item_purchase_floors":[5,22],"current_hp_per_floor":[80,72,65,68,68,68,43,43,43,43,37,40,43,69,69,18,80,72,72,72,80,80,80,75,75,75,75,50,47,32,21,45,0],"gold":152,"neow_bonus":"REMOVE_CARD","is_prod":false,"is_daily":false,"chose_seed":false,"campfire_upgraded":6,"win_rate":0,"timestamp":1532107070,"path_taken":["M","M","?","M","$","R","E","R","T","?","M","?","?","?","R","BOSS","M","?","?","?","$","R","M","R","T","R","E","?","M","?","R","BOSS"],"build_version":"2018-07-19v2","purchased_purges":2,"victory":false,"max_hp_per_floor":[80,80,80,80,80,80,80,80,80,80,80,80,80,80,80,80,80,80,80,80,80,80,80,80,80,80,80,80,80,80,80,80,80],"card_choices":[{"not_picked":["Pommel Strike","Metallicize"],"picked":"Hemokinesis","floor":1},{"not_picked":["Twin Strike","Sword Boomerang"],"picked":"Rage","floor":2},{"not_picked":["Evolve","Anger"],"picked":"Shrug It Off","floor":4},{"not_picked":["Brutality","Warcry"],"picked":"Thunderclap","floor":7},{"not_picked":["Fire Breathing","Clash","Iron Wave"],"picked":"SKIP","floor":11},{"not_picked":["Clash","Armaments","Pommel Strike"],"picked":"SKIP","floor":12},{"not_picked":["Intimidate","Shrug It Off"],"picked":"Flex","floor":13},{"not_picked":["Sentinel+1","Twin Strike","True Grit"],"picked":"SKIP","floor":18},{"not_picked":["Sword Boomerang+1","Dropkick","Uppercut"],"picked":"SKIP","floor":24},{"not_picked":["Sword Boomerang+1","Thunderclap+1","Intimidate"],"picked":"SKIP","floor":28},{"not_picked":["Clash+1","Combust+1","Shrug It Off+1"],"picked":"SKIP","floor":29},{"not_picked":["Clash+1","Wild Strike+1","Perfected Strike+1"],"picked":"SKIP","floor":30},{"not_picked":["True Grit","Metallicize+1","Shrug It Off"],"picked":"SKIP","floor":31}],"player_experience":265974,"relics_obtained":[{"floor":7,"key":"Whetstone"},{"floor":9,"key":"Ancient Tea Set"},{"floor":26,"key":"Molten Egg 2"},{"floor":28,"key":"Frozen Egg 2"}],"event_choices":[{"event_name":"Golden Wing","player_choice":"Card Removal","floor":3,"damage_taken":0},{"event_name":"Living Wall","player_choice":"Forget","floor":10,"damage_taken":0},{"event_name":"Big Fish","player_choice":"Banana","floor":14,"damage_taken":0},{"event_name":"The Mausoleum","player_choice":"Yes","floor":19,"damage_taken":0},{"event_name":"Back to Basics","player_choice":"Elegance","floor":20,"damage_taken":0},{"event_name":"Bonfire Elementals","player_choice":"UNCOMMON","floor":21,"damage_taken":0}],"is_beta":false,"boss_relics":[{"not_picked":["Eternal Feather","Black Star"],"picked":"Velvet Choker"}],"items_purged_floors":[5,22],"is_endless":false,"potions_floor_spawned":[2,4,11,16,18,24,28,31],"killed_by":"Automaton","ascension_level":0}