{"gold_per_floor":[210,224,224,237,57,57,72,72,72,82,82,82,82,101,101,101],"floor_reached":16,"playtime":1049,"items_purged":["Defend_G"],"score":97,"play_id":"512c487c-a60d-49fa-95ce-cd3f3f220ceb","local_time":"20180919092900","is_ascension_mode":true,"campfire_choices":[{"data":"Cloak And Dagger","floor":6,"key":"SMITH"},{"data":"Cloak And Dagger","floor":11,"key":"SMITH"},{"data":"Blade Dance","floor":13,"key":"SMITH"},{"data":"Infinite Blades","floor":15,"key":"SMITH"}],"neow_cost":"NONE","seed_source_timestamp":451232540922498,"circlet_count":0,"master_deck":["Defend_G","Defend_G","Defend_G","Defend_G","Strike_G","Strike_G","Strike_G+1","Strike_G","Strike_G","Survivor","Neutralize+1","Acrobatics","Backflip","Dagger Throw","Cloak And Dagger+1","Infinite Blades+1","All Out Attack","Parasite","Cloak And Dagger+1","Blade Dance+1"],"relics":["Ring of the Snake","Prayer Wheel"],"potions_floor_usage":[4,10,16],"damage_taken":[{"damage":6,"enemies":"Cultist","floor":1,"turns":4},{"damage":2,"enemies":"Jaw Worm","floor":2,"turns":4},{"damage":2,"enemies":"Small Slimes","floor":4,"turns":4},{"damage":7,"enemies":"Exordium Wildlife","floor":7,"turns":3},{"damage":0,"enemies":"3 Louse","floor":10,"turns":2},{"damage":6,"enemies":"Blue Slaver","floor":14,"turns":3},{"damage":65,"enemies":"The Guardian","floor":16,"turns":12}],"seed_played":"7288598362646379081","potions_obtained":[{"floor":2,"key":"Regen Potion"},{"floor":7,"key":"AttackPotion"},{"floor":14,"key":"EssenceOfSteel"}],"is_trial":false,"path_per_floor":["M","M","?","M","$","R","M","?","T","M","R","$","R","M","R"],"character_chosen":"THE_SILENT","items_purchased":["Cloak And Dagger","Infinite Blades"],"campfire_rested":0,"item_purchase_floors":[5,5],"current_hp_per_floor":[64,62,48,58,58,58,51,68,68,68,68,68,68,62,62,0],"gold":101,"neow_bonus":"HUNDRED_GOLD","is_prod":false,"is_daily":false,"chose_seed":false,"campfire_upgraded":4,"win_rate":0,"timestamp":1537363740,"path_taken":["M","?","?","M","$","R","M","?","T","M","R","$","R","M","R","BOSS"],"build_version":"2018-09-06","purchased_purges":1,"victory":false,"max_hp_per_floor":[70,70,70,70,70,70,70,70,70,70,70,70,70,70,70,70],"card_choices":[{"not_picked":["Bane","PiercingWail"],"picked":"Acrobatics","floor":1},{"not_picked":["Caltrops","Endless Agony"],"picked":"Backflip","floor":2},{"not_picked":["Quick Slash","Deadly Poison"],"picked":"Dagger Throw","floor":4},{"not_picked":["Expertise","Dash"],"picked":"All Out Attack","floor":7},{"not_picked":["Prepared","Crippling Poison"],"picked":"Cloak And Dagger","floor":10},{"not_picked":["Blur","Heel Hook"],"picked":"Blade Dance","floor":10},{"not_picked":["Night Terror","Concentrate","Poisoned Stab"],"picked":"SKIP","floor":14},{"not_picked":["Prepared","Bouncing Flask","PiercingWail"],"picked":"SKIP","floor":14}],"player_experience":359616,"relics_obtained":[{"floor":9,"key":"Prayer Wheel"}],"event_choices":[{"event_name":"Shining Light","player_choice":"Entered Light","floor":3,"damage_taken":0},{"event_name":"Mushrooms","player_choice":"Healed and dodged fight","floor":8,"damage_taken":0}],"is_beta":false,"boss_relics":[],"items_purged_floors":[5],"is_endless":false,"potions_floor_spawned":[2,7,14],"killed_by":"The Guardian","ascension_level":1}