{"gold_per_floor":[113,131,56,70,80,80,80,93,93,119,119,119],"floor_reached":12,"playtime":272,"items_purged":["Zap"],"score":92,"play_id":"f1378950-b240-4008-bf1b-9a3fca833f5a","local_time":"20190324203759","is_ascension_mode":true,"campfire_choices":[{"data":"Redo","floor":6,"key":"SMITH"},{"floor":11,"key":"REST"}],"neow_cost":"NONE","seed_source_timestamp":7854819145101717,"circlet_count":0,"master_deck":["Strike_B","Strike_B","Strike_B","Strike_B","Defend_B","Defend_B","Defend_B","Dualcast","Ball Lightning","Redo+1","Ball Lightning","Cold Snap","Cold Snap","Coolheaded","Compile Driver"],"relics":["Cracked Core","Pantograph","Dodecahedron"],"potions_floor_usage":[4,10],"damage_taken":[{"damage":14,"enemies":"Jaw Worm","floor":1,"turns":3},{"damage":0,"enemies":"2 Louse","floor":2,"turns":2},{"damage":8,"enemies":"Small Slimes","floor":4,"turns":2},{"damage":16,"enemies":"Gremlin Gang","floor":5,"turns":4},{"damage":10,"enemies":"Blue Slaver","floor":8,"turns":3},{"damage":12,"enemies":"3 Sentries","floor":10,"turns":5},{"damage":32,"enemies":"Lagavulin","floor":12,"turns":3}],"seed_played":"1273879633230533254","potions_obtained":[{"floor":2,"key":"Explosive Potion"},{"floor":5,"key":"SteroidPotion"},{"floor":8,"key":"SkillPotion"},{"floor":10,"key":"FearPotion"}],"is_trial":false,"path_per_floor":["M","M","$","M","M","R","?","M","T","E","R","E"],"character_chosen":"DEFECT","items_purchased":[],"campfire_rested":1,"item_purchase_floors":[],"current_hp_per_floor":[61,61,61,53,37,37,30,20,20,8,30,0],"gold":119,"neow_bonus":"THREE_CARDS","is_prod":false,"is_daily":false,"chose_seed":false,"campfire_upgraded":1,"win_rate":0,"timestamp":1553474279,"path_taken":["M","M","$","M","M","R","?","M","T","E","R","E"],"build_version":"2019-01-23","purchased_purges":1,"victory":false,"max_hp_per_floor":[75,75,75,75,75,75,75,75,75,75,75,75],"card_choices":[{"not_picked":["Cold Snap","Turbo"],"picked":"Ball Lightning","floor":0},{"not_picked":["Steam Power","Force Field"],"picked":"Redo","floor":1},{"not_picked":["Go for the Eyes","Sweeping Beam"],"picked":"Ball Lightning","floor":2},{"not_picked":["Glacier","Steam"],"picked":"Cold Snap","floor":4},{"not_picked":["Streamline","Stack"],"picked":"Cold Snap","floor":5},{"not_picked":["Gash","Hyperbeam"],"picked":"Coolheaded","floor":8},{"not_picked":["Cold Snap","Conserve Battery"],"picked":"Compile Driver","floor":10}],"player_experience":476806,"relics_obtained":[{"floor":9,"key":"Pantograph"},{"floor":10,"key":"Dodecahedron"}],"event_choices":[{"cards_removed":["Defend_B"],"damage_healed":0,"gold_gain":0,"player_choice":"Card Removal","damage_taken":7,"max_hp_gain":0,"max_hp_loss":0,"event_name":"Golden Wing","floor":7,"gold_loss":0}],"is_beta":false,"boss_relics":[],"items_purged_floors":[3],"is_endless":false,"potions_floor_spawned":[2,5,8,10],"killed_by":"Lagavulin","ascension_level":3}