{"gold_per_floor":[117,129,142,142,160,160,188,188,188,218,89,102,102,116,116,214,214,226,301,314,332,99,133,165,183,183,183,282,310,322,348,348,452,452,470,870,888,329,349,381,381,413,413,413,427,427,452,466,466,466],"floor_reached":51,"playtime":4128,"items_purged":["Strike_R","Defend_R","Strike_R"],"score":1036,"play_id":"842fdb4c-5ef2-4432-9068-ba3bb77f35c6","local_time":"20190318125620","is_ascension_mode":true,"campfire_choices":[{"data":"Fiend Fire","floor":6,"key":"SMITH"},{"data":"Body Slam","floor":8,"key":"SMITH"},{"data":"Body Slam","floor":13,"key":"SMITH"},{"data":"Metallicize","floor":15,"key":"SMITH"},{"floor":27,"key":"REST"},{"data":"Demon Form","floor":32,"key":"SMITH"},{"data":"Body Slam","floor":41,"key":"SMITH"},{"data":"Disarm","floor":44,"key":"SMITH"},{"data":"Metallicize","floor":46,"key":"SMITH"},{"data":"Flame Barrier","floor":49,"key":"SMITH"}],"neow_cost":"NONE","seed_source_timestamp":2739462262700,"circlet_count":0,"master_deck":["Defend_R","Defend_R+1","Defend_R","Bash","Flame Barrier+1","Body Slam+1","Sword Boomerang","Fiend Fire+1","Metallicize+1","Body Slam+1","Thunderclap+1","Offering","Headbutt","Flame Barrier+1","Metallicize+1","Shrug It Off","Body Slam+1","Demon Form+1","Reaper+1","Shockwave+1","Battle Trance+1","Berserk+1","Shrug It Off+1","Disarm+1","Parasite","Body Slam+1","Ghostly Armor+1","Disarm+1","Metallicize+1"],"relics":["Burning Blood","Strawberry","Juzu Bracelet","Mercury Hourglass","Ginger","Velvet Choker","Red Mask","War Paint","Mummified Hand","Question Card","Shuriken","Astrolabe","Old Coin","Blood Vial","Dodecahedron","Regal Pillow","Omamori","Frozen Egg 2","Whetstone"],"potions_floor_usage":[16,29,30,33,33,37,39,40,42],"damage_taken":[{"damage":10,"enemies":"Small Slimes","floor":1,"turns":5},{"damage":1,"enemies":"2 Louse","floor":2,"turns":4},{"damage":2,"enemies":"Cultist","floor":3,"turns":5},{"damage":10,"enemies":"Looter","floor":5,"turns":4},{"damage":28,"enemies":"3 Sentries","floor":7,"turns":10},{"damage":27,"enemies":"Lagavulin","floor":10,"turns":7},{"damage":3,"enemies":"Blue Slaver","floor":12,"turns":2},{"damage":12,"enemies":"Exordium Wildlife","floor":14,"turns":4},{"damage":0,"enemies":"Slime Boss","floor":16,"turns":9},{"damage":21,"enemies":"Shell Parasite","floor":18,"turns":5},{"damage":3,"enemies":"Chosen","floor":20,"turns":4},{"damage":2,"enemies":"Centurion and Healer","floor":21,"turns":4},{"damage":12,"enemies":"Masked Bandits","floor":23,"turns":4},{"damage":30,"enemies":"Slavers","floor":24,"turns":4},{"damage":6,"enemies":"Cultist and Chosen","floor":25,"turns":4},{"damage":23,"enemies":"Book of Stabbing","floor":29,"turns":5},{"damage":8,"enemies":"Shelled Parasite and Fungi","floor":30,"turns":3},{"damage":21,"enemies":"Gremlin Leader","floor":31,"turns":6},{"damage":39,"enemies":"Collector","floor":33,"turns":8},{"damage":8,"enemies":"3 Shapes","floor":35,"turns":4},{"damage":8,"enemies":"Mind Bloom Boss Battle","floor":36,"turns":6},{"damage":6,"enemies":"3 Darklings","floor":37,"turns":5},{"damage":13,"enemies":"Writhing Mass","floor":39,"turns":4},{"damage":22,"enemies":"Reptomancer","floor":40,"turns":6},{"damage":6,"enemies":"Giant Head","floor":42,"turns":6},{"damage":6,"enemies":"Jaw Worm Horde","floor":45,"turns":4},{"damage":33,"enemies":"Reptomancer","floor":47,"turns":5},{"damage":26,"enemies":"3 Darklings","floor":48,"turns":7},{"damage":9,"enemies":"Time Eater","floor":50,"turns":13}],"seed_played":"2383568798778784845","potions_obtained":[{"floor":1,"key":"Fire Potion"},{"floor":5,"key":"Regen Potion"},{"floor":7,"key":"PowerPotion"},{"floor":18,"key":"Ancient Potion"},{"floor":29,"key":"Explosive Potion"},{"floor":30,"key":"PowerPotion"},{"floor":35,"key":"GamblersBrew"},{"floor":37,"key":"Block Potion"},{"floor":39,"key":"Poison Potion"},{"floor":47,"key":"Weak Potion"},{"floor":48,"key":"LiquidBronze"}],"is_trial":false,"path_per_floor":["?","?","?","?","?"],"character_chosen":"IRONCLAD","items_purchased":["Body Slam","Metallicize","Shrug It Off","Swift Potion","Blood Vial","Dodecahedron"],"campfire_rested":1,"item_purchase_floors":[11,22,22,38,38,38],"current_hp_per_floor":[83,87,87,92,88,88,66,66,66,45,45,48,48,42,42,48,92,77,68,71,75,75,69,45,45,45,72,72,69,67,52,52,19,92,92,90,90,90,85,76,76,92,92,92,92,92,71,88,88,89],"gold":466,"neow_bonus":"RANDOM_COMMON_RELIC","is_prod":false,"is_daily":false,"chose_seed":false,"campfire_upgraded":9,"win_rate":0,"timestamp":1552928180,"path_taken":["M","M","M","?","M","R","E","R","T","E","$","M","R","M","R","BOSS","M","?","M","M","$","?","E","M","T","R","?","E","M","E","R","BOSS","M","?","M","$","M","E","R","E","T","R","M","R","E","M","R","BOSS"],"build_version":"2019-01-23","purchased_purges":3,"victory":true,"max_hp_per_floor":[87,87,87,92,92,92,92,92,92,92,92,92,92,92,92,92,92,92,92,92,92,92,92,92,92,92,92,92,92,92,92,92,92,92,92,92,92,92,92,92,92,92,92,92,92,92,92,92,92,92],"card_choices":[{"not_picked":["Sword Boomerang","Anger"],"picked":"Flame Barrier","floor":1},{"not_picked":["Sword Boomerang","Thunderclap"],"picked":"Body Slam","floor":2},{"not_picked":["Pommel Strike","Wild Strike"],"picked":"Sword Boomerang","floor":3},{"not_picked":["Sword Boomerang","Havoc"],"picked":"Fiend Fire","floor":5},{"not_picked":["Clothesline","Heavy Blade","Fiend Fire"],"picked":"SKIP","floor":7},{"not_picked":["Anger","Heavy Blade"],"picked":"Metallicize","floor":10},{"not_picked":["Heavy Blade","Seeing Red"],"picked":"Thunderclap","floor":12},{"not_picked":["Warcry","Wild Strike","Infernal Blade"],"picked":"SKIP","floor":14},{"not_picked":["Berserk","Reaper"],"picked":"Offering","floor":16},{"not_picked":["Twin Strike","Clash"],"picked":"Headbutt","floor":18},{"not_picked":["Dual Wield+1","Anger+1"],"picked":"Flame Barrier","floor":20},{"not_picked":["Havoc+1","Second Wind","Perfected Strike"],"picked":"SKIP","floor":21},{"not_picked":["Armaments","Rampage"],"picked":"Body Slam+1","floor":23},{"not_picked":["Armaments","Dark Embrace"],"picked":"Demon Form","floor":24},{"not_picked":["Searing Blow","Flex","Armaments"],"picked":"SKIP","floor":25},{"not_picked":["Combust","Bloodletting","Warcry+1"],"picked":"SKIP","floor":29},{"not_picked":["Wild Strike","Inflame","Rampage+1","Heavy Blade"],"picked":"SKIP","floor":30},{"not_picked":["Corruption","Rage","Cleave","Dropkick"],"picked":"SKIP","floor":31},{"not_picked":["Juggernaut","Berserk","Limit Break"],"picked":"Reaper","floor":33},{"not_picked":["True Grit+1","Sword Boomerang","Body Slam"],"picked":"Shrug It Off+1","floor":35},{"not_picked":["Warcry","Havoc+1","Perfected Strike+1"],"picked":"Disarm","floor":36},{"not_picked":["Evolve","Wild Strike","Clothesline+1","Infernal Blade"],"picked":"SKIP","floor":37},{"not_picked":["Spot Weakness+1","Double Tap","Clash+1"],"picked":"Body Slam","floor":39},{"not_picked":["Anger","Havoc+1","Clothesline"],"picked":"Ghostly Armor+1","floor":40},{"not_picked":["Carnage+1","Double Tap","Warcry+1"],"picked":"Disarm+1","floor":42},{"not_picked":["Wild Strike+1","True Grit","Anger","Heavy Blade"],"picked":"SKIP","floor":45},{"not_picked":["Feel No Pain+1","Seeing Red+1","Evolve+1"],"picked":"Metallicize+1","floor":47},{"not_picked":["Perfected Strike+1","Corruption+1","Thunderclap","Shrug It Off"],"picked":"SKIP","floor":48}],"player_experience":221721,"relics_obtained":[{"floor":7,"key":"Juzu Bracelet"},{"floor":9,"key":"Mercury Hourglass"},{"floor":10,"key":"Ginger"},{"floor":23,"key":"Red Mask"},{"floor":24,"key":"War Paint"},{"floor":26,"key":"Mummified Hand"},{"floor":29,"key":"Question Card"},{"floor":31,"key":"Shuriken"},{"floor":36,"key":"Old Coin"},{"floor":40,"key":"Regal Pillow"},{"floor":42,"key":"Omamori"},{"floor":43,"key":"Frozen Egg 2"},{"floor":47,"key":"Whetstone"}],"event_choices":[{"damage_healed":0,"gold_gain":0,"player_choice":"Donut","damage_taken":0,"max_hp_gain":5,"max_hp_loss":0,"event_name":"Big Fish","floor":4,"gold_loss":0},{"damage_healed":0,"gold_gain":75,"player_choice":"Touch","damage_taken":9,"max_hp_gain":0,"max_hp_loss":0,"event_name":"FaceTrader","floor":19,"gold_loss":0},{"damage_healed":0,"gold_gain":0,"player_choice":"Fought Bandits","damage_taken":0,"max_hp_gain":0,"max_hp_loss":0,"event_name":"Masked Bandits","floor":23,"gold_loss":0},{"damage_healed":0,"gold_gain":99,"player_choice":"Stole From Cult","damage_taken":0,"max_hp_gain":0,"max_hp_loss":0,"event_name":"Nest","floor":28,"gold_loss":0},{"damage_healed":0,"gold_gain":0,"player_choice":"Fight","damage_taken":0,"max_hp_gain":0,"max_hp_loss":0,"event_name":"MindBloom","floor":36,"gold_loss":0}],"is_beta":false,"boss_relics":[{"not_picked":["Ectoplasm","Busted Crown"],"picked":"Velvet Choker"},{"not_picked":["Runic Pyramid","Philosopher\u0027s Stone"],"picked":"Astrolabe"}],"items_purged_floors":[11,22,38],"is_endless":false,"potions_floor_spawned":[1,5,7,12,18,24,29,30,35,37,39,47,48],"ascension_level":3}