{"gold_per_floor":[114,42,42,52,64,64,93,107,107,96,116,127,139,139,139,244,244,256,273,121,121,36,71,87,87,111,111,134,151,6,16,16,16],"floor_reached":33,"playtime":1299,"items_purged":["Strike_B","Strike_B"],"score":323,"play_id":"811b1578-5d17-429b-84a6-4b772c0709d3","local_time":"20190325130913","is_ascension_mode":true,"campfire_choices":[{"data":"Defragment","floor":6,"key":"SMITH"},{"floor":15,"key":"REST"},{"data":"Rainbow","floor":25,"key":"SMITH"},{"data":"Heatsinks","floor":27,"key":"SMITH"},{"floor":32,"key":"REST"}],"neow_cost":"NONE","seed_source_timestamp":7913269282385698,"circlet_count":0,"master_deck":["Strike_B","Strike_B","Defend_B","Defend_B","Defend_B","Defend_B","Zap","Dualcast","Conserve Battery","Defragment+1","Machine Learning","Glacier","Skim","Heatsinks+1","Barrage","Rainbow+1","Sweeping Beam","Coolheaded+1","Hello World","Compile Driver+1","Loop+1","Loop+1"],"relics":["Cracked Core","Happy Flower","Matryoshka","Runic Dome","Frozen Egg 2","Bronze Scales","The Courier","Ancient Tea Set","Oddly Smooth Stone","Dream Catcher","Omamori"],"potions_floor_usage":[7,12,14,16],"damage_taken":[{"damage":8,"enemies":"2 Louse","floor":1,"turns":2},{"damage":0,"enemies":"Cultist","floor":4,"turns":4},{"damage":6,"enemies":"Jaw Worm","floor":5,"turns":6},{"damage":35,"enemies":"3 Sentries","floor":7,"turns":7},{"damage":0,"enemies":"Blue Slaver","floor":8,"turns":5},{"damage":0,"enemies":"Exordium Thugs","floor":10,"turns":4},{"damage":3,"enemies":"Large Slime","floor":11,"turns":6},{"damage":17,"enemies":"Gremlin Gang","floor":12,"turns":6},{"damage":5,"enemies":"Blue Slaver","floor":13,"turns":6},{"damage":0,"enemies":"Gremlin Nob","floor":14,"turns":1},{"damage":17,"enemies":"Hexaghost","floor":16,"turns":13},{"damage":6,"enemies":"Shell Parasite","floor":18,"turns":9},{"damage":0,"enemies":"Chosen","floor":19,"turns":4},{"damage":7,"enemies":"Book of Stabbing","floor":23,"turns":7},{"damage":29,"enemies":"Shelled Parasite and Fungi","floor":24,"turns":6},{"damage":1,"enemies":"Snake Plant","floor":29,"turns":4},{"damage":23,"enemies":"3 Cultists","floor":31,"turns":6},{"damage":56,"enemies":"Collector","floor":33,"turns":6}],"seed_played":"8169631918658813671","potions_obtained":[{"floor":1,"key":"Fire Potion"},{"floor":4,"key":"Weak Potion"},{"floor":7,"key":"FairyPotion"},{"floor":12,"key":"SmokeBomb"},{"floor":13,"key":"Poison Potion"},{"floor":23,"key":"Explosive Potion"},{"floor":24,"key":"Block Potion"},{"floor":29,"key":"FairyPotion"}],"is_trial":false,"path_per_floor":["M","$","?","M","M","R","E","M","T","M","M","M","M","E","R","B",null,"M","M","$","?","?","E","M","R","T","R","T","M","$","M","R","B"],"character_chosen":"DEFECT","items_purchased":["Defragment","Hello World","Loop+1"],"campfire_rested":2,"item_purchase_floors":[2,20,30],"current_hp_per_floor":[67,67,67,67,61,61,26,26,26,26,23,6,1,1,23,6,75,69,69,69,69,69,62,33,33,33,33,33,32,32,9,31,0],"gold":16,"neow_bonus":"ONE_RANDOM_RARE_CARD","is_prod":false,"is_daily":false,"chose_seed":false,"campfire_upgraded":3,"win_rate":0,"timestamp":1553533753,"path_taken":["M","$","?","M","?","R","E","M","T","M","?","M","M","E","R","BOSS","M","M","$","?","?","E","M","R","T","R","?","M","$","M","R","BOSS"],"build_version":"2019-01-23","purchased_purges":2,"victory":false,"max_hp_per_floor":[75,75,75,75,75,75,75,75,75,75,75,75,75,75,75,75,75,75,75,75,75,75,75,75,75,75,75,75,75,75,75,75,75],"card_choices":[{"not_picked":["Go for the Eyes","Beam Cell"],"picked":"Conserve Battery","floor":1},{"not_picked":["Stack","Rebound","Go for the Eyes"],"picked":"SKIP","floor":4},{"not_picked":["Go for the Eyes","Undo","Stack"],"picked":"SKIP","floor":5},{"not_picked":["Streamline","Turbo"],"picked":"Glacier","floor":7},{"not_picked":["Thunder Strike","FTL"],"picked":"Skim","floor":8},{"not_picked":["Undo","Steam Power"],"picked":"Heatsinks","floor":10},{"not_picked":["Leap","Hologram","Beam Cell"],"picked":"SKIP","floor":11},{"not_picked":["Double Energy","Turbo"],"picked":"Barrage","floor":12},{"not_picked":["Sunder","Gash","Conserve Battery"],"picked":"SKIP","floor":13},{"not_picked":["Hyperbeam","Core Surge"],"picked":"Rainbow","floor":16},{"not_picked":["Aggregate","Beam Cell"],"picked":"Sweeping Beam","floor":18},{"not_picked":["Darkness","Go for the Eyes"],"picked":"Coolheaded+1","floor":19},{"not_picked":["Recycle","Barrage","Leap"],"picked":"SKIP","floor":23},{"not_picked":["Turbo","Go for the Eyes","Cold Snap"],"picked":"SKIP","floor":24},{"not_picked":["Conserve Battery","Hologram"],"picked":"Compile Driver+1","floor":29},{"not_picked":["Steam Power","Stack","Compile Driver"],"picked":"SKIP","floor":31},{"not_picked":["Stack+1","Sweeping Beam"],"picked":"Loop+1","floor":32}],"player_experience":497759,"relics_obtained":[{"floor":7,"key":"Happy Flower"},{"floor":9,"key":"Matryoshka"},{"floor":23,"key":"The Courier"},{"floor":26,"key":"Ancient Tea Set"},{"floor":26,"key":"Oddly Smooth Stone"},{"floor":28,"key":"Dream Catcher"},{"floor":28,"key":"Omamori"}],"event_choices":[{"damage_healed":0,"gold_gain":0,"cards_transformed":["Meteor Strike"],"player_choice":"Transformed","damage_taken":0,"max_hp_gain":0,"max_hp_loss":0,"event_name":"Transmorgrifier","floor":3,"gold_loss":0,"cards_obtained":["Machine Learning"]},{"damage_healed":0,"gold_gain":0,"player_choice":"Opened","damage_taken":0,"relics_obtained":["Frozen Egg 2"],"max_hp_gain":0,"max_hp_loss":0,"event_name":"The Mausoleum","floor":21,"gold_loss":0},{"damage_healed":0,"gold_gain":0,"player_choice":"Obtained Relic","damage_taken":0,"relics_obtained":["Bronze Scales"],"max_hp_gain":0,"max_hp_loss":0,"event_name":"Addict","floor":22,"gold_loss":85}],"is_beta":false,"boss_relics":[{"not_picked":["Lizard Tail","Coffee Dripper"],"picked":"Runic Dome"}],"items_purged_floors":[20,30],"is_endless":false,"potions_floor_spawned":[1,4,7,12,13,23,24,29],"killed_by":"Collector","ascension_level":3}