{"gold_per_floor":[212,12,12,29,29,29,62,62,86,86,103,103,103,128,128,207,207,220,495,240,240,240,274,274,302,302,326,338,132,132,143,143,221,221,236,236,236,247,260,260,289,289,289,68,68,84,0,13,13,13],"floor_reached":51,"playtime":2748,"items_purged":["Strike_R","Strike_R"],"score":1324,"play_id":"158d5ef2-f650-48e6-9afe-c438aa26ba99","local_time":"20190331124537","is_ascension_mode":true,"campfire_choices":[{"data":"Hemokinesis","floor":6,"key":"SMITH"},{"data":"Bludgeon","floor":8,"key":"SMITH"},{"data":"Flame Barrier","floor":10,"key":"SMITH"},{"data":"Bash","floor":13,"key":"SMITH"},{"floor":15,"key":"REST"},{"floor":24,"key":"REST"},{"data":"Whirlwind","floor":28,"key":"SMITH"},{"floor":32,"key":"REST"},{"floor":40,"key":"REST"},{"data":"Limit Break","floor":42,"key":"SMITH"},{"floor":45,"key":"REST"},{"floor":49,"key":"REST"}],"neow_cost":"NONE","seed_source_timestamp":2652293962300,"circlet_count":0,"master_deck":["AscendersBane","Strike_R+1","Strike_R+1","Defend_R+1","Defend_R+1","Defend_R+1","Defend_R+1","Bash+1","Ghostly Armor","Shrug It Off","Hemokinesis+1","Bludgeon+1","Flame Barrier+1","Whirlwind+1","Shrug It Off","Offering","Battle Trance","Disarm","Shockwave","Spot Weakness","Limit Break+1","Spot Weakness","Flame Barrier+1"],"relics":["Burning Blood","Sundial","Omamori","Juzu Bracelet","Sozu","Pen Nib","Strawberry","Bottled Flame","MawBank","Bag of Preparation","Nilry\u0027s Codex","Snecko Eye","PreservedInsect","Bottled Lightning","Orichalcum","Red Mask"],"potions_floor_usage":[23],"damage_taken":[{"damage":4,"enemies":"Jaw Worm","floor":1,"turns":4},{"damage":0,"enemies":"2 Louse","floor":4,"turns":5},{"damage":49,"enemies":"Lagavulin","floor":7,"turns":9},{"damage":0,"enemies":"Small Slimes","floor":11,"turns":2},{"damage":10,"enemies":"3 Sentries","floor":14,"turns":7},{"damage":4,"enemies":"Slime Boss","floor":16,"turns":6},{"damage":11,"enemies":"2 Thieves","floor":18,"turns":4},{"damage":24,"enemies":"Gremlin Leader","floor":23,"turns":6},{"damage":14,"enemies":"Book of Stabbing","floor":25,"turns":4},{"damage":0,"enemies":"3 Byrds","floor":27,"turns":5},{"damage":2,"enemies":"Snake Plant","floor":31,"turns":6},{"damage":67,"enemies":"Champ","floor":33,"turns":10},{"damage":3,"enemies":"3 Shapes","floor":35,"turns":6},{"damage":45,"enemies":"3 Darklings","floor":38,"turns":7},{"damage":1,"enemies":"Transient","floor":39,"turns":5},{"damage":23,"enemies":"Nemesis","floor":41,"turns":3},{"damage":2,"enemies":"Sphere and 2 Shapes","floor":46,"turns":5},{"damage":6,"enemies":"3 Darklings","floor":48,"turns":2},{"damage":41,"enemies":"Awakened One","floor":50,"turns":8}],"seed_played":"-4307810856134603871","potions_obtained":[{"floor":1,"key":"Ancient Potion"},{"floor":7,"key":"SneckoOil"}],"is_trial":false,"path_per_floor":["?","?","?","?","?","?","?","?","?"],"character_chosen":"IRONCLAD","items_purchased":["Shrug It Off","Hemokinesis","Pen Nib","Spot Weakness","Bag of Preparation","Spot Weakness","Orichalcum"],"campfire_rested":6,"item_purchase_floors":[2,2,20,29,29,44,44],"current_hp_per_floor":[70,70,70,75,75,75,32,32,32,32,38,38,38,34,56,58,71,66,66,66,66,66,55,79,71,71,77,77,77,56,60,82,21,67,70,70,70,31,36,60,43,43,43,43,67,71,71,71,82,47],"gold":13,"neow_bonus":"HUNDRED_GOLD","is_prod":false,"is_daily":false,"chose_seed":false,"campfire_upgraded":6,"win_rate":0,"timestamp":1554050737,"path_taken":["M","$","?","M","?","R","E","R","T","R","M","?","R","E","R","BOSS","M","?","$","?","?","E","R","E","T","M","R","$","?","M","R","BOSS","M","$","?","M","M","R","E","R","T","$","R","M","?","M","R","BOSS"],"build_version":"2019-01-23","purchased_purges":2,"victory":true,"max_hp_per_floor":[75,75,75,75,75,75,75,75,75,75,75,75,75,75,75,75,75,75,75,75,75,75,82,82,82,82,82,82,82,82,82,82,82,82,82,82,82,82,82,82,82,82,82,82,82,82,82,82,82,82],"card_choices":[{"not_picked":["Rage","Pommel Strike"],"picked":"Ghostly Armor","floor":1},{"not_picked":["Clash","Sword Boomerang","Warcry"],"picked":"SKIP","floor":4},{"not_picked":["Shrug It Off","Sword Boomerang"],"picked":"Flame Barrier","floor":7},{"not_picked":["Bloodletting","Pummel"],"picked":"Whirlwind","floor":11},{"not_picked":["Pummel","Heavy Blade"],"picked":"Shrug It Off","floor":14},{"not_picked":["Fiend Fire","Dark Embrace"],"picked":"Offering","floor":16},{"not_picked":["Pommel Strike","Body Slam"],"picked":"Battle Trance","floor":18},{"not_picked":["True Grit","Thunderclap","Body Slam"],"picked":"SKIP","floor":23},{"not_picked":["Thunderclap","Entrench","Anger"],"picked":"SKIP","floor":25},{"not_picked":["Thunderclap","Entrench","Anger"],"picked":"SKIP","floor":25},{"not_picked":["Clothesline","Metallicize"],"picked":"Shockwave","floor":27},{"not_picked":["Anger","Wild Strike","Pommel Strike"],"picked":"SKIP","floor":31},{"not_picked":["Immolate","Exhume"],"picked":"Limit Break","floor":33},{"not_picked":["Thunderclap","Flex","Heavy Blade"],"picked":"SKIP","floor":35},{"not_picked":["Wild Strike","Rampage","Heavy Blade"],"picked":"SKIP","floor":38},{"not_picked":["Whirlwind","Havoc","Body Slam+1"],"picked":"SKIP","floor":39},{"not_picked":["Pommel Strike","Dropkick","Blood for Blood"],"picked":"SKIP","floor":41},{"not_picked":["Cleave","Dropkick"],"picked":"Flame Barrier+1","floor":46},{"not_picked":["Flex","Combust+1","Heavy Blade"],"picked":"SKIP","floor":48}],"player_experience":372415,"relics_obtained":[{"floor":7,"key":"Sundial"},{"floor":9,"key":"Omamori"},{"floor":14,"key":"Juzu Bracelet"},{"floor":23,"key":"Strawberry"},{"floor":25,"key":"Bottled Flame"},{"floor":26,"key":"MawBank"},{"floor":30,"key":"Nilry\u0027s Codex"},{"floor":41,"key":"PreservedInsect"},{"floor":43,"key":"Bottled Lightning"}],"event_choices":[{"damage_healed":0,"gold_gain":0,"player_choice":"Leave","damage_taken":0,"max_hp_gain":0,"max_hp_loss":0,"event_name":"The Cleric","floor":3,"gold_loss":0},{"damage_healed":0,"gold_gain":0,"cards_transformed":["Strike_R"],"player_choice":"Change","damage_taken":0,"max_hp_gain":0,"max_hp_loss":0,"event_name":"Living Wall","floor":5,"gold_loss":0,"cards_obtained":["Bludgeon"]},{"damage_healed":0,"gold_gain":0,"player_choice":"Ignored","damage_taken":0,"max_hp_gain":0,"max_hp_loss":0,"event_name":"Liars Game","floor":12,"gold_loss":0},{"damage_healed":0,"gold_gain":275,"player_choice":"Desecrate","damage_taken":0,"max_hp_gain":0,"max_hp_loss":0,"event_name":"Golden Shrine","floor":19,"gold_loss":0,"cards_obtained":["Regret"]},{"damage_healed":0,"gold_gain":0,"player_choice":"Simplicity","damage_taken":0,"max_hp_gain":0,"max_hp_loss":0,"event_name":"Back to Basics","floor":21,"gold_loss":0,"cards_upgraded":["Strike_R","Strike_R","Defend_R","Defend_R","Defend_R","Defend_R"]},{"damage_healed":0,"gold_gain":0,"player_choice":"Read","damage_taken":0,"max_hp_gain":0,"max_hp_loss":0,"event_name":"The Library","floor":22,"gold_loss":0,"cards_obtained":["Disarm"]},{"damage_healed":0,"gold_gain":0,"player_choice":"Obtained Book","damage_taken":21,"max_hp_gain":0,"max_hp_loss":0,"event_name":"Cursed Tome","floor":30,"gold_loss":0},{"damage_healed":0,"gold_gain":0,"player_choice":"Memory 1","damage_taken":0,"max_hp_gain":0,"max_hp_loss":0,"event_name":"SensoryStone","floor":37,"gold_loss":0},{"damage_healed":0,"gold_gain":0,"player_choice":"Paid","damage_taken":0,"relics_obtained":["Red Mask"],"max_hp_gain":0,"max_hp_loss":0,"event_name":"Tomb of Lord Red Mask","floor":47,"gold_loss":84}],"is_beta":false,"boss_relics":[{"not_picked":["Tiny House","Cursed Key"],"picked":"Sozu"},{"not_picked":["White Beast Statue","Runic Pyramid"],"picked":"Snecko Eye"}],"items_purged_floors":[2,20],"is_endless":false,"potions_floor_spawned":[1,7,23,25,31,39,48],"ascension_level":15}