{"gold_per_floor":[111,122,137,312,328,328,328,328,351,351,199,212,212,227,227,326,326,337,92,191,20,38,38,38,38,38,48,48,59,59,79,79,79],"floor_reached":33,"playtime":698,"items_purged":["Defend_R","Offering","Defend_R"],"score":237,"play_id":"7f8f4b46-5275-43c2-9c88-e69fe3613625","local_time":"20180706004314","is_ascension_mode":false,"campfire_choices":[{"data":"Carnage","floor":6,"key":"SMITH"},{"data":"Headbutt","floor":8,"key":"SMITH"},{"data":"Headbutt","floor":10,"key":"SMITH"},{"data":"Bash","floor":13,"key":"SMITH"},{"floor":15,"key":"REST"},{"data":"Flex","floor":23,"key":"SMITH"},{"data":"Flex","floor":28,"key":"SMITH"},{"data":"Inflame","floor":30,"key":"SMITH"},{"floor":32,"key":"REST"}],"neow_cost":"","seed_source_timestamp":1291592899004778,"circlet_count":0,"master_deck":["Strike_R","Strike_R","Strike_R","Strike_R","Strike_R","Defend_R","Defend_R","Bash+1","Carnage+1","Headbutt+1","Doubt","Headbutt+1","Inflame+1","Flex+1","Flex+1","Cleave+1"],"relics":["Burning Blood","Happy Flower","Strawberry","Runic Cube","Regal Pillow","Bronze Scales"],"potions_floor_usage":[16,31,31],"damage_taken":[{"damage":6,"enemies":"Cultist","floor":1,"turns":3},{"damage":17,"enemies":"Small Slimes","floor":2,"turns":3},{"damage":10,"enemies":"2 Louse","floor":3,"turns":2},{"damage":21,"enemies":"Large Slime","floor":5,"turns":4},{"damage":26,"enemies":"Lots of Slimes","floor":12,"turns":4},{"damage":6,"enemies":"3 Louse","floor":14,"turns":3},{"damage":49,"enemies":"The Guardian","floor":16,"turns":7},{"damage":14,"enemies":"Spheric Guardian","floor":18,"turns":3},{"damage":18,"enemies":"Chosen","floor":22,"turns":3},{"damage":22,"enemies":"3 Cultists","floor":27,"turns":4},{"damage":21,"enemies":"Snake Plant","floor":29,"turns":2},{"damage":8,"enemies":"Snecko","floor":31,"turns":3},{"damage":101,"enemies":"Automaton","floor":33,"turns":6}],"seed_played":"6479338360725955000","potions_obtained":[{"floor":14,"key":"EssenceOfSteel"},{"floor":16,"key":"Block Potion"},{"floor":22,"key":"Weak Potion"},{"floor":27,"key":"Swift Potion"}],"is_trial":false,"path_per_floor":["M","M","M","?","M","R","?","R","T","R","$","M","R","M","R","B",null,"M","$","?","$","M","R","?","?","T","M","R","M","R","M","R"],"character_chosen":"IRONCLAD","items_purchased":["Inflame","Regal Pillow","Flex"],"campfire_rested":2,"item_purchase_floors":[11,19,21],"current_hp_per_floor":[80,69,65,65,50,50,43,43,50,50,50,30,30,30,56,13,87,79,79,79,79,67,67,67,51,51,35,35,20,20,18,59,0],"gold":79,"neow_bonus":"","is_prod":false,"is_daily":false,"chose_seed":false,"campfire_upgraded":7,"win_rate":0.0,"timestamp":1530852194,"path_taken":["M","M","M","?","M","R","?","R","T","R","$","?","R","M","R","BOSS","M","$","?","$","M","R","?","?","T","M","R","M","R","M","R","BOSS"],"build_version":"2018-06-28","purchased_purges":3,"victory":false,"max_hp_per_floor":[80,80,80,80,80,80,80,80,87,87,87,87,87,87,87,87,87,87,87,87,87,87,87,87,87,87,87,87,87,87,87,87,87],"card_choices":[{"not_picked":["Armaments","Sword Boomerang"],"picked":"Carnage","floor":1},{"not_picked":["Sever Soul","Spot Weakness","Twin Strike"],"picked":"SKIP","floor":2},{"not_picked":["Armaments","Wild Strike"],"picked":"Headbutt","floor":3},{"not_picked":["Anger","Clothesline"],"picked":"Headbutt","floor":5},{"not_picked":["Twin Strike","Clash","Anger"],"picked":"SKIP","floor":12},{"not_picked":["Armaments","Anger"],"picked":"Flex","floor":14},{"not_picked":["Double Tap","Exhume"],"picked":"Offering","floor":16},{"not_picked":["Infernal Blade","Anger+1","Wild Strike"],"picked":"SKIP","floor":18},{"not_picked":["Second Wind","Spot Weakness+1","Heavy Blade"],"picked":"SKIP","floor":22},{"not_picked":["Havoc","Body Slam","Sentinel"],"picked":"SKIP","floor":27},{"not_picked":["Intimidate","Body Slam"],"picked":"Cleave+1","floor":29},{"not_picked":["Ghostly Armor","Sentinel","Perfected Strike"],"picked":"SKIP","floor":31}],"player_experience":70710,"relics_obtained":[{"floor":9,"key":"Strawberry"},{"floor":26,"key":"Bronze Scales"}],"event_choices":[{"event_name":"Liars Game","player_choice":"agreed","floor":4,"damage_taken":0},{"event_name":"Scrap Ooze","player_choice":"success","floor":7,"damage_taken":7},{"event_name":"Nest","player_choice":"Stole From Cult","floor":20,"damage_taken":0},{"event_name":"Beggar","player_choice":"Ignored","floor":24,"damage_taken":0},{"event_name":"Cursed Tome","player_choice":"Obtained Book","floor":25,"damage_taken":0}],"boss_relics":[{"not_picked":["Calling Bell","White Beast Statue"],"picked":"Runic Cube"}],"items_purged_floors":[11,19,21],"is_endless":false,"potions_floor_spawned":[14,16,22,27],"killed_by":"Automaton","ascension_level":0}