{"gold_per_floor":[118,131,146,221,221,241,241,41,41,60,95,57,57,86,86,189,189,208,223,223,175,175,175,208,228,251,251,9,39,39,39,39,138,188,200,250,250,267,0,0,20,20,46,46,46],"floor_reached":45,"playtime":1513,"items_purged":["Defend_R"],"score":457,"play_id":"c451a3e6-b80e-469a-bfd4-e9219d5c4ed2","local_time":"20180725125609","is_ascension_mode":false,"campfire_choices":[{"data":"Body Slam","floor":7.0,"key":"SMITH"},{"data":"Armaments","floor":13.0,"key":"SMITH"},{"data":"Shrug It Off","floor":15.0,"key":"SMITH"},{"data":"Body Slam","floor":23.0,"key":"SMITH"},{"floor":27.0,"key":"DIG"},{"floor":32.0,"key":"DIG"},{"floor":40,"key":"DIG"},{"floor":42,"key":"DIG"}],"neow_cost":"NONE","seed_source_timestamp":0,"circlet_count":0,"master_deck":["Strike_R+1","Strike_R+1","Strike_R+1","Defend_R+1","Defend_R+1","Defend_R+1","Bash+1","Thunderclap","Body Slam+1","Armaments+1","Shrug It Off+1","Immolate+1","Inflame","Battle Trance","Body Slam+1","Offering+1","Armaments","Spot Weakness+1","Writhe"],"special_seed":0,"relics":["Burning Blood","Pen Nib","Gremlin Horn","Question Card","Orichalcum","Mark of Pain","Shovel","Juzu Bracelet","Whetstone","Shuriken","Pantograph","Bird Faced Urn","Tiny House","Sundial","Red Mask","Torii","Frozen Egg 2","Boot"],"potions_floor_usage":[],"damage_taken":[{"damage":8.0,"enemies":"Small Slimes","floor":1.0,"turns":3.0},{"damage":8.0,"enemies":"Jaw Worm","floor":2.0,"turns":3.0},{"damage":10.0,"enemies":"Cultist","floor":3.0,"turns":4.0},{"damage":7.0,"enemies":"2 Fungi Beasts","floor":6.0,"turns":3.0},{"damage":0.0,"enemies":"Lots of Slimes","floor":10.0,"turns":2.0},{"damage":14.0,"enemies":"3 Sentries","floor":11.0,"turns":5.0},{"damage":22.0,"enemies":"Gremlin Nob","floor":14.0,"turns":4.0},{"damage":34.0,"enemies":"The Guardian","floor":16.0,"turns":11.0},{"damage":14.0,"enemies":"Spheric Guardian","floor":18.0,"turns":4.0},{"damage":15.0,"enemies":"2 Thieves","floor":19.0,"turns":2.0},{"damage":10.0,"enemies":"Gremlin Leader","floor":24.0,"turns":5.0},{"damage":0.0,"enemies":"Chosen and Byrds","floor":25.0,"turns":3.0},{"damage":13.0,"enemies":"Book of Stabbing","floor":29.0,"turns":3.0},{"damage":42.0,"enemies":"Automaton","floor":33.0,"turns":10.0},{"damage":12,"enemies":"Orb Walker","floor":35,"turns":3},{"damage":29,"floor":36,"turns":3},{"damage":15,"enemies":"3 Shapes","floor":38,"turns":2},{"damage":6,"enemies":"Sphere and 2 Shapes","floor":41,"turns":4},{"damage":100,"enemies":"Nemesis","floor":45,"turns":6}],"seed_played":"-2566915688788661901","potions_obtained":[{"floor":3.0,"key":"Energy Potion"},{"floor":16.0,"key":"PowerPotion"},{"floor":19.0,"key":"FearPotion"},{"floor":29.0,"key":"Block Potion"},{"floor":33.0,"key":"Explosive Potion"},{"floor":34,"key":"Strength Potion"}],"is_trial":false,"path_per_floor":["M","M","M","?","?","M","R","$","T","M","E","$","R","E","R","B",null,"M","M","?","$","?","R","E","M","T","R","$","E","?","?","R","B",null,"M","?","?","M","?","R","M","R","T","?"],"character_chosen":"IRONCLAD","items_purchased":["Shrug It Off","Immolate","Inflame","AttackPotion","Shuriken"],"campfire_rested":0,"item_purchase_floors":[8,8,12,21,28],"current_hp_per_floor":[78,76,72,61,61,60,60,60,60,66,58,58,58,42,42,14,80,72,63,63,63,63,63,59,65,65,65,65,58,58,58,58,46,85,79,58,58,49,49,49,51,51,51,72,0],"gold":46,"neow_bonus":"RANDOM_COMMON_RELIC","is_prod":false,"is_daily":false,"chose_seed":false,"campfire_upgraded":4,"win_rate":0,"timestamp":1532537769,"path_taken":["M","M","M","?","?","M","R","$","T","M","E","$","R","E","R","BOSS","M","M","?","$","?","R","E","M","T","R","$","E","?","?","R","BOSS","M","?","?","M","?","R","M","R","T","?","E"],"build_version":"2018-07-19v2","purchased_purges":1,"victory":false,"max_hp_per_floor":[80,80,80,80,80,80,80,80,80,80,80,80,80,80,80,80,80,80,80,80,80,80,80,80,80,80,80,80,80,80,80,80,80,85,85,85,85,85,85,85,85,85,85,85,85],"card_choices":[{"not_picked":["Twin Strike","Pommel Strike"],"picked":"Thunderclap","floor":1.0},{"not_picked":["Headbutt","Clothesline"],"picked":"Body Slam","floor":2.0},{"not_picked":["Iron Wave","Dual Wield"],"picked":"Armaments","floor":3.0},{"not_picked":["Pommel Strike","Entrench","Infernal Blade"],"picked":"SKIP","floor":6.0},{"not_picked":["Anger","Perfected Strike","True Grit"],"picked":"SKIP","floor":10.0},{"not_picked":["Wild Strike","Second Wind","Clothesline"],"picked":"SKIP","floor":11.0},{"not_picked":["Corruption","Armaments","Warcry","Infernal Blade"],"picked":"SKIP","floor":14.0},{"not_picked":["Warcry","Rampage","Dual Wield+1"],"picked":"Battle Trance","floor":18.0},{"not_picked":["Combust","Metallicize","Battle Trance","Power Through"],"picked":"SKIP","floor":19.0},{"not_picked":["Perfected Strike","Thunderclap+1","Reckless Charge+1","Inflame"],"picked":"SKIP","floor":24.0},{"not_picked":["Clothesline","Anger+1","Heavy Blade","True Grit"],"picked":"SKIP","floor":25.0},{"not_picked":["Clothesline+1","Havoc","Impervious"],"picked":"Offering","floor":29.0},{"not_picked":["Shockwave+1","Iron Wave+1","Dual Wield"],"picked":"Spot Weakness+1","floor":35},{"not_picked":["Blood for Blood","Cleave+1","Havoc","Spot Weakness"],"picked":"SKIP","floor":38},{"not_picked":["Twin Strike+1","Combust","Clothesline+1","True Grit"],"picked":"SKIP","floor":41}],"player_experience":272410,"relics_obtained":[{"floor":9.0,"key":"Gremlin Horn"},{"floor":11.0,"key":"Question Card"},{"floor":14.0,"key":"Orichalcum"},{"floor":24.0,"key":"Shovel"},{"floor":26.0,"key":"Juzu Bracelet"},{"floor":27.0,"key":"Whetstone"},{"floor":29.0,"key":"Pantograph"},{"floor":32.0,"key":"Bird Faced Urn"},{"floor":36,"key":"Sundial"},{"floor":40,"key":"Torii"},{"floor":42,"key":"Frozen Egg 2"},{"floor":43,"key":"Boot"}],"event_choices":[{"event_name":"World of Goop","player_choice":"Gather Gold","floor":4.0,"damage_taken":0.0},{"event_name":"Wheel of Change","player_choice":"Card Removal","floor":5.0,"damage_taken":0.0},{"event_name":"Back to Basics","player_choice":"Simplicity","floor":20.0,"damage_taken":0.0},{"event_name":"The Library","player_choice":"Read","floor":22.0,"damage_taken":0.0},{"event_name":"Transmorgrifier","player_choice":"Transform","floor":30.0,"damage_taken":0.0},{"event_name":"Vampires","player_choice":"Ignored","floor":31.0,"damage_taken":0.0},{"event_name":"Mysterious Sphere","player_choice":"Fight","floor":36,"damage_taken":0},{"event_name":"Match and Keep!","player_choice":"0 cards matched","floor":37,"damage_taken":0},{"event_name":"Tomb of Lord Red Mask","player_choice":"Paid","floor":39,"damage_taken":0},{"event_name":"Winding Halls","player_choice":"Writhe","floor":44,"damage_taken":0}],"is_beta":false,"boss_relics":[{"not_picked":["Snecko Eye","Sozu"],"picked":"Mark of Pain"},{"not_picked":["Pandora\u0027s Box","Eternal Feather"],"picked":"Tiny House"}],"items_purged_floors":[8],"is_endless":false,"potions_floor_spawned":[3,16,19,29,33,36,38],"killed_by":"Nemesis","ascension_level":0}