{"gold_per_floor":[114,114,135,37,50,91,91,129,154,193,214,254,4,4,4,4],"floor_reached":16,"playtime":1215,"items_purged":["Injury"],"score":141,"play_id":"2dfcb987-e7a1-4450-9e08-936cfd265135","local_time":"20190327085235","is_ascension_mode":true,"campfire_choices":[{"data":"Hemokinesis","floor":7,"key":"SMITH"},{"data":"Iron Wave","floor":15,"key":"SMITH"}],"neow_cost":"NONE","seed_source_timestamp":113765131776771,"circlet_count":0,"master_deck":["Strike_R","Strike_R","Strike_R","Strike_R","Defend_R+1","Defend_R","Defend_R","Defend_R+1","Bash","Armaments","Inflame","Iron Wave+1","Twin Strike","Hemokinesis+1","Exhume","Combust"],"relics":["Burning Blood","Golden Idol","Blood Vial","Juzu Bracelet","Art of War","Smiling Mask","War Paint","Bottled Lightning"],"potions_floor_usage":[5,6,6,6,12,16],"damage_taken":[{"damage":6,"enemies":"Cultist","floor":1,"turns":3},{"damage":10,"enemies":"Small Slimes","floor":3,"turns":5},{"damage":0,"enemies":"2 Louse","floor":5,"turns":1},{"damage":6,"enemies":"Lagavulin","floor":6,"turns":5},{"damage":16,"enemies":"3 Sentries","floor":8,"turns":9},{"damage":22,"enemies":"Lagavulin","floor":10,"turns":7},{"damage":8,"enemies":"Looter","floor":11,"turns":3},{"damage":8,"enemies":"Gremlin Nob","floor":12,"turns":3},{"damage":71,"enemies":"Hexaghost","floor":16,"turns":9}],"seed_played":"-5003625163873862823","potions_obtained":[{"floor":0,"key":"Explosive Potion"},{"floor":0,"key":"Block Potion"},{"floor":0,"key":"SpeedPotion"},{"floor":3,"key":"Fire Potion"},{"floor":5,"key":"Fire Potion"},{"floor":11,"key":"Regen Potion"},{"floor":12,"key":"BloodPotion"}],"is_trial":false,"path_per_floor":["?","?"],"character_chosen":"IRONCLAD","items_purchased":["Iron Wave","Bottled Lightning"],"campfire_rested":0,"item_purchase_floors":[4,13],"current_hp_per_floor":[80,80,76,76,80,80,80,70,70,56,56,65,65,58,58,0],"gold":4,"neow_bonus":"THREE_SMALL_POTIONS","is_prod":false,"is_daily":false,"chose_seed":false,"campfire_upgraded":2,"win_rate":0,"timestamp":1553687555,"path_taken":["M","?","M","$","M","E","R","E","T","E","M","E","$","?","R","BOSS"],"build_version":"2019-01-23","purchased_purges":1,"victory":false,"max_hp_per_floor":[80,80,80,80,80,80,80,80,80,80,80,80,80,80,80,80],"card_choices":[{"not_picked":["Clash","Clothesline"],"picked":"Armaments","floor":1},{"not_picked":["Perfected Strike","Corruption"],"picked":"Inflame","floor":3},{"not_picked":["Pommel Strike","Body Slam"],"picked":"Twin Strike","floor":5},{"not_picked":["Headbutt","Sword Boomerang"],"picked":"Hemokinesis","floor":6},{"not_picked":["Uppercut","Ghostly Armor"],"picked":"Exhume","floor":8},{"not_picked":["Body Slam","Barricade"],"picked":"Combust","floor":10},{"not_picked":["Body Slam","Anger","Thunderclap"],"picked":"SKIP","floor":11},{"not_picked":["True Grit","Twin Strike","Anger"],"picked":"SKIP","floor":12}],"player_experience":467789,"relics_obtained":[{"floor":6,"key":"Blood Vial"},{"floor":8,"key":"Juzu Bracelet"},{"floor":9,"key":"Art of War"},{"floor":10,"key":"Smiling Mask"},{"floor":12,"key":"War Paint"}],"event_choices":[{"damage_healed":0,"gold_gain":0,"player_choice":"Take Wound","damage_taken":0,"relics_obtained":["Golden Idol"],"max_hp_gain":0,"max_hp_loss":0,"event_name":"Golden Idol","floor":2,"gold_loss":0,"cards_obtained":["Injury"]},{"cards_removed":["Strike_R"],"damage_healed":0,"gold_gain":0,"player_choice":"Card Removal","damage_taken":7,"max_hp_gain":0,"max_hp_loss":0,"event_name":"Golden Wing","floor":14,"gold_loss":0}],"is_beta":false,"boss_relics":[],"items_purged_floors":[4],"is_endless":false,"potions_floor_spawned":[3,5,11,12],"killed_by":"Hexaghost","ascension_level":2}