{"gold_per_floor":[116,135,59,234,245,245,260,277,277,277,277,202,229,240,240,240],"floor_reached":16,"playtime":323,"items_purged":["Doubt"],"score":112,"play_id":"657c03f2-9fea-47e3-b5f1-610e2f940629","local_time":"20180927081024","is_ascension_mode":true,"campfire_choices":[{"data":"Whirlwind","floor":6,"key":"SMITH"},{"data":"Whirlwind","floor":10,"key":"SMITH"},{"floor":15,"key":"REST"}],"neow_cost":"TEN_PERCENT_HP_LOSS","seed_source_timestamp":507960966258679,"circlet_count":0,"master_deck":["Strike_R","Strike_R","Strike_R","Strike_R","Strike_R","Defend_R","Defend_R","Bash","Whirlwind+1","Whirlwind+1"],"relics":["Burning Blood","Letter Opener","Blood Vial","Happy Flower"],"potions_floor_usage":[7,8,14,16],"damage_taken":[{"damage":12,"enemies":"Jaw Worm","floor":1,"turns":2},{"damage":12,"enemies":"2 Louse","floor":2,"turns":2},{"damage":0,"enemies":"Small Slimes","floor":5,"turns":3},{"damage":28,"enemies":"Exordium Thugs","floor":7,"turns":4},{"damage":0,"enemies":"2 Fungi Beasts","floor":8,"turns":1},{"damage":27,"enemies":"3 Sentries","floor":13,"turns":5},{"damage":26,"enemies":"Blue Slaver","floor":14,"turns":3},{"damage":51,"enemies":"Slime Boss","floor":16,"turns":6}],"seed_played":"-2899149619812470463","potions_obtained":[{"floor":5,"key":"Weak Potion"},{"floor":7,"key":"Explosive Potion"},{"floor":13,"key":"Regen Potion"},{"floor":14,"key":"LiquidBronze"}],"is_trial":false,"path_per_floor":["M","M","$","?","M","R","M","M","T","R","T","$","E","M","R"],"character_chosen":"IRONCLAD","items_purchased":["Whirlwind"],"campfire_rested":1,"item_purchase_floors":[3],"current_hp_per_floor":[66,60,60,60,66,66,44,50,50,50,50,50,31,22,43,0],"gold":240,"neow_bonus":"REMOVE_TWO","is_prod":false,"is_daily":false,"chose_seed":false,"campfire_upgraded":2,"win_rate":0,"timestamp":1538050224,"path_taken":["M","M","$","?","M","R","?","M","T","R","?","$","E","M","R","BOSS"],"build_version":"2018-09-20","purchased_purges":1,"victory":false,"max_hp_per_floor":[72,72,72,72,72,72,72,72,72,72,72,72,72,72,72,72],"card_choices":[{"not_picked":["Body Slam","Evolve","Iron Wave"],"picked":"SKIP","floor":1},{"not_picked":["Ghostly Armor","Armaments","Heavy Blade"],"picked":"SKIP","floor":2},{"not_picked":["Dropkick","Clothesline"],"picked":"Whirlwind","floor":5},{"not_picked":["Infernal Blade","Dual Wield","Barricade"],"picked":"SKIP","floor":7},{"not_picked":["Iron Wave","Havoc","Headbutt"],"picked":"SKIP","floor":8},{"not_picked":["Twin Strike","Clash","Pummel"],"picked":"SKIP","floor":13},{"not_picked":["Rampage","Juggernaut","Shrug It Off"],"picked":"SKIP","floor":14}],"player_experience":431205,"relics_obtained":[{"floor":9,"key":"Letter Opener"},{"floor":11,"key":"Blood Vial"},{"floor":13,"key":"Happy Flower"}],"event_choices":[{"event_name":"Liars Game","player_choice":"agreed","floor":4,"damage_taken":0}],"is_beta":false,"boss_relics":[],"items_purged_floors":[12],"is_endless":false,"potions_floor_spawned":[5,7,13,14],"killed_by":"Slime Boss","ascension_level":2}