{"gold_per_floor":[118,118,16,28,58,58,87,98,124,75,100,117,134,144,144,144],"floor_reached":16,"playtime":528,"items_purged":[],"score":164,"play_id":"32dae999-c7f0-4940-9eb9-8c3905d44e66","local_time":"20190330212531","is_ascension_mode":true,"campfire_choices":[{"data":"Bash","floor":6,"key":"SMITH"},{"data":"Thunderclap","floor":15,"key":"SMITH"}],"neow_cost":"NONE","seed_source_timestamp":8375835629351044,"circlet_count":0,"master_deck":["Strike_R","Strike_R","Strike_R","Strike_R","Strike_R","Defend_R","Defend_R","Defend_R","Bash+1","Inflame","Shrug It Off","Inflame","Regret","Flame Barrier","Battle Trance","Feel No Pain","Body Slam","Thunderclap+1","True Grit"],"relics":["Burning Blood","NeowsBlessing","Tiny Chest","Kunai","Dream Catcher","Boot"],"potions_floor_usage":[11,12,16,16],"damage_taken":[{"damage":0,"enemies":"Jaw Worm","floor":1,"turns":1},{"damage":0,"enemies":"Cultist","floor":4,"turns":1},{"damage":0,"enemies":"Lagavulin","floor":7,"turns":1},{"damage":11,"enemies":"Small Slimes","floor":8,"turns":3},{"damage":35,"enemies":"3 Sentries","floor":11,"turns":9},{"damage":8,"enemies":"Looter","floor":12,"turns":4},{"damage":14,"enemies":"Blue Slaver","floor":13,"turns":5},{"damage":7,"enemies":"3 Louse","floor":14,"turns":3},{"damage":39,"enemies":"Slime Boss","floor":16,"turns":5}],"seed_played":"-6891466212202520210","potions_obtained":[{"floor":4,"key":"Swift Potion"},{"floor":7,"key":"Swift Potion"},{"floor":11,"key":"EssenceOfSteel"},{"floor":13,"key":"FearPotion"},{"floor":14,"key":"PowerPotion"}],"is_trial":false,"path_per_floor":["M","?","$","M","?","R","E","M","T","$","E","M","M","M","R","B"],"character_chosen":"IRONCLAD","items_purchased":["Shrug It Off","Inflame","Fire Potion"],"campfire_rested":0,"item_purchase_floors":[3,3,10],"current_hp_per_floor":[80,80,80,80,80,80,80,75,75,75,46,44,36,35,35,0],"gold":144,"neow_bonus":"THREE_ENEMY_KILL","is_prod":false,"is_daily":false,"chose_seed":false,"campfire_upgraded":2,"win_rate":0,"timestamp":1553995531,"path_taken":["M","?","?","?","?","R","E","M","T","$","E","M","M","M","R","BOSS"],"build_version":"2019-01-23","purchased_purges":0,"victory":false,"max_hp_per_floor":[80,80,80,80,80,80,80,80,80,80,80,80,80,80,80,80],"card_choices":[{"not_picked":["Flex","Seeing Red"],"picked":"Inflame","floor":1},{"not_picked":["Evolve","Warcry","Flex"],"picked":"SKIP","floor":4},{"not_picked":["Shockwave","Whirlwind"],"picked":"Flame Barrier","floor":7},{"not_picked":["Thunderclap","Anger"],"picked":"Battle Trance","floor":8},{"not_picked":["Inflame","Battle Trance"],"picked":"Feel No Pain","floor":11},{"not_picked":["Second Wind","Warcry"],"picked":"Body Slam","floor":12},{"not_picked":["Pummel","Reckless Charge"],"picked":"Thunderclap","floor":13},{"not_picked":["Shockwave","Seeing Red"],"picked":"True Grit","floor":14}],"player_experience":642487,"relics_obtained":[{"floor":7,"key":"Kunai"},{"floor":9,"key":"Dream Catcher"},{"floor":11,"key":"Boot"}],"event_choices":[{"cards_removed":["Defend_R"],"damage_healed":0,"gold_gain":0,"player_choice":"Offered Basic","damage_taken":0,"max_hp_gain":0,"max_hp_loss":0,"event_name":"Bonfire Elementals","floor":2,"gold_loss":0},{"damage_healed":0,"gold_gain":0,"player_choice":"Box","damage_taken":0,"relics_obtained":["Tiny Chest"],"max_hp_gain":0,"max_hp_loss":0,"event_name":"Big Fish","floor":5,"gold_loss":0,"cards_obtained":["Regret"]}],"is_beta":false,"boss_relics":[],"items_purged_floors":[],"is_endless":false,"potions_floor_spawned":[4,7,11,13,14],"killed_by":"Slime Boss","ascension_level":4}