{"gold_per_floor":[118,118,135,145,145,145,173,173,196,228,241,274,286,19,19,119,119,119,119,44,44,44,44,60,117,117,117,149,168,216,228,228,326,326,345,445,107,117,127,127,127,162,189,200,200,254,254,287,287,287],"floor_reached":51,"playtime":3294,"items_purged":["Strike_R","Strike_R"],"score":843,"play_id":"e5da7aab-b7fb-4ff4-bd2d-511767a5de36","local_time":"20190327175624","is_ascension_mode":true,"campfire_choices":[{"data":"Rampage","floor":6.0,"key":"SMITH"},{"data":"Thunderclap","floor":8.0,"key":"SMITH"},{"floor":15.0,"key":"REST"},{"data":"Bash","floor":23.0,"key":"SMITH"},{"data":"Shrug It Off","floor":27.0,"key":"SMITH"},{"floor":32.0,"key":"REST"},{"data":"Pommel Strike","floor":40,"key":"SMITH"},{"data":"Battle Trance","floor":45,"key":"SMITH"},{"floor":47,"key":"REST"},{"floor":49,"key":"REST"}],"neow_cost":"NONE","seed_source_timestamp":0,"circlet_count":0,"master_deck":["Strike_R","Strike_R","Defend_R","Defend_R","Defend_R","Bash+1","Madness+1","Power Through","Rampage+1","Battle Trance+1","Thunderclap+1","Shrug It Off+1","Inflame","Battle Trance","Demon Form","Shrug It Off","True Grit","Fiend Fire","Pommel Strike+1","Parasite","Whirlwind+1","Evolve+1"],"special_seed":0,"relics":["Burning Blood","Anchor","Red Skull","Blue Candle","Kunai","DollysMirror","Mark of Pain","Enchiridion","Tiny Chest","Mercury Hourglass","Ice Cream","Vajra","Cursed Key","Incense Burner","Shuriken","Omamori","Centennial Puzzle","Nunchaku","Frozen Egg 2"],"potions_floor_usage":[42,46,46,50],"damage_taken":[{"damage":8.0,"enemies":"Jaw Worm","floor":1.0,"turns":4.0},{"damage":0.0,"enemies":"Cultist","floor":3.0,"turns":4.0},{"damage":7.0,"enemies":"Small Slimes","floor":4.0,"turns":3.0},{"damage":32.0,"enemies":"Gremlin Nob","floor":7.0,"turns":5.0},{"damage":30.0,"enemies":"3 Sentries","floor":10.0,"turns":5.0},{"damage":0.0,"enemies":"2 Fungi Beasts","floor":11.0,"turns":1.0},{"damage":34.0,"enemies":"Lagavulin","floor":12.0,"turns":6.0},{"damage":0.0,"enemies":"Blue Slaver","floor":13.0,"turns":2.0},{"damage":26.0,"enemies":"The Guardian","floor":16.0,"turns":10.0},{"damage":0.0,"enemies":"2 Thieves","floor":18.0,"turns":1.0},{"damage":8.0,"enemies":"Chosen","floor":24.0,"turns":5.0},{"damage":35.0,"enemies":"Book of Stabbing","floor":25.0,"turns":5.0},{"damage":19.0,"enemies":"Slavers","floor":28.0,"turns":4.0},{"damage":16.0,"enemies":"Snake Plant","floor":29.0,"turns":3.0},{"damage":0.0,"enemies":"Cultist and Chosen","floor":31.0,"turns":4.0},{"damage":39.0,"enemies":"Collector","floor":33.0,"turns":8.0},{"damage":23,"enemies":"3 Darklings","floor":35,"turns":3},{"damage":6,"enemies":"Mind Bloom Boss Battle","floor":36,"turns":8},{"damage":0,"enemies":"Orb Walker","floor":38,"turns":4},{"damage":4,"enemies":"Writhing Mass","floor":39,"turns":5},{"damage":16,"enemies":"Reptomancer","floor":42,"turns":6},{"damage":17,"enemies":"Spire Growth","floor":44,"turns":3},{"damage":36,"enemies":"2 Orb Walkers","floor":46,"turns":4},{"damage":16,"enemies":"Nemesis","floor":48,"turns":5},{"damage":37,"enemies":"Donu and Deca","floor":50,"turns":5}],"seed_played":"4657236335523526966","potions_obtained":[{"floor":4.0,"key":"SmokeBomb"},{"floor":10.0,"key":"Regen Potion"},{"floor":13.0,"key":"SpeedPotion"},{"floor":16.0,"key":"GamblersBrew"},{"floor":25.0,"key":"Regen Potion"},{"floor":29.0,"key":"Block Potion"},{"floor":31.0,"key":"Block Potion"},{"floor":36,"key":"Swift Potion"},{"floor":38,"key":"Explosive Potion"},{"floor":42,"key":"Ancient Potion"},{"floor":44,"key":"PowerPotion"},{"floor":46,"key":"GamblersBrew"}],"is_trial":false,"path_per_floor":["M","?","M","M","?","R","E","R","T","E","M","E","M","$","R","B",null,"M","?","?","$","?","R","M","E","T","R","E","M","T","M","R","B",null,"M","?","$","M","M","R","?","E","T","M","R","?","R","E","R","B",null],"character_chosen":"IRONCLAD","items_purchased":["DollysMirror","Shuriken"],"campfire_rested":4,"item_purchase_floors":[14,37],"current_hp_per_floor":[78,78,80,79,79,79,53,53,53,29,35,21,27,27,51,31,80,80,64,64,64,64,64,62,33,33,33,32,22,22,28,52,19,80,63,63,63,69,71,71,71,61,61,50,50,20,42,32,54,23],"gold":287,"neow_bonus":"RANDOM_COLORLESS","is_prod":false,"is_daily":false,"chose_seed":false,"campfire_upgraded":6,"win_rate":0,"timestamp":1553723784,"path_taken":["M","?","M","M","?","R","E","R","T","E","?","E","M","$","R","BOSS","M","?","?","$","?","R","?","E","T","R","E","M","?","M","R","BOSS","M","?","$","M","M","R","?","E","T","M","R","?","R","E","R","BOSS"],"build_version":"2019-01-23","purchased_purges":2,"victory":true,"max_hp_per_floor":[80,80,80,80,80,80,80,80,80,80,80,80,80,80,80,80,80,80,80,80,80,80,80,80,80,80,80,80,80,80,80,80,80,80,80,80,80,80,80,80,76,76,76,76,76,76,76,76,76,76],"card_choices":[{"not_picked":["Body Slam","Heavy Blade"],"picked":"Power Through","floor":1.0},{"not_picked":["Iron Wave","Whirlwind"],"picked":"Rampage","floor":3.0},{"not_picked":["Whirlwind","Anger"],"picked":"Battle Trance","floor":4.0},{"not_picked":["Armaments","Pummel"],"picked":"Thunderclap","floor":7.0},{"not_picked":["Body Slam","Dual Wield","Cleave"],"picked":"SKIP","floor":10.0},{"not_picked":["Twin Strike","Juggernaut"],"picked":"Shrug It Off","floor":11.0},{"not_picked":["Sever Soul","Dual Wield","Perfected Strike"],"picked":"SKIP","floor":12.0},{"not_picked":["Warcry","Iron Wave"],"picked":"Inflame","floor":13.0},{"not_picked":["Exhume","Bludgeon"],"picked":"Demon Form","floor":16.0},{"not_picked":["Rage+1","Anger","Perfected Strike+1"],"picked":"SKIP","floor":24.0},{"not_picked":["Rage","Blood for Blood","Sentinel"],"picked":"SKIP","floor":25.0},{"not_picked":["Infernal Blade","Cleave+1","Armaments"],"picked":"SKIP","floor":28.0},{"not_picked":["Battle Trance+1","Warcry","Entrench"],"picked":"SKIP","floor":29.0},{"not_picked":["Flex+1","Body Slam"],"picked":"True Grit","floor":31.0},{"not_picked":["Dark Embrace","Barricade"],"picked":"Fiend Fire","floor":33.0},{"not_picked":["Iron Wave","Havoc","Armaments"],"picked":"SKIP","floor":35},{"not_picked":["Flame Barrier+1","Rampage+1"],"picked":"Pommel Strike","floor":36},{"not_picked":["Sentinel","Clash+1","Shrug It Off+1"],"picked":"SKIP","floor":38},{"not_picked":["Twin Strike","Thunderclap","Fiend Fire"],"picked":"SKIP","floor":39},{"not_picked":["Armaments","Cleave+1"],"picked":"Whirlwind+1","floor":42},{"not_picked":["Wild Strike","Combust","Armaments+1"],"picked":"SKIP","floor":44},{"not_picked":["Flex","True Grit"],"picked":"Evolve+1","floor":48}],"player_experience":546839,"relics_obtained":[{"floor":7.0,"key":"Anchor"},{"floor":9.0,"key":"Red Skull"},{"floor":10.0,"key":"Blue Candle"},{"floor":12.0,"key":"Kunai"},{"floor":19.0,"key":"Enchiridion"},{"floor":25.0,"key":"Tiny Chest"},{"floor":26.0,"key":"Mercury Hourglass"},{"floor":28.0,"key":"Ice Cream"},{"floor":30.0,"key":"Vajra"},{"floor":36,"key":"Incense Burner"},{"floor":42,"key":"Omamori"},{"floor":43,"key":"Centennial Puzzle"},{"floor":46,"key":"Nunchaku"},{"floor":48,"key":"Frozen Egg 2"}],"event_choices":[{"damage_healed":0.0,"max_hp_gain":0.0,"max_hp_loss":0.0,"gold_gain":0.0,"event_name":"Living Wall","player_choice":"Grow","floor":2.0,"gold_loss":0.0,"damage_taken":0.0,"cards_upgraded":["Madness"]},{"cards_removed":["Strike_R"],"damage_healed":0.0,"max_hp_gain":0.0,"max_hp_loss":0.0,"gold_gain":0.0,"event_name":"Purifier","player_choice":"Purged","floor":5.0,"gold_loss":0.0,"damage_taken":0.0},{"damage_healed":0.0,"max_hp_gain":0.0,"max_hp_loss":0.0,"gold_gain":0.0,"event_name":"Cursed Tome","player_choice":"Obtained Book","floor":19.0,"gold_loss":0.0,"damage_taken":16.0},{"cards_removed":["Defend_R"],"damage_healed":0.0,"max_hp_gain":0.0,"max_hp_loss":0.0,"gold_gain":0.0,"event_name":"Beggar","player_choice":"Gave Gold","floor":20.0,"gold_loss":75.0,"damage_taken":0.0},{"damage_healed":0.0,"max_hp_gain":0.0,"max_hp_loss":0.0,"gold_gain":0.0,"event_name":"Duplicator","player_choice":"Copied","floor":22.0,"gold_loss":0.0,"damage_taken":0.0,"cards_obtained":["Shrug It Off"]},{"damage_healed":0,"gold_gain":0,"player_choice":"Fight","damage_taken":0,"max_hp_gain":0,"max_hp_loss":0,"event_name":"MindBloom","floor":36,"gold_loss":0},{"damage_healed":0,"gold_gain":0,"player_choice":"Max HP","damage_taken":0,"max_hp_gain":0,"max_hp_loss":4,"event_name":"Winding Halls","floor":41,"gold_loss":0},{"damage_healed":0,"gold_gain":0,"player_choice":"Fight","damage_taken":0,"max_hp_gain":0,"max_hp_loss":0,"event_name":"Mysterious Sphere","floor":46,"gold_loss":0}],"is_beta":false,"boss_relics":[{"not_picked":["Orrery","Astrolabe"],"picked":"Mark of Pain"},{"not_picked":["Sozu","Tiny House"],"picked":"Cursed Key"}],"items_purged_floors":[14,37],"is_endless":false,"potions_floor_spawned":[4,10,13,16,18,25,29,31,36,38,42,44,46],"ascension_level":3}