{"gold_per_floor":[113,133,151,22,22,22,22,36,36,48,91,103,179,208,220,329,341,370,382,414,129,147,182,182,196,196,71,71,101,101,101,101,201,201,215,230,113,213,228,228,228],"floor_reached":41,"playtime":1504,"items_purged":["Defend_R"],"score":587,"play_id":"f2ef1d52-5aa8-4b79-9b36-045980ba70fd","local_time":"20190326091851","is_ascension_mode":true,"campfire_choices":[{"data":"Limit Break","floor":6,"key":"SMITH"},{"data":"Flex","floor":10,"key":"SMITH"},{"data":"Flex","floor":12,"key":"SMITH"},{"data":"Armaments","floor":15,"key":"SMITH"},{"data":"Battle Trance","floor":24,"key":"SMITH"},{"data":"Blind","floor":28,"key":"SMITH"},{"data":"Bite","floor":30,"key":"SMITH"},{"data":"Bite","floor":32,"key":"SMITH"},{"data":"Bite","floor":40,"key":"SMITH"}],"neow_cost":"TEN_PERCENT_HP_LOSS","seed_source_timestamp":7985642883596681,"circlet_count":0,"master_deck":["Defend_R","Defend_R","Defend_R","Bash+1","Limit Break+1","Armaments+1","Flex+1","Flex+1","Headbutt","Cleave","Twin Strike+1","Brutality","Warcry+1","Bite+1","Bite+1","Bite+1","Bite","Bite","Blind+1","Battle Trance+1","Pommel Strike"],"relics":["Burning Blood","Matryoshka","MawBank","Mercury Hourglass","Mummified Hand","Tiny Chest","Empty Cage","Brimstone","Lantern","Omamori","The Courier","Oddly Smooth Stone","Whetstone","Pear","Coffee Dripper","Vajra"],"potions_floor_usage":[20,22,29,33,39],"damage_taken":[{"damage":12,"enemies":"Jaw Worm","floor":1,"turns":3},{"damage":10,"enemies":"Small Slimes","floor":2,"turns":4},{"damage":0,"enemies":"Cultist","floor":3,"turns":3},{"damage":11,"enemies":"Blue Slaver","floor":8,"turns":4},{"damage":15,"enemies":"3 Sentries","floor":11,"turns":5},{"damage":25,"enemies":"Lagavulin","floor":13,"turns":5},{"damage":1,"enemies":"Looter","floor":14,"turns":2},{"damage":0,"enemies":"Slime Boss","floor":16,"turns":6},{"damage":37,"enemies":"Shell Parasite","floor":18,"turns":5},{"damage":24,"enemies":"3 Byrds","floor":20,"turns":5},{"damage":11,"enemies":"Sentry and Sphere","floor":22,"turns":3},{"damage":16,"enemies":"Gremlin Leader","floor":23,"turns":5},{"damage":10,"enemies":"3 Cultists","floor":25,"turns":3},{"damage":30,"enemies":"Slavers","floor":29,"turns":4},{"damage":19,"enemies":"Automaton","floor":33,"turns":4},{"damage":20,"enemies":"3 Darklings","floor":35,"turns":4},{"damage":55,"enemies":"3 Shapes","floor":36,"turns":3},{"damage":4,"enemies":"Transient","floor":39,"turns":5},{"damage":65,"enemies":"Reptomancer","floor":41,"turns":4}],"seed_played":"8026326857030482773","potions_obtained":[{"floor":3,"key":"Dexterity Potion"},{"floor":8,"key":"GamblersBrew"},{"floor":13,"key":"PowerPotion"},{"floor":14,"key":"Block Potion"},{"floor":23,"key":"Block Potion"},{"floor":25,"key":"Energy Potion"},{"floor":36,"key":"FearPotion"},{"floor":39,"key":"Swift Potion"}],"is_trial":false,"path_per_floor":["M","M","M","$","?","R","?","M","T","R","E","R","E","M","R","B",null,"M","?","M","$","M","E","R","M","T","$","R","E","R","T","R","B",null,"M","M","$","?","M","R","E"],"character_chosen":"IRONCLAD","items_purchased":["Flex","Brimstone","Blind","Oddly Smooth Stone","Vajra"],"campfire_rested":0,"item_purchase_floors":[4,21,21,27,37],"current_hp_per_floor":[66,62,68,68,50,50,68,63,63,63,54,54,35,40,40,46,69,38,38,34,34,35,38,38,38,38,38,38,27,27,37,37,38,58,50,10,10,10,38,38,0],"gold":228,"neow_bonus":"THREE_RARE_CARDS","is_prod":false,"is_daily":false,"chose_seed":false,"campfire_upgraded":9,"win_rate":0,"timestamp":1553606331,"path_taken":["M","M","M","$","?","R","?","M","T","R","E","R","E","M","R","BOSS","M","?","M","$","M","E","R","M","T","$","R","E","R","?","R","BOSS","M","M","$","?","M","R","E"],"build_version":"2019-01-23","purchased_purges":1,"victory":false,"max_hp_per_floor":[72,72,72,72,72,72,72,72,72,72,72,72,72,72,72,72,69,69,48,48,48,48,48,48,48,48,48,48,48,48,58,58,58,58,58,58,58,58,58,58,58],"card_choices":[{"not_picked":["Exhume","Double Tap"],"picked":"Limit Break","floor":0},{"not_picked":["Perfected Strike","Warcry"],"picked":"Armaments","floor":1},{"not_picked":["Rupture","Anger","Double Tap"],"picked":"SKIP","floor":2},{"not_picked":["Body Slam","Shrug It Off"],"picked":"Flex","floor":3},{"not_picked":["Seeing Red","Wild Strike"],"picked":"Headbutt","floor":8},{"not_picked":["Perfected Strike","Berserk","Infernal Blade"],"picked":"SKIP","floor":11},{"not_picked":["Anger","Entrench"],"picked":"Cleave","floor":13},{"not_picked":["Entrench","Headbutt"],"picked":"Twin Strike","floor":14},{"not_picked":["Bludgeon","Impervious"],"picked":"Brutality","floor":16},{"not_picked":["True Grit","Twin Strike+1"],"picked":"Warcry+1","floor":18},{"not_picked":["Headbutt","Metallicize","Body Slam"],"picked":"SKIP","floor":20},{"not_picked":["Clothesline","Warcry"],"picked":"Battle Trance","floor":22},{"not_picked":["True Grit","Inflame","Whirlwind+1"],"picked":"SKIP","floor":23},{"not_picked":["Sever Soul","Disarm","Power Through"],"picked":"SKIP","floor":25},{"not_picked":["Corruption","Perfected Strike","Shrug It Off"],"picked":"SKIP","floor":29},{"not_picked":["Shrug It Off","Clash","Body Slam"],"picked":"SKIP","floor":35},{"not_picked":["Iron Wave+1","Power Through+1"],"picked":"Pommel Strike","floor":36},{"not_picked":["Headbutt","Reckless Charge","Ghostly Armor+1"],"picked":"SKIP","floor":39}],"player_experience":531585,"relics_obtained":[{"floor":9,"key":"MawBank"},{"floor":9,"key":"Mercury Hourglass"},{"floor":11,"key":"Mummified Hand"},{"floor":13,"key":"Tiny Chest"},{"floor":23,"key":"Lantern"},{"floor":26,"key":"Omamori"},{"floor":26,"key":"The Courier"},{"floor":29,"key":"Whetstone"},{"floor":31,"key":"Pear"}],"event_choices":[{"damage_healed":0,"gold_gain":0,"player_choice":"Success","damage_taken":18,"relics_obtained":["Matryoshka"],"max_hp_gain":0,"max_hp_loss":0,"event_name":"Scrap Ooze","floor":5,"gold_loss":0},{"damage_healed":18,"gold_gain":0,"player_choice":"Healed and dodged fight","damage_taken":0,"max_hp_gain":0,"max_hp_loss":0,"event_name":"Mushrooms","floor":7,"gold_loss":0,"cards_obtained":["Parasite"]},{"damage_healed":0,"gold_gain":0,"player_choice":"Became a vampire","damage_taken":0,"max_hp_gain":0,"max_hp_loss":21,"event_name":"Vampires","floor":19,"gold_loss":0,"cards_obtained":["Bite","Bite","Bite","Bite","Bite"]},{"damage_healed":0,"gold_gain":100,"player_choice":"Pray","damage_taken":0,"max_hp_gain":0,"max_hp_loss":0,"event_name":"Golden Shrine","floor":38,"gold_loss":0}],"is_beta":false,"boss_relics":[{"not_picked":["White Beast Statue","Black Blood"],"picked":"Empty Cage"},{"not_picked":["Orrery","Runic Pyramid"],"picked":"Coffee Dripper"}],"items_purged_floors":[4],"is_endless":false,"potions_floor_spawned":[3,8,13,14,16,18,23,25,36,39],"killed_by":"Reptomancer","ascension_level":3}