{"gold_per_floor":[209,222,222,29,49,77,92,117,117,131,141,141,160,117,117,217,217,229,229],"floor_reached":19,"playtime":1899,"items_purged":[],"score":199,"play_id":"e70c67f4-c1da-4c8d-9100-bf0ece9cbbe6","local_time":"20190329015924","is_ascension_mode":true,"campfire_choices":[{"floor":12,"key":"REST"},{"data":"Seeing Red","floor":15,"key":"SMITH"}],"neow_cost":"NONE","seed_source_timestamp":261093957830822,"circlet_count":0,"master_deck":["Strike_R","Strike_R","Strike_R","Strike_R","Strike_R","Defend_R","Defend_R","Defend_R+1","Defend_R+1","Bash","Feel No Pain","Cleave","Inflame","Armaments","Combust","Iron Wave","Armaments","Battle Trance","Bloodletting","Seeing Red+1","Dark Embrace","Havoc+1"],"relics":["Burning Blood","Dream Catcher","Centennial Puzzle","War Paint","Singing Bowl","Black Star"],"potions_floor_usage":[6,8,16],"damage_taken":[{"damage":0,"enemies":"Small Slimes","floor":1,"turns":3},{"damage":10,"enemies":"Cultist","floor":2,"turns":5},{"damage":13,"enemies":"Jaw Worm","floor":5,"turns":4},{"damage":15,"enemies":"Gremlin Nob","floor":6,"turns":4},{"damage":16,"enemies":"Blue Slaver","floor":7,"turns":5},{"damage":29,"enemies":"3 Sentries","floor":8,"turns":15},{"damage":12,"enemies":"Large Slime","floor":10,"turns":7},{"damage":2,"enemies":"3 Louse","floor":11,"turns":3},{"damage":8,"enemies":"Looter","floor":13,"turns":5},{"damage":47,"enemies":"The Guardian","floor":16,"turns":16},{"damage":39,"enemies":"Shell Parasite","floor":18,"turns":11},{"damage":56,"enemies":"Masked Bandits","floor":19,"turns":3}],"seed_played":"-937927853162962771","potions_obtained":[{"floor":1,"key":"Regen Potion"},{"floor":2,"key":"PowerPotion"},{"floor":13,"key":"SkillPotion"}],"is_trial":false,"path_per_floor":["?","M","?","?"],"character_chosen":"IRONCLAD","items_purchased":["Inflame","Dream Catcher"],"campfire_rested":1,"item_purchase_floors":[4,4],"current_hp_per_floor":[80,76,68,68,61,52,42,34,34,28,32,58,56,56,56,15,82,49,0],"gold":229,"neow_bonus":"HUNDRED_GOLD","is_prod":false,"is_daily":false,"chose_seed":false,"campfire_upgraded":1,"win_rate":0,"timestamp":1553835564,"path_taken":["M","M","?","$","M","E","?","E","T","M","M","R","M","?","R","BOSS","M","?"],"build_version":"2019-01-23","purchased_purges":0,"victory":false,"max_hp_per_floor":[80,80,80,80,80,80,80,80,80,80,80,82,82,82,82,82,82,82,82],"card_choices":[{"not_picked":["Flex","True Grit"],"picked":"Feel No Pain","floor":1},{"not_picked":["Warcry","Thunderclap"],"picked":"Cleave","floor":2},{"not_picked":["Perfected Strike","Rage"],"picked":"Armaments","floor":5},{"not_picked":["Reaper","Perfected Strike"],"picked":"Combust","floor":6},{"not_picked":["Clash","Twin Strike"],"picked":"Iron Wave","floor":7},{"not_picked":["Sword Boomerang","Sever Soul"],"picked":"Armaments","floor":8},{"not_picked":["Wild Strike","Evolve"],"picked":"Battle Trance","floor":10},{"not_picked":["Power Through","Headbutt"],"picked":"Bloodletting","floor":11},{"not_picked":["Twin Strike","Havoc","Clash"],"picked":"Singing Bowl","floor":12},{"not_picked":["Bloodletting","Havoc"],"picked":"Seeing Red","floor":13},{"not_picked":["Offering","Impervious"],"picked":"Dark Embrace","floor":16},{"not_picked":["Burning Pact","Flex+1"],"picked":"Havoc+1","floor":18}],"player_experience":482163,"relics_obtained":[{"floor":6,"key":"Centennial Puzzle"},{"floor":8,"key":"War Paint"},{"floor":9,"key":"Singing Bowl"}],"event_choices":[{"damage_healed":0,"gold_gain":0,"player_choice":"Damaged","damage_taken":8,"max_hp_gain":0,"max_hp_loss":0,"event_name":"Wheel of Change","floor":3,"gold_loss":0},{"damage_healed":0,"gold_gain":0,"player_choice":"Left Gold","damage_taken":0,"max_hp_gain":0,"max_hp_loss":0,"event_name":"World of Goop","floor":14,"gold_loss":43},{"damage_healed":0,"gold_gain":0,"player_choice":"Fought Bandits","damage_taken":0,"max_hp_gain":0,"max_hp_loss":0,"event_name":"Masked Bandits","floor":19,"gold_loss":0}],"is_beta":false,"boss_relics":[{"not_picked":["Runic Dome","Eternal Feather"],"picked":"Black Star"}],"items_purged_floors":[],"is_endless":false,"potions_floor_spawned":[1,2,13],"killed_by":"Masked Bandits","ascension_level":2}