{"gold_per_floor":[119,131,56,74,249,249,283,293,345,377,377,104,114,127,127,127],"floor_reached":16,"playtime":753,"items_purged":["Defend_R","Defend_R"],"score":112,"play_id":"5a9e1a30-8d71-451e-af28-bb511a9c74b8","local_time":"20180705121929","is_ascension_mode":false,"campfire_choices":[{"data":"Bash","floor":6,"key":"SMITH"},{"floor":11,"key":"REST"},{"data":"Perfected Strike","floor":15,"key":"SMITH"}],"neow_cost":"NONE","seed_source_timestamp":1246915110221685,"circlet_count":0,"master_deck":["Strike_R","Strike_R","Strike_R","Strike_R","Strike_R","Defend_R","Defend_R","Bash+1","Sever Soul","Hemokinesis","Headbutt","Doubt","Combust","Perfected Strike","Flex","Perfected Strike+1","Cleave","Twin Strike"],"relics":["Burning Blood","Shuriken","Boot","Omamori","Blood Vial"],"potions_floor_usage":[8,10,16,16,16],"damage_taken":[{"damage":15,"enemies":"Jaw Worm","floor":1,"turns":4},{"damage":8,"enemies":"Small Slimes","floor":2,"turns":3},{"damage":4,"enemies":"Cultist","floor":4,"turns":3},{"damage":49,"enemies":"3 Sentries","floor":7,"turns":8},{"damage":19,"enemies":"Blue Slaver","floor":8,"turns":3},{"damage":18,"enemies":"Gremlin Nob","floor":10,"turns":3},{"damage":4,"enemies":"Large Slime","floor":13,"turns":4},{"damage":11,"enemies":"3 Louse","floor":14,"turns":2},{"damage":54,"enemies":"The Guardian","floor":16,"turns":6}],"seed_played":"7321615088609459676","potions_obtained":[{"floor":1,"key":"SpeedPotion"},{"floor":4,"key":"AttackPotion"},{"floor":7,"key":"BloodPotion"},{"floor":13,"key":"EssenceOfSteel"},{"floor":14,"key":"Dexterity Potion"}],"is_trial":false,"path_per_floor":["M","M","$","M","?","R","E","M","T","E","R","$","M","M","R"],"character_chosen":"IRONCLAD","items_purchased":["Blood Vial","Perfected Strike"],"campfire_rested":1,"item_purchase_floors":[12,12],"current_hp_per_floor":[79,77,77,79,79,79,36,31,31,19,45,45,49,46,46,0],"gold":127,"neow_bonus":"TEN_PERCENT_HP_BONUS","is_prod":false,"is_daily":false,"chose_seed":false,"campfire_upgraded":2,"win_rate":0.0,"timestamp":1530807569,"path_taken":["M","M","$","M","?","R","E","M","T","E","R","$","M","M","R","BOSS"],"build_version":"2018-06-28","purchased_purges":2,"victory":false,"max_hp_per_floor":[88,88,88,88,88,88,88,88,88,88,88,88,88,88,88,88],"card_choices":[{"not_picked":["Ghostly Armor","Heavy Blade"],"picked":"Sever Soul","floor":1},{"not_picked":["Dropkick","True Grit"],"picked":"Hemokinesis","floor":2},{"not_picked":["Blood for Blood","Power Through"],"picked":"Headbutt","floor":4},{"not_picked":["Carnage","Heavy Blade"],"picked":"Combust","floor":7},{"not_picked":["Thunderclap","Sword Boomerang"],"picked":"Perfected Strike","floor":8},{"not_picked":["Brutality","Pommel Strike"],"picked":"Flex","floor":10},{"not_picked":["Clothesline","Whirlwind"],"picked":"Cleave","floor":13},{"not_picked":["Blood for Blood","Armaments"],"picked":"Twin Strike","floor":14}],"player_experience":41769,"relics_obtained":[{"floor":7,"key":"Shuriken"},{"floor":9,"key":"Boot"},{"floor":10,"key":"Omamori"}],"event_choices":[{"event_name":"Liars Game","player_choice":"agreed","floor":5,"damage_taken":0}],"boss_relics":[],"items_purged_floors":[3,12],"is_endless":false,"potions_floor_spawned":[1,4,7,13,14],"killed_by":"The Guardian","ascension_level":0}