{"gold_per_floor":[216,216,235,109,124,153,153,153,153,165,165,183,57,77,77,77],"floor_reached":16,"playtime":314,"items_purged":["Defend_R","Flex"],"score":112,"play_id":"6480a5a1-1e50-4733-bc4f-ad41a0b1862d","local_time":"20180923031810","is_ascension_mode":true,"campfire_choices":[{"floor":7,"key":"REST"},{"data":"Whirlwind","floor":15,"key":"SMITH"}],"neow_cost":"NONE","seed_source_timestamp":144830548321420,"circlet_count":0,"master_deck":["Strike_R","Strike_R","Strike_R","Strike_R","Strike_R","Defend_R","Defend_R","Bash","Armaments","Sword Boomerang","Thunderclap","Offering","Flex","Whirlwind+1"],"relics":["Burning Blood","Shuriken","Omamori","Frozen Egg 2"],"potions_floor_usage":[5,10,16,16],"damage_taken":[{"damage":12,"enemies":"Jaw Worm","floor":1,"turns":3},{"damage":0,"enemies":"Small Slimes","floor":3,"turns":3},{"damage":13,"enemies":"2 Louse","floor":5,"turns":2},{"damage":54,"enemies":"Lagavulin","floor":6,"turns":6},{"damage":0,"enemies":"2 Fungi Beasts","floor":10,"turns":2},{"damage":16,"enemies":"3 Louse","floor":12,"turns":3},{"damage":19,"enemies":"Large Slime","floor":14,"turns":2},{"damage":58,"enemies":"Hexaghost","floor":16,"turns":5}],"seed_played":"6680062652528564070","potions_obtained":[{"floor":6,"key":"Explosive Potion"},{"floor":10,"key":"Swift Potion"},{"floor":12,"key":"Strength Potion"},{"floor":14,"key":"BloodPotion"}],"is_trial":false,"path_per_floor":["M","?","M","$","M","E","R","?","T","M","?","M","$","M","R"],"character_chosen":"IRONCLAD","items_purchased":["Poison Potion","Flex"],"campfire_rested":1,"item_purchase_floors":[4,13],"current_hp_per_floor":[74,67,73,73,66,18,42,68,68,74,71,61,61,48,48,0],"gold":77,"neow_bonus":"HUNDRED_GOLD","is_prod":false,"is_daily":false,"chose_seed":false,"campfire_upgraded":1,"win_rate":0,"timestamp":1537687090,"path_taken":["M","?","M","$","M","E","R","?","T","M","?","M","?","M","R","BOSS"],"build_version":"2018-09-20","purchased_purges":2,"victory":false,"max_hp_per_floor":[80,80,80,80,80,80,80,80,80,80,80,80,80,80,80,80],"card_choices":[{"not_picked":["Havoc","Hemokinesis"],"picked":"Armaments","floor":1},{"not_picked":["Infernal Blade","Heavy Blade"],"picked":"Sword Boomerang","floor":3},{"not_picked":["Metallicize","Warcry","Iron Wave"],"picked":"SKIP","floor":5},{"not_picked":["Clothesline","Cleave"],"picked":"Thunderclap","floor":6},{"not_picked":["Twin Strike","Hemokinesis"],"picked":"Flex","floor":10},{"not_picked":["Uppercut","Rage"],"picked":"Offering","floor":12},{"not_picked":["Sentinel","Heavy Blade"],"picked":"Whirlwind","floor":14}],"player_experience":384813,"relics_obtained":[{"floor":6,"key":"Shuriken"},{"floor":9,"key":"Omamori"}],"event_choices":[{"event_name":"Golden Wing","player_choice":"Card Removal","floor":2,"damage_taken":0},{"event_name":"Big Fish","player_choice":"Banana","floor":8,"damage_taken":0},{"event_name":"Scrap Ooze","player_choice":"success","floor":11,"damage_taken":3}],"is_beta":false,"boss_relics":[],"items_purged_floors":[4,13],"is_endless":false,"potions_floor_spawned":[6,10,12,14],"killed_by":"Hexaghost","ascension_level":2}