{"gold_per_floor":[369,384,394,68,86,117,129,79,103,3,3],"floor_reached":11,"playtime":346,"items_purged":["Doubt","Defend_G","Strike_G"],"score":79,"play_id":"521bed41-e8f3-456b-a31f-934d4b647edc","local_time":"20180925115319","is_ascension_mode":true,"campfire_choices":[],"neow_cost":"CURSE","seed_source_timestamp":348508867597022,"circlet_count":0,"master_deck":["Defend_G","Defend_G","Defend_G","Defend_G","Strike_G","Strike_G","Strike_G","Strike_G","Survivor","Neutralize","Dagger Spray","Flying Knee","Dagger Throw","Flying Knee","Quick Slash"],"relics":["Ring of the Snake","Pantograph","Smiling Mask","Dream Catcher"],"potions_floor_usage":[5],"damage_taken":[{"damage":9,"enemies":"2 Louse","floor":1,"turns":4},{"damage":1,"enemies":"Cultist","floor":2,"turns":4},{"damage":0,"enemies":"Small Slimes","floor":3,"turns":3},{"damage":12,"enemies":"Exordium Wildlife","floor":5,"turns":3},{"damage":27,"enemies":"Gremlin Nob","floor":6,"turns":5},{"damage":12,"enemies":"3 Louse","floor":7,"turns":2},{"damage":12,"enemies":"Large Slime","floor":11,"turns":2}],"seed_played":"-1766514529758604982","potions_obtained":[{"floor":1,"key":"Explosive Potion"},{"floor":7,"key":"Swift Potion"}],"is_trial":false,"path_per_floor":["M","M","M","$","M","E","M","$","T","$"],"character_chosen":"THE_SILENT","items_purchased":["Pantograph","Quick Slash"],"campfire_rested":0,"item_purchase_floors":[4,10],"current_hp_per_floor":[61,60,60,60,48,21,9,9,9,9,0],"gold":3,"neow_bonus":"TWO_FIFTY_GOLD","is_prod":false,"is_daily":false,"chose_seed":false,"campfire_upgraded":0,"win_rate":0,"timestamp":1537890799,"path_taken":["M","M","M","$","M","E","M","$","T","$","M"],"build_version":"2018-09-20","purchased_purges":3,"victory":false,"max_hp_per_floor":[70,70,70,70,70,70,70,70,70,70,70],"card_choices":[{"not_picked":["Dagger Throw","Crippling Poison"],"picked":"Dagger Spray","floor":1},{"not_picked":["Deflect","Deadly Poison"],"picked":"Flying Knee","floor":2},{"not_picked":["Sucker Punch","Blade Dance","Phantasmal Killer"],"picked":"SKIP","floor":3},{"not_picked":["Crippling Poison","Sucker Punch"],"picked":"Dagger Throw","floor":5},{"not_picked":["Acrobatics","Noxious Fumes"],"picked":"Flying Knee","floor":6},{"not_picked":["Slice","Bane","PiercingWail"],"picked":"SKIP","floor":7}],"player_experience":407527,"relics_obtained":[{"floor":6,"key":"Smiling Mask"},{"floor":9,"key":"Dream Catcher"}],"event_choices":[],"is_beta":false,"boss_relics":[],"items_purged_floors":[4,8,10],"is_endless":false,"potions_floor_spawned":[1,7],"killed_by":"Large Slime","ascension_level":1}