{"gold_per_floor":[111,286,286,286,305,305,332,352,352,352,386,386,398,46,46,142,142,153,153,166,182,57,57,57,77,77,77,89,89,49,49],"floor_reached":31,"playtime":727,"items_purged":["Defend_B","Strike_B"],"score":331,"play_id":"5ef1ebea-ccc1-4fdf-8943-25c4f29f7419","local_time":"20190324232047","is_ascension_mode":true,"campfire_choices":[{"data":"Zap","floor":6,"key":"SMITH"},{"data":"Reprogram","floor":10,"key":"SMITH"},{"data":"Secret Weapon","floor":15,"key":"SMITH"},{"data":"Machine Learning","floor":24,"key":"SMITH"},{"floor":27,"key":"REST"}],"neow_cost":"NONE","seed_source_timestamp":7864131873796735,"circlet_count":0,"master_deck":["Strike_B","Strike_B","Strike_B","Defend_B","Zap+1","Dualcast","Sweeping Beam","Reprogram+1","Gash+1","Sunder+1","Rebound+1","Secret Weapon+1","Melter+1","Machine Learning+1","Skim","Go for the Eyes+1","Scrape+1","Go for the Eyes+1"],"relics":["Cracked Core","NeowsBlessing","Molten Egg 2","Centennial Puzzle","Letter Opener","Potion Belt","Empty Cage","The Courier"],"potions_floor_usage":[8,18,20,23,25,28],"damage_taken":[{"damage":0,"enemies":"Small Slimes","floor":1,"turns":1},{"damage":0,"enemies":"Jaw Worm","floor":5,"turns":1},{"damage":0,"enemies":"3 Sentries","floor":7,"turns":1},{"damage":0,"enemies":"2 Louse","floor":8,"turns":2},{"damage":20,"enemies":"Lagavulin","floor":11,"turns":5},{"damage":0,"enemies":"Exordium Thugs","floor":13,"turns":2},{"damage":42,"enemies":"Hexaghost","floor":16,"turns":6},{"damage":0,"enemies":"3 Byrds","floor":18,"turns":2},{"damage":12,"enemies":"Chosen","floor":20,"turns":3},{"damage":36,"enemies":"Snake Plant","floor":21,"turns":3},{"damage":0,"enemies":"Book of Stabbing","floor":23,"turns":1},{"damage":16,"enemies":"Centurion and Healer","floor":25,"turns":3},{"damage":18,"enemies":"Chosen and Byrds","floor":28,"turns":3},{"damage":0,"enemies":"Sentry and Sphere","floor":31,"turns":1}],"seed_played":"-2063962750762204509","potions_obtained":[{"floor":5,"key":"Block Potion"},{"floor":11,"key":"Fire Potion"},{"floor":13,"key":"Explosive Potion"},{"floor":19,"key":"Fire Potion"},{"floor":19,"key":"Dexterity Potion"},{"floor":19,"key":"SmokeBomb"},{"floor":21,"key":"GamblersBrew"},{"floor":30,"key":"SneckoOil"},{"floor":30,"key":"SneckoOil"},{"floor":30,"key":"AttackPotion"}],"is_trial":false,"path_per_floor":["M","?","?","?","M","R","E","M","T","R","E","?","M","$","R","B",null,"M","?","M","M","$","E","R","M","T","R","M","?","?","M"],"character_chosen":"DEFECT","items_purchased":["Secret Weapon","Melter+1","Go for the Eyes+1"],"campfire_rested":1,"item_purchase_floors":[14,14,22],"current_hp_per_floor":[75,75,75,50,50,50,50,50,50,50,30,55,55,55,55,13,75,75,75,63,27,27,27,27,11,11,33,15,15,15,15],"gold":49,"neow_bonus":"THREE_ENEMY_KILL","is_prod":false,"is_daily":false,"chose_seed":false,"campfire_upgraded":4,"win_rate":0,"timestamp":1553484047,"path_taken":["M","?","?","?","M","R","E","M","T","R","E","?","M","$","R","BOSS","M","?","?","M","$","E","R","M","T","R","M","?","?","?"],"build_version":"2019-01-23","purchased_purges":2,"victory":false,"max_hp_per_floor":[75,75,75,75,75,75,75,75,75,75,75,75,75,75,75,75,75,75,75,75,75,75,75,75,75,75,75,75,75,75,75],"card_choices":[{"not_picked":["Leap","Turbo"],"picked":"Sweeping Beam","floor":1},{"not_picked":["Tempest","Cold Snap+1"],"picked":"Reprogram","floor":5},{"not_picked":["Sweeping Beam+1","Seek"],"picked":"Gash+1","floor":7},{"not_picked":["Compile Driver+1","Hello World","Stack"],"picked":"SKIP","floor":8},{"not_picked":["Redo","Barrage+1"],"picked":"Sunder+1","floor":11},{"not_picked":["Tempest","Force Field"],"picked":"Rebound+1","floor":13},{"not_picked":["Thunder Strike+1","Echo Form"],"picked":"Machine Learning","floor":16},{"not_picked":["Conserve Battery","Barrage+1"],"picked":"Skim","floor":18},{"not_picked":["Compile Driver+1","Barrage+1"],"picked":"Go for the Eyes+1","floor":20},{"not_picked":["Streamline+1","Glacier"],"picked":"Scrape+1","floor":21},{"not_picked":["Capacitor","Leap+1","Reboot"],"picked":"SKIP","floor":25},{"not_picked":["Recycle","Hologram","Go for the Eyes+1"],"picked":"SKIP","floor":28}],"player_experience":485267,"relics_obtained":[{"floor":7,"key":"Centennial Puzzle"},{"floor":9,"key":"Letter Opener"},{"floor":11,"key":"Potion Belt"},{"floor":26,"key":"The Courier"}],"event_choices":[{"damage_healed":0,"gold_gain":175,"player_choice":"AGREE","damage_taken":0,"max_hp_gain":0,"max_hp_loss":0,"event_name":"Liars Game","floor":2,"gold_loss":0,"cards_obtained":["Doubt"]},{"cards_removed":["Doubt"],"damage_healed":0,"gold_gain":0,"player_choice":"Forget","damage_taken":0,"max_hp_gain":0,"max_hp_loss":0,"event_name":"Living Wall","floor":3,"gold_loss":0},{"damage_healed":0,"gold_gain":0,"player_choice":"Success","damage_taken":25,"relics_obtained":["Molten Egg 2"],"max_hp_gain":0,"max_hp_loss":0,"event_name":"Scrap Ooze","floor":4,"gold_loss":0},{"damage_healed":25,"gold_gain":0,"player_choice":"Banana","damage_taken":0,"max_hp_gain":0,"max_hp_loss":0,"event_name":"Big Fish","floor":12,"gold_loss":0},{"damage_healed":0,"gold_gain":0,"player_choice":"Got Potions","damage_taken":0,"max_hp_gain":0,"max_hp_loss":0,"event_name":"Lab","floor":19,"gold_loss":0},{"damage_healed":0,"gold_gain":0,"player_choice":"Ignored","damage_taken":0,"max_hp_gain":0,"max_hp_loss":0,"event_name":"Ghosts","floor":29,"gold_loss":0},{"damage_healed":0,"gold_gain":0,"player_choice":"Bought 3 Potions","damage_taken":0,"max_hp_gain":0,"max_hp_loss":0,"event_name":"The Woman in Blue","floor":30,"gold_loss":0}],"is_beta":false,"boss_relics":[{"not_picked":["Lizard Tail","Inserter"],"picked":"Empty Cage"}],"items_purged_floors":[14,22],"is_endless":false,"potions_floor_spawned":[5,11,13,21],"killed_by":"Sentry and Sphere","ascension_level":3}