{"gold_per_floor":[111,123,140,140,140,140,163,204,257,270,345,63,87,105,105,226,226,226],"floor_reached":18,"playtime":628,"items_purged":["Injury"],"score":230,"play_id":"b8bb89d7-63d1-438e-8cf4-d06eee62e9c6","local_time":"20190330183359","is_ascension_mode":true,"campfire_choices":[{"data":"Self Repair","floor":6,"key":"SMITH"},{"floor":15,"key":"REST"}],"neow_cost":"NONE","seed_source_timestamp":28810821827128,"circlet_count":0,"master_deck":["Strike_B","Strike_B","Strike_B","Strike_B","Defend_B","Defend_B","Defend_B","Defend_B","Zap+1","Dualcast","Self Repair+1","Cold Snap","Force Field","White Noise","Sunder","Coolheaded","Capacitor","Ball Lightning","Echo Form"],"relics":["Cracked Core","NeowsBlessing","Golden Idol","DataDisk","Tiny Chest","Membership Card","Eternal Feather"],"potions_floor_usage":[8,8,10,16],"damage_taken":[{"damage":0,"enemies":"Jaw Worm","floor":1,"turns":1},{"damage":0,"enemies":"Small Slimes","floor":2,"turns":1},{"damage":0,"enemies":"Cultist","floor":3,"turns":1},{"damage":30,"enemies":"Large Slime","floor":7,"turns":6},{"damage":41,"enemies":"3 Sentries","floor":8,"turns":6},{"damage":17,"enemies":"Exordium Thugs","floor":10,"turns":3},{"damage":7,"enemies":"Red Slaver","floor":13,"turns":3},{"damage":6,"enemies":"Looter","floor":14,"turns":3},{"damage":26,"enemies":"The Guardian","floor":16,"turns":12},{"damage":0,"enemies":"3 Byrds","floor":18,"turns":1}],"seed_played":"109777183331629036","potions_obtained":[{"floor":3,"key":"Regen Potion"},{"floor":7,"key":"Explosive Potion"},{"floor":8,"key":"PowerPotion"},{"floor":14,"key":"GamblersBrew"}],"is_trial":false,"path_per_floor":["M","M","M","?","?","R","M","E","T","M","?","$","M","M","R","B",null,"M"],"character_chosen":"DEFECT","items_purchased":["Membership Card","Capacitor"],"campfire_rested":1,"item_purchase_floors":[12,12],"current_hp_per_floor":[68,68,68,68,68,68,48,32,32,25,14,14,17,21,43,27,63,63],"gold":226,"neow_bonus":"THREE_ENEMY_KILL","is_prod":false,"is_daily":false,"chose_seed":false,"campfire_upgraded":1,"win_rate":0,"timestamp":1553988839,"path_taken":["M","M","M","?","?","R","?","E","T","M","?","$","M","M","R","BOSS","M"],"build_version":"2019-01-23","purchased_purges":1,"victory":false,"max_hp_per_floor":[75,75,75,75,75,75,75,75,75,75,75,75,75,75,75,75,75,75],"card_choices":[{"not_picked":["Redo","Static Discharge"],"picked":"Self Repair","floor":1},{"not_picked":["Barrage","Hologram"],"picked":"Cold Snap","floor":2},{"not_picked":["Gash","Steam"],"picked":"Force Field","floor":3},{"not_picked":["Gash","Auto Shields"],"picked":"White Noise","floor":7},{"not_picked":["Go for the Eyes","Conserve Battery"],"picked":"Sunder","floor":8},{"not_picked":["Gash","Sweeping Beam"],"picked":"Coolheaded","floor":10},{"not_picked":["Compile Driver","Streamline"],"picked":"Ball Lightning","floor":13},{"not_picked":["Skim","Steam","Coolheaded"],"picked":"SKIP","floor":14},{"not_picked":["Machine Learning","Buffer"],"picked":"Echo Form","floor":16}],"player_experience":582991,"relics_obtained":[{"floor":8,"key":"DataDisk"},{"floor":9,"key":"Tiny Chest"}],"event_choices":[{"damage_healed":0,"gold_gain":0,"player_choice":"Take Wound","damage_taken":0,"relics_obtained":["Golden Idol"],"max_hp_gain":0,"max_hp_loss":0,"event_name":"Golden Idol","floor":4,"gold_loss":0,"cards_obtained":["Injury"]},{"damage_healed":0,"gold_gain":0,"player_choice":"Upgraded","damage_taken":0,"max_hp_gain":0,"max_hp_loss":0,"event_name":"Upgrade Shrine","floor":5,"gold_loss":0,"cards_upgraded":["Zap"]},{"damage_healed":0,"gold_gain":75,"player_choice":"Gather Gold","damage_taken":11,"max_hp_gain":0,"max_hp_loss":0,"event_name":"World of Goop","floor":11,"gold_loss":0}],"is_beta":false,"boss_relics":[{"not_picked":["Coffee Dripper","White Beast Statue"],"picked":"Eternal Feather"}],"items_purged_floors":[12],"is_endless":false,"potions_floor_spawned":[3,7,8,14],"killed_by":"3 Byrds","ascension_level":8}