{"gold_per_floor":[118,43,43,118,128,160,12,12,12,24,40,69,81,93,93,195,195,205,80,80,80,80,80,80,80,106,123,123,123,138,158,158,260,260,276,294,99,99,111,111,131,131,131,184,204,204,231,243,243,243],"floor_reached":50,"playtime":1445,"items_purged":["Defend_R","Defend_R","Bash","Defend_R"],"score":608,"play_id":"40f0b8de-70ca-4c59-b98d-9eb692c43e65","local_time":"20181204100813","is_ascension_mode":true,"campfire_choices":[{"data":"Perfected Strike","floor":8,"key":"SMITH"},{"data":"Perfected Strike","floor":15,"key":"SMITH"},{"floor":23,"key":"REST"},{"floor":25,"key":"REST"},{"floor":29,"key":"REST"},{"floor":32,"key":"REST"},{"floor":40,"key":"REST"},{"floor":42,"key":"REST"},{"floor":46,"key":"REST"},{"floor":49,"key":"REST"}],"neow_cost":"NONE","seed_source_timestamp":271097616154817,"circlet_count":0,"master_deck":["Strike_R","Strike_R","Strike_R","Strike_R","Strike_R","Defend_R","Perfected Strike+1","Perfected Strike","Flex","Perfected Strike+1","Perfected Strike","Cleave","Pommel Strike","Twin Strike","Twin Strike+1","Pommel Strike","Inflame+1","Thunderclap"],"relics":["Burning Blood","NeowsBlessing","Sundial","Orichalcum","Mercury Hourglass","Potion Belt","Fusion Hammer","Letter Opener","Happy Flower","Philosopher\u0027s Stone","The Courier","Bottled Lightning","Magic Flower","Shuriken"],"potions_floor_usage":[16,16,35,41,44,44,47],"damage_taken":[{"damage":0,"enemies":"Jaw Worm","floor":1,"turns":1},{"damage":0,"enemies":"2 Louse","floor":5,"turns":1},{"damage":0,"enemies":"Lagavulin","floor":6,"turns":1},{"damage":0,"enemies":"Cultist","floor":10,"turns":2},{"damage":8,"enemies":"Red Slaver","floor":11,"turns":2},{"damage":8,"enemies":"3 Sentries","floor":12,"turns":4},{"damage":7,"enemies":"Lots of Slimes","floor":13,"turns":3},{"damage":5,"enemies":"Gremlin Gang","floor":14,"turns":3},{"damage":28,"enemies":"Hexaghost","floor":16,"turns":5},{"damage":10,"enemies":"3 Byrds","floor":18,"turns":3},{"damage":5,"enemies":"2 Thieves","floor":27,"turns":2},{"damage":0,"enemies":"Sentry and Sphere","floor":30,"turns":2},{"damage":0,"enemies":"3 Cultists","floor":31,"turns":3},{"damage":66,"enemies":"Collector","floor":33,"turns":8},{"damage":8,"enemies":"3 Darklings","floor":35,"turns":3},{"damage":12,"enemies":"3 Shapes","floor":36,"turns":2},{"damage":12,"enemies":"Spire Growth","floor":39,"turns":3},{"damage":53,"enemies":"Transient","floor":41,"turns":5},{"damage":28,"enemies":"2 Orb Walkers","floor":44,"turns":2},{"damage":28,"enemies":"Maw","floor":45,"turns":5},{"damage":51,"enemies":"Giant Head","floor":47,"turns":6},{"damage":11,"enemies":"Jaw Worm Horde","floor":48,"turns":2},{"damage":52,"enemies":"Awakened One","floor":50,"turns":3}],"seed_played":"4844166659124041430","potions_obtained":[{"floor":6,"key":"SpeedPotion"},{"floor":10,"key":"Poison Potion"},{"floor":12,"key":"SpeedPotion"},{"floor":14,"key":"AttackPotion"},{"floor":18,"key":"BloodPotion"},{"floor":30,"key":"SkillPotion"},{"floor":31,"key":"Weak Potion"},{"floor":36,"key":"LiquidBronze"},{"floor":45,"key":"Regen Potion"},{"floor":47,"key":"Poison Potion"}],"is_trial":false,"path_per_floor":["M","$","?","?","M","E","$","R","T","M","M","E","M","M","R","B",null,"M","$","?","?","T","R","$","R","T","M","$","R","M","M","R","B",null,"M","M","$","T","M","R","M","R","T","?","M","R","E","M","R","B"],"character_chosen":"IRONCLAD","items_purchased":["Perfected Strike","Pommel Strike"],"campfire_rested":8,"item_purchase_floors":[7,37],"current_hp_per_floor":[80,80,55,44,50,56,56,56,56,62,60,58,57,58,58,36,80,76,76,76,76,76,80,80,80,80,80,80,80,80,80,80,20,80,78,72,72,72,66,80,33,57,57,43,24,48,30,28,52,0],"gold":243,"neow_bonus":"THREE_ENEMY_KILL","is_prod":false,"is_daily":false,"chose_seed":false,"campfire_upgraded":2,"win_rate":0,"timestamp":1543936093,"path_taken":["M","$","?","?","M","E","?","R","T","M","?","E","M","M","R","BOSS","M","$","?","?","?","R","$","R","T","M","?","R","M","M","R","BOSS","M","?","$","?","?","R","?","R","T","?","M","R","E","M","R","BOSS"],"build_version":"2018-11-15","purchased_purges":4,"victory":false,"max_hp_per_floor":[80,80,80,80,80,80,80,80,80,80,80,80,80,80,80,80,80,80,80,80,80,80,80,80,80,80,80,80,80,80,80,80,80,80,80,80,80,80,80,80,80,80,80,80,80,80,80,80,80,80],"card_choices":[{"not_picked":["Sentinel","Wild Strike"],"picked":"Perfected Strike","floor":1},{"not_picked":["Wild Strike","Heavy Blade"],"picked":"Perfected Strike","floor":5},{"not_picked":["Clash","Limit Break"],"picked":"Flex","floor":6},{"not_picked":["Hemokinesis","Intimidate","Clash"],"picked":"SKIP","floor":10},{"not_picked":["Cleave","Heavy Blade","Wild Strike"],"picked":"SKIP","floor":11},{"not_picked":["Sword Boomerang","Clothesline"],"picked":"Perfected Strike","floor":12},{"not_picked":["Perfected Strike","Dropkick"],"picked":"Cleave","floor":13},{"not_picked":["Havoc","Iron Wave"],"picked":"Pommel Strike","floor":14},{"not_picked":["Dual Wield","Body Slam","Wild Strike"],"picked":"SKIP","floor":18},{"not_picked":["Infernal Blade","Armaments","Combust"],"picked":"SKIP","floor":27},{"not_picked":["Carnage+1","Disarm","Shrug It Off"],"picked":"SKIP","floor":30},{"not_picked":["Shrug It Off","Fire Breathing"],"picked":"Twin Strike+1","floor":31},{"not_picked":["Body Slam","Rampage","Headbutt"],"picked":"SKIP","floor":35},{"not_picked":["Flame Barrier+1","Shrug It Off+1","Bloodletting+1"],"picked":"SKIP","floor":36},{"not_picked":["Anger","Sword Boomerang","Body Slam"],"picked":"SKIP","floor":39},{"not_picked":["Rage+1","Heavy Blade"],"picked":"Inflame+1","floor":41},{"not_picked":["Power Through","Headbutt"],"picked":"Thunderclap","floor":44},{"not_picked":["Flex","Hemokinesis+1","Pommel Strike"],"picked":"SKIP","floor":45},{"not_picked":["Warcry","Pommel Strike","Cleave"],"picked":"SKIP","floor":47},{"not_picked":["Perfected Strike","Clothesline","Flex"],"picked":"SKIP","floor":48}],"player_experience":441179,"relics_obtained":[{"floor":6,"key":"Orichalcum"},{"floor":9,"key":"Mercury Hourglass"},{"floor":12,"key":"Potion Belt"},{"floor":22,"key":"Letter Opener"},{"floor":26,"key":"Happy Flower"},{"floor":38,"key":"The Courier"},{"floor":43,"key":"Bottled Lightning"},{"floor":44,"key":"Magic Flower"},{"floor":47,"key":"Shuriken"}],"event_choices":[{"damage_healed":0,"gold_gain":0,"player_choice":"Success","damage_taken":25,"relics_obtained":["Sundial"],"max_hp_gain":0,"max_hp_loss":0,"event_name":"Scrap Ooze","floor":3,"gold_loss":0},{"damage_healed":0,"gold_gain":75,"player_choice":"Gather Gold","damage_taken":11,"max_hp_gain":0,"max_hp_loss":0,"event_name":"World of Goop","floor":4,"gold_loss":0},{"damage_healed":0,"gold_gain":0,"player_choice":"Ignored","damage_taken":0,"max_hp_gain":0,"max_hp_loss":0,"event_name":"Ghosts","floor":20,"gold_loss":0},{"damage_healed":0,"gold_gain":0,"player_choice":"Read","damage_taken":0,"max_hp_gain":0,"max_hp_loss":0,"event_name":"The Library","floor":21,"gold_loss":0,"cards_obtained":["Twin Strike"]},{"damage_healed":0,"gold_gain":0,"player_choice":"Fight","damage_taken":0,"max_hp_gain":0,"max_hp_loss":0,"event_name":"Mysterious Sphere","floor":44,"gold_loss":0}],"is_beta":false,"boss_relics":[{"not_picked":["Pandora\u0027s Box","Runic Pyramid"],"picked":"Fusion Hammer"},{"not_picked":["Mark of Pain","Orrery"],"picked":"Philosopher\u0027s Stone"}],"items_purged_floors":[2,7,19,37],"is_endless":false,"potions_floor_spawned":[6,10,12,14,18,30,31,36,45,47],"killed_by":"Awakened One","ascension_level":3}