{"gold_per_floor":[119,129,129,4,179,179,192,192,218,228,18,18,32,48,48,151,151,170,183,233,133,152,152,172,22,22,22,37,37,37,48,48,48],"floor_reached":33,"playtime":1460,"items_purged":["Defend_R","Bash","Defend_R"],"score":239,"play_id":"469d11d0-c10a-4074-bf9f-c331b22fb3a0","local_time":"20180705102309","is_ascension_mode":false,"campfire_choices":[{"data":"Sword Boomerang","floor":6,"key":"SMITH"},{"data":"Twin Strike","floor":8,"key":"SMITH"},{"data":"Pommel Strike","floor":12,"key":"SMITH"},{"data":"Perfected Strike","floor":15,"key":"SMITH"},{"data":"Perfected Strike","floor":23,"key":"SMITH"},{"data":"Perfected Strike","floor":27,"key":"SMITH"},{"data":"Warcry","floor":29,"key":"SMITH"},{"floor":32,"key":"REST"}],"neow_cost":"","seed_source_timestamp":1239226889634187,"circlet_count":0,"master_deck":["Strike_R","Strike_R","Strike_R","Strike_R","Strike_R","Pummel","Perfected Strike+1","Sword Boomerang+1","Perfected Strike+1","Swift Strike","Twin Strike+1","Inflame","Swift Strike","Pommel Strike+1","Perfected Strike+1","Sword Boomerang","Double Tap","Uppercut","Warcry+1","Headbutt","Infernal Blade","Flex"],"relics":["Burning Blood","Blood Vial","Empty Cage","Bag of Marbles"],"potions_floor_usage":[16,16,16,33,33,33],"damage_taken":[{"damage":14,"enemies":"2 Louse","floor":1,"turns":3},{"damage":6,"enemies":"Cultist","floor":2,"turns":3},{"damage":2,"enemies":"Small Slimes","floor":7,"turns":2},{"damage":9,"enemies":"Blue Slaver","floor":10,"turns":3},{"damage":0,"enemies":"Large Slime","floor":13,"turns":3},{"damage":14,"enemies":"Exordium Wildlife","floor":14,"turns":3},{"damage":61,"enemies":"The Guardian","floor":16,"turns":6},{"damage":10,"enemies":"Shell Parasite","floor":18,"turns":2},{"damage":10,"enemies":"Spheric Guardian","floor":19,"turns":3},{"damage":25,"enemies":"Snecko","floor":22,"turns":4},{"damage":10,"enemies":"Cultist and Chosen","floor":24,"turns":3},{"damage":12,"enemies":"Centurion and Healer","floor":28,"turns":3},{"damage":5,"enemies":"Chosen and Byrds","floor":31,"turns":3},{"damage":70,"enemies":"Collector","floor":33,"turns":7}],"seed_played":"1116589714635275571","potions_obtained":[{"floor":1,"key":"Poison Potion"},{"floor":10,"key":"Fire Potion"},{"floor":13,"key":"BloodPotion"},{"floor":16,"key":"Energy Potion"},{"floor":18,"key":"Ancient Potion"},{"floor":24,"key":"GamblersBrew"},{"floor":31,"key":"Swift Potion"}],"is_trial":false,"path_per_floor":["M","M","?","$","?","R","M","R","T","M","$","R","M","M","R","B",null,"M","M","?","$","M","R","M","$","T","R","M","R","?","M","R"],"character_chosen":"IRONCLAD","items_purchased":["Perfected Strike","Swift Strike","Swift Strike","Pommel Strike","Flex"],"campfire_rested":1,"item_purchase_floors":[4,4,11,11,25],"current_hp_per_floor":[72,72,72,72,72,72,76,76,76,75,75,75,80,72,72,27,80,76,74,74,74,57,57,55,55,55,55,51,51,36,39,64,0],"gold":48,"neow_bonus":"","is_prod":false,"is_daily":false,"chose_seed":false,"campfire_upgraded":7,"win_rate":0.0,"timestamp":1530800589,"path_taken":["M","M","?","$","?","R","M","R","T","M","?","R","M","M","R","BOSS","M","?","?","$","M","R","M","?","T","R","M","R","?","M","R","BOSS"],"build_version":"2018-06-28","purchased_purges":3,"victory":false,"max_hp_per_floor":[80,80,80,80,80,80,80,80,80,80,80,80,80,80,80,80,80,80,80,80,80,80,80,80,80,80,80,80,80,85,85,85,85],"card_choices":[{"not_picked":["Second Wind","Headbutt"],"picked":"Pummel","floor":1},{"not_picked":["Rage","Shrug It Off"],"picked":"Perfected Strike","floor":2},{"not_picked":["Blood for Blood","Dual Wield"],"picked":"Twin Strike","floor":7},{"not_picked":["Entrench","Thunderclap"],"picked":"Inflame","floor":10},{"not_picked":["Cleave","Armaments"],"picked":"Perfected Strike","floor":13},{"not_picked":["Inflame","Shrug It Off"],"picked":"Sword Boomerang","floor":14},{"not_picked":["Feed","Dark Embrace"],"picked":"Double Tap","floor":16},{"not_picked":["Iron Wave","Blood for Blood+1"],"picked":"Uppercut","floor":18},{"not_picked":["Clothesline","Thunderclap"],"picked":"Warcry","floor":19},{"not_picked":["True Grit","Impervious"],"picked":"Headbutt","floor":22},{"not_picked":["Corruption","Feel No Pain"],"picked":"Infernal Blade","floor":24},{"not_picked":["Ghostly Armor","Iron Wave+1","Perfected Strike"],"picked":"SKIP","floor":28},{"not_picked":["Inflame","Body Slam+1","Rage"],"picked":"SKIP","floor":31}],"player_experience":34167,"relics_obtained":[{"floor":9,"key":"Blood Vial"},{"floor":26,"key":"Bag of Marbles"}],"event_choices":[{"event_name":"Transmorgrifier","player_choice":"Transform","floor":3,"damage_taken":0},{"event_name":"Liars Game","player_choice":"agreed","floor":5,"damage_taken":0},{"event_name":"The Joust","player_choice":"Bet on Murderer","floor":20,"damage_taken":0},{"event_name":"Forgotten Altar","player_choice":"Shed Blood","floor":30,"damage_taken":0}],"boss_relics":[{"not_picked":["Black Star","Lizard Tail"],"picked":"Empty Cage"}],"items_purged_floors":[11,21,25],"is_endless":false,"potions_floor_spawned":[1,10,13,16,18,24,31],"killed_by":"Collector","ascension_level":0}