{"gold_per_floor":[10,10,25,25,74,74,92,17,17,31,31,44,44,62,62,181,181,195,213,113,113,28,28,41,57,57,57,72,72,72,86,86,215,215,235,36,56,56,56,56,76,76,76,97,0,0,19,32,32,32],"floor_reached":50,"playtime":1961,"items_purged":["Biased Cognition","Defend_B","Capacitor+1"],"score":486,"play_id":"ea0bb275-67d2-4a7c-996b-19c1efd640f0","local_time":"20180710100205","is_ascension_mode":false,"campfire_choices":[{"data":"Gash","floor":6,"key":"SMITH"},{"data":"Hologram","floor":11,"key":"SMITH"},{"data":"Skim","floor":13,"key":"SMITH"},{"floor":15,"key":"REST"},{"data":"Beam Cell","floor":23,"key":"SMITH"},{"floor":30,"key":"REST"},{"data":"Beam Cell","floor":32,"key":"SMITH"},{"data":"Steam Power","floor":40,"key":"SMITH"},{"data":"Bite","floor":42,"key":"SMITH"},{"floor":49,"key":"REST"}],"neow_cost":"NO_GOLD","seed_source_timestamp":1669468351938322,"circlet_count":0,"master_deck":["Zap+1","Gash+1","Hologram+1","Beam Cell+1","Skim+1","Beam Cell+1","FTL+1","Steam Power+1","Bite+1","Bite","Bite","Bite","Bite","Tempest+1","White Noise+1","Steam Power+1","Gash+1"],"relics":["Cracked Core","Golden Idol","Lantern","Darkstone Periapt","Orrery","Shuriken","Gambling Chip","Astrolabe","Gremlin Horn","Red Mask"],"potions_floor_usage":[16,18,24,31,33,33,37,50,50],"damage_taken":[{"damage":0,"enemies":"Small Slimes","floor":1,"turns":3},{"damage":7,"enemies":"2 Louse","floor":3,"turns":2},{"damage":0,"enemies":"Cultist","floor":7,"turns":3},{"damage":0,"enemies":"Looter","floor":10,"turns":3},{"damage":0,"enemies":"Blue Slaver","floor":12,"turns":2},{"damage":0,"enemies":"Red Slaver","floor":14,"turns":3},{"damage":52,"enemies":"The Guardian","floor":16,"turns":10},{"damage":7,"enemies":"Shell Parasite","floor":18,"turns":3},{"damage":0,"enemies":"3 Byrds","floor":19,"turns":5},{"damage":16,"enemies":"3 Cultists","floor":24,"turns":4},{"damage":10,"enemies":"Cultist and Chosen","floor":25,"turns":3},{"damage":10,"enemies":"Centurion and Healer","floor":28,"turns":3},{"damage":17,"enemies":"Sentry and Sphere","floor":31,"turns":4},{"damage":58,"enemies":"Collector","floor":33,"turns":7},{"damage":12,"enemies":"Orb Walker","floor":35,"turns":2},{"damage":5,"enemies":"3 Darklings","floor":37,"turns":2},{"damage":5,"enemies":"4 Shapes","floor":41,"turns":3},{"damage":34,"enemies":"Sphere and 2 Shapes","floor":44,"turns":2},{"damage":17,"enemies":"Maw","floor":47,"turns":4},{"damage":4,"enemies":"4 Shapes","floor":48,"turns":3},{"damage":80,"enemies":"Time Eater","floor":50,"turns":4}],"seed_played":"2535798644843078603","potions_obtained":[{"floor":10,"key":"Explosive Potion"},{"floor":16,"key":"Poison Potion"},{"floor":19,"key":"FocusPotion"},{"floor":25,"key":"SpeedPotion"},{"floor":28,"key":"Fire Potion"},{"floor":31,"key":"Fruit Juice"},{"floor":35,"key":"Energy Potion"},{"floor":44,"key":"SteroidPotion"},{"floor":48,"key":"Regen Potion"}],"is_trial":false,"path_per_floor":["M","?","M","?","T","R","M","$","T","M","R","M","R","M","R","B",null,"M","M","$","?","?","R","M","M","T","$","M","?","R","M","R","B",null,"M","$","M","?","?","R","M","R","T","M","?","$","M","M","R"],"character_chosen":"DEFECT","items_purchased":["Steam Power"],"campfire_rested":3,"item_purchase_floors":[36],"current_hp_per_floor":[75,60,53,35,35,35,35,35,35,35,35,35,35,35,57,5,75,68,68,68,68,68,68,52,42,42,42,32,32,47,41,41,10,57,45,45,50,50,50,50,52,52,52,26,26,26,22,27,44,0],"gold":32,"neow_bonus":"THREE_RARE_CARDS","is_prod":false,"is_daily":false,"chose_seed":false,"campfire_upgraded":7,"win_rate":0,"timestamp":1531231325,"path_taken":["M","?","M","?","?","R","?","$","T","M","R","M","R","M","R","BOSS","M","M","$","?","?","R","M","M","T","$","M","?","R","?","R","BOSS","M","$","M","?","?","R","M","R","T","M","?","$","M","M","R","BOSS"],"build_version":"2018-07-05","purchased_purges":3,"victory":false,"max_hp_per_floor":[75,75,75,75,75,75,75,75,75,75,75,75,75,75,75,75,75,75,75,75,75,75,75,75,75,75,75,75,52,52,52,52,57,57,57,57,57,57,57,57,57,57,57,57,57,57,57,57,57,57],"card_choices":[{"not_picked":["Machine Learning","Amplify"],"picked":"Biased Cognition","floor":0},{"not_picked":["Streamline","Compile Driver"],"picked":"Gash","floor":1},{"not_picked":["Compile Driver","Conserve Battery"],"picked":"Hologram","floor":3},{"not_picked":["Conserve Battery","Compile Driver","Capacitor"],"picked":"SKIP","floor":7},{"not_picked":["Darkness","Undo"],"picked":"Beam Cell","floor":10},{"not_picked":["Lockon","Leap"],"picked":"Skim","floor":12},{"not_picked":["Recycle","Ball Lightning","Double Energy"],"picked":"SKIP","floor":14},{"not_picked":["Coolheaded","Compile Driver"],"picked":"Beam Cell","floor":17},{"not_picked":["Hologram","Stack"],"picked":"FTL+1","floor":18},{"not_picked":["Redo","Chill+1","Recycle"],"picked":"SKIP","floor":19},{"not_picked":["Conserve Battery","Doom and Gloom","Turbo"],"picked":"SKIP","floor":24},{"not_picked":["Self Repair","Stack"],"picked":"Steam Power+1","floor":25},{"not_picked":["Go for the Eyes+1","Hologram","Doom and Gloom"],"picked":"SKIP","floor":28},{"not_picked":["Static Discharge","Reinforced Body","Defragment"],"picked":"SKIP","floor":31},{"not_picked":["Leap+1","Sweeping Beam+1","Go for the Eyes"],"picked":"SKIP","floor":35},{"not_picked":["White Noise","Coolheaded","Stack+1"],"picked":"SKIP","floor":37},{"not_picked":["Streamline+1","Hyperbeam","Ball Lightning"],"picked":"SKIP","floor":41},{"not_picked":["Go for the Eyes","Stack+1","Turbo+1"],"picked":"SKIP","floor":44},{"not_picked":["Steam+1","Blizzard+1","Ball Lightning"],"picked":"SKIP","floor":47},{"not_picked":["Glacier","Redo","Force Field+1"],"picked":"SKIP","floor":48}],"player_experience":173313,"relics_obtained":[{"floor":5,"key":"Lantern"},{"floor":9,"key":"Darkstone Periapt"},{"floor":26,"key":"Gambling Chip"},{"floor":43,"key":"Gremlin Horn"}],"event_choices":[{"event_name":"Shining Light","player_choice":"Entered Light","floor":2,"damage_taken":0},{"event_name":"Golden Idol","player_choice":"Take Damage","floor":4,"damage_taken":0},{"event_name":"Back to Basics","player_choice":"Elegance","floor":21,"damage_taken":0},{"event_name":"Addict","player_choice":"Obtained Relic","floor":22,"damage_taken":0},{"event_name":"Vampires","player_choice":"Became a vampire","floor":29,"damage_taken":0},{"event_name":"Duplicator","player_choice":"One dupe","floor":38,"damage_taken":0},{"event_name":"Mysterious Sphere","player_choice":"Ignore","floor":39,"damage_taken":0},{"event_name":"Tomb of Lord Red Mask","player_choice":"Paid","floor":45,"damage_taken":0}],"boss_relics":[{"not_picked":["Pandora\u0027s Box","Philosopher\u0027s Stone"],"picked":"Orrery"},{"not_picked":["Snecko Eye","Inserter"],"picked":"Astrolabe"}],"items_purged_floors":[8,20,36],"is_endless":false,"potions_floor_spawned":[10,16,19,25,28,31,35,44,48],"killed_by":"Time Eater","ascension_level":0}