{"gold_per_floor":[111,111,111,36,50,50,50,50,73,84,104,104,104,123,123,218,218,231,245,145,164,239,239,264,179,179,179,189,199,74,74,74,74],"floor_reached":33,"playtime":2771,"items_purged":["Defend_B","Defend_B","Defend_B"],"score":261,"play_id":"0f722265-9030-48a2-a9dc-bdd6090b55af","local_time":"20180801133829","is_ascension_mode":false,"campfire_choices":[{"data":"Zap","floor":6,"key":"SMITH"},{"data":"Strike_B","floor":8,"key":"SMITH"},{"floor":13,"key":"REST"},{"data":"Gash","floor":15,"key":"SMITH"},{"floor":23,"key":"REST"},{"floor":27,"key":"REST"},{"floor":32,"key":"REST"}],"neow_cost":"NONE","seed_source_timestamp":1832183102950720,"circlet_count":0,"master_deck":["Strike_B+1","Strike_B+1","Strike_B+1","Strike_B+1","Defend_B","Zap+1","Dualcast","Gash+1","Gash","Gash","Seek","Scrape","Scrape"],"relics":["Cracked Core","Orichalcum","Whetstone","Dream Catcher","Sozu","Happy Flower","Kunai","Du-Vu Doll"],"potions_floor_usage":[31,33,33],"damage_taken":[{"damage":6,"enemies":"Jaw Worm","floor":1,"turns":3},{"damage":1,"enemies":"Cultist","floor":3,"turns":3},{"damage":1,"enemies":"2 Louse","floor":5,"turns":2},{"damage":5,"enemies":"Lots of Slimes","floor":7,"turns":3},{"damage":14,"enemies":"Exordium Thugs","floor":10,"turns":3},{"damage":9,"enemies":"Blue Slaver","floor":11,"turns":3},{"damage":3,"enemies":"2 Fungi Beasts","floor":14,"turns":2},{"damage":13,"enemies":"Slime Boss","floor":16,"turns":7},{"damage":4,"enemies":"Spheric Guardian","floor":18,"turns":3},{"damage":10,"enemies":"3 Byrds","floor":19,"turns":4},{"damage":31,"enemies":"Snake Plant","floor":21,"turns":3},{"damage":36,"enemies":"Slavers","floor":24,"turns":4},{"damage":6,"enemies":"Centurion and Healer","floor":28,"turns":5},{"damage":8,"enemies":"3 Cultists","floor":29,"turns":4},{"damage":0,"enemies":"Snake Plant","floor":31,"turns":1},{"damage":63,"enemies":"Automaton","floor":33,"turns":6}],"seed_played":"-8006757081611703337","potions_obtained":[{"floor":5,"key":"FocusPotion"},{"floor":10,"key":"SmokeBomb"},{"floor":14,"key":"SkillPotion"}],"is_trial":false,"path_per_floor":["M","?","M","$","M","R","M","R","T","M","M","?","R","M","R","B",null,"M","M","$","M","?","R","E","?","T","R","M","M","$","M","R"],"character_chosen":"DEFECT","items_purchased":[],"campfire_rested":4,"item_purchase_floors":[],"current_hp_per_floor":[69,69,68,68,67,67,62,62,62,48,39,39,61,58,58,45,75,71,61,61,30,23,45,9,9,9,31,25,17,17,17,39,0],"gold":74,"neow_bonus":"RANDOM_COMMON_RELIC","is_prod":false,"is_daily":false,"chose_seed":false,"campfire_upgraded":3,"win_rate":0,"timestamp":1533145109,"path_taken":["M","?","M","$","?","R","M","R","T","M","M","?","R","M","R","BOSS","M","M","$","M","?","R","E","?","T","R","M","M","$","M","R","BOSS"],"build_version":"2018-07-26","purchased_purges":3,"victory":false,"max_hp_per_floor":[75,75,75,75,75,75,75,75,75,75,75,75,75,75,75,75,75,75,75,75,75,75,75,75,75,75,75,75,75,75,75,75,75],"card_choices":[{"not_picked":["Go for the Eyes","Ball Lightning","Tempest"],"picked":"SKIP","floor":1},{"not_picked":["Steam","Stack","Rip and Tear"],"picked":"SKIP","floor":3},{"not_picked":["Melter","White Noise","Rebound"],"picked":"SKIP","floor":5},{"not_picked":["Redo","Hologram","Defragment"],"picked":"SKIP","floor":7},{"not_picked":["Sweeping Beam","All For One"],"picked":"Gash","floor":10},{"not_picked":["Conserve Battery","Chaos"],"picked":"Gash","floor":11},{"not_picked":["Leap","Self Repair"],"picked":"Gash","floor":14},{"not_picked":["Amplify","Buffer"],"picked":"Seek","floor":16},{"not_picked":["Turbo","Compile Driver+1"],"picked":"Scrape","floor":18},{"not_picked":["BootSequence","Stack"],"picked":"Scrape","floor":19},{"not_picked":["Conserve Battery","Redo+1","Steam"],"picked":"SKIP","floor":21},{"not_picked":["Rainbow","Fusion+1","Ball Lightning"],"picked":"SKIP","floor":24},{"not_picked":["Go for the Eyes","Recycle+1","Redo"],"picked":"SKIP","floor":28},{"not_picked":["Chill","Go for the Eyes","Chaos"],"picked":"SKIP","floor":29}],"player_experience":310836,"relics_obtained":[{"floor":9,"key":"Whetstone"},{"floor":24,"key":"Happy Flower"},{"floor":26,"key":"Du-Vu Doll"}],"event_choices":[{"event_name":"Upgrade Shrine","player_choice":"Upgraded","floor":2,"damage_taken":0},{"event_name":"WeMeetAgain","player_choice":"Potion","floor":12,"damage_taken":0},{"event_name":"FaceTrader","player_choice":"Touch","floor":22,"damage_taken":0},{"event_name":"Addict","player_choice":"Obtained Relic","floor":25,"damage_taken":0}],"is_beta":false,"boss_relics":[{"not_picked":["Calling Bell","Eternal Feather"],"picked":"Sozu"}],"items_purged_floors":[4,20,30],"is_endless":false,"potions_floor_spawned":[3,5,10,14,19,21,31],"killed_by":"Automaton","ascension_level":0}