{"gold_per_floor":[10,29,29,29,46,46,64,64,140,150,178,189,204,221,221,318,318,334,1,1,1,101,101,113,113],"floor_reached":25,"playtime":2427,"items_purged":[],"score":230,"play_id":"3342ed20-8e15-47fa-8de1-0209b9f23c9f","local_time":"20190329212149","is_ascension_mode":false,"campfire_choices":[{"data":"Neutralize","floor":6,"key":"SMITH"},{"data":"Sucker Punch","floor":8,"key":"SMITH"},{"data":"Footwork","floor":15,"key":"SMITH"},{"data":"Doppelganger","floor":23,"key":"SMITH"}],"neow_cost":"NO_GOLD","seed_source_timestamp":330314958534756,"circlet_count":0,"master_deck":["Defend_G+1","Defend_G","Defend_G","Defend_G","Defend_G+1","Strike_G","Strike_G","Strike_G","Strike_G","Strike_G","Survivor","Neutralize+1","Sucker Punch+1","Dagger Spray","Flying Knee","Cloak And Dagger","Unload","Acrobatics","Dodge and Roll","Leg Sweep","Footwork+1","Doppelganger+1","Well Laid Plans"],"relics":["Ring of the Snake","War Paint","Bottled Flame","Smiling Mask","Busted Crown","Paper Crane","Incense Burner","Frozen Egg 2"],"potions_floor_usage":[7,11,22,22,25],"damage_taken":[{"damage":5,"enemies":"Jaw Worm","floor":1,"turns":5},{"damage":2,"enemies":"Small Slimes","floor":2,"turns":5},{"damage":0,"enemies":"Cultist","floor":5,"turns":4},{"damage":0,"enemies":"Gremlin Gang","floor":7,"turns":2},{"damage":1,"enemies":"3 Louse","floor":10,"turns":4},{"damage":14,"enemies":"Gremlin Nob","floor":11,"turns":4},{"damage":0,"enemies":"Looter","floor":12,"turns":2},{"damage":0,"enemies":"Exordium Thugs","floor":13,"turns":4},{"damage":0,"enemies":"Blue Slaver","floor":14,"turns":4},{"damage":3,"enemies":"The Guardian","floor":16,"turns":16},{"damage":0,"enemies":"3 Byrds","floor":18,"turns":4},{"damage":0,"enemies":"Colosseum Slavers","floor":22,"turns":5},{"damage":19,"enemies":"Colosseum Nobs","floor":22,"turns":7},{"damage":0,"enemies":"Chosen","floor":24,"turns":6},{"damage":56,"enemies":"Gremlin Leader","floor":25,"turns":11}],"seed_played":"-6575505061608584352","potions_obtained":[{"floor":5,"key":"Explosive Potion"},{"floor":10,"key":"Energy Potion"},{"floor":11,"key":"GhostInAJar"},{"floor":18,"key":"Dexterity Potion"},{"floor":24,"key":"Poison Potion"}],"is_trial":false,"path_per_floor":["?","?","M","M","?","?","?","M"],"character_chosen":"THE_SILENT","items_purchased":["Paper Crane","Well Laid Plans"],"campfire_rested":0,"item_purchase_floors":[19,19],"current_hp_per_floor":[79,77,82,82,82,82,82,82,82,81,67,67,67,67,67,64,89,89,89,89,72,53,53,53,0],"gold":113,"neow_bonus":"TWENTY_PERCENT_HP_BONUS","is_prod":false,"is_daily":false,"chose_seed":false,"campfire_upgraded":4,"win_rate":0,"timestamp":1553905309,"path_taken":["M","M","?","?","M","R","M","R","T","?","E","?","M","M","R","BOSS","M","$","?","?","?","R","?","E"],"build_version":"2019-01-23","purchased_purges":0,"victory":false,"max_hp_per_floor":[84,84,89,89,89,89,89,89,89,89,89,89,89,89,89,89,89,89,89,89,94,94,94,94,94],"card_choices":[{"not_picked":["Bane","Setup"],"picked":"Sucker Punch","floor":1},{"not_picked":["Backflip","Heel Hook"],"picked":"Dagger Spray","floor":2},{"not_picked":["Deadly Poison","Riddle With Holes"],"picked":"Flying Knee","floor":5},{"not_picked":["Bane","Dodge and Roll"],"picked":"Cloak And Dagger","floor":7},{"not_picked":["Outmaneuver","Bane"],"picked":"Unload","floor":10},{"not_picked":["Quick Slash","Slice"],"picked":"Acrobatics","floor":11},{"not_picked":["Predator","Deflect"],"picked":"Dodge and Roll","floor":12},{"not_picked":["Quick Slash","Distraction"],"picked":"Leg Sweep","floor":13},{"not_picked":["Dodge and Roll","Backstab"],"picked":"Footwork","floor":14},{"not_picked":["Grand Finale","Burst"],"picked":"Doppelganger","floor":16},{"not_picked":["Finisher"],"picked":"SKIP","floor":18},{"not_picked":["Underhanded Strike"],"picked":"SKIP","floor":24}],"player_experience":498408,"relics_obtained":[{"floor":4,"key":"War Paint"},{"floor":9,"key":"Bottled Flame"},{"floor":11,"key":"Smiling Mask"},{"floor":22,"key":"Incense Burner"},{"floor":22,"key":"Frozen Egg 2"}],"event_choices":[{"damage_healed":0,"gold_gain":0,"player_choice":"Donut","damage_taken":0,"max_hp_gain":5,"max_hp_loss":0,"event_name":"Big Fish","floor":3,"gold_loss":0},{"damage_healed":0,"gold_gain":0,"player_choice":"Relic","damage_taken":0,"max_hp_gain":0,"max_hp_loss":0,"event_name":"Wheel of Change","floor":4,"gold_loss":0},{"damage_healed":0,"gold_gain":0,"player_choice":"Ignored","damage_taken":0,"max_hp_gain":0,"max_hp_loss":0,"event_name":"The Mausoleum","floor":20,"gold_loss":0},{"damage_healed":0,"gold_gain":0,"player_choice":"Shed Blood","damage_taken":22,"max_hp_gain":5,"max_hp_loss":0,"event_name":"Forgotten Altar","floor":21,"gold_loss":0},{"damage_healed":0,"gold_gain":0,"player_choice":"Fight","damage_taken":0,"max_hp_gain":0,"max_hp_loss":0,"event_name":"Colosseum","floor":22,"gold_loss":0},{"damage_healed":0,"gold_gain":0,"player_choice":"Fought Nobs","damage_taken":0,"max_hp_gain":0,"max_hp_loss":0,"event_name":"Colosseum","floor":22,"gold_loss":0}],"is_beta":false,"boss_relics":[{"not_picked":["White Beast Statue","WristBlade"],"picked":"Busted Crown"}],"items_purged_floors":[],"is_endless":false,"potions_floor_spawned":[5,10,11,18,24],"killed_by":"Gremlin Leader","ascension_level":0}