{"gold_per_floor":[119,69,144,144,94,135,135,176,176,176,176,41,41,56,56,181,181,202,218,231,30,53,53,53],"floor_reached":24,"playtime":3332,"items_purged":[],"score":290,"play_id":"d0a23299-910a-48fa-83fd-6102c729a008","local_time":"20190324221953","is_ascension_mode":true,"campfire_choices":[{"data":"1","floor":7.0,"key":"LIFT"},{"data":"Creative AI","floor":11.0,"key":"SMITH"},{"floor":15.0,"key":"REST"},{"data":"Defragment","floor":23,"key":"SMITH"}],"neow_cost":"NONE","seed_source_timestamp":0,"circlet_count":0,"master_deck":["Strike_B","Strike_B","Strike_B","Defend_B","Defend_B","Defend_B","Zap","Dualcast","Ball Lightning","Leap","Creative AI+1","Conserve Battery","Reinforced Body","Ball Lightning","Amplify","Self Repair","Ball Lightning","Defragment+1"],"special_seed":0,"relics":["Cracked Core","NeowsBlessing","Golden Idol","Girya","Pocketwatch","The Courier","Dream Catcher","Velvet Choker","Membership Card"],"potions_floor_usage":[24],"damage_taken":[{"damage":0.0,"enemies":"Cultist","floor":1.0,"turns":1.0},{"damage":0.0,"enemies":"Gremlin Nob","floor":6.0,"turns":1.0},{"damage":0.0,"enemies":"3 Sentries","floor":8.0,"turns":1.0},{"damage":5.0,"enemies":"Jaw Worm","floor":14.0,"turns":2.0},{"damage":29.0,"enemies":"Hexaghost","floor":16.0,"turns":8.0},{"damage":18.0,"enemies":"Shell Parasite","floor":18.0,"turns":6.0},{"damage":2.0,"enemies":"Chosen","floor":19.0,"turns":5.0},{"damage":8.0,"enemies":"3 Cultists","floor":20.0,"turns":4.0},{"damage":28,"enemies":"Snecko","floor":22,"turns":5},{"damage":53,"enemies":"Slavers","floor":24,"turns":4}],"seed_played":"-5346988983890855697","potions_obtained":[{"floor":8.0,"key":"SpeedPotion"},{"floor":14.0,"key":"FearPotion"},{"floor":20.0,"key":"SneckoOil"}],"is_trial":false,"path_per_floor":["?","?","?","$","?","M"],"character_chosen":"DEFECT","items_purchased":["Leap","Conserve Battery","Dream Catcher","Membership Card","Defragment"],"campfire_rested":1,"item_purchase_floors":[5,12,12,21,21],"current_hp_per_floor":[75,75,64,46,46,46,46,46,46,46,46,46,46,41,63,34,75,57,69,68,68,47,47,0],"gold":53,"neow_bonus":"THREE_ENEMY_KILL","is_prod":false,"is_daily":false,"chose_seed":false,"campfire_upgraded":2,"win_rate":0,"timestamp":1553480393,"path_taken":["M","?","?","?","$","E","R","E","T","?","R","$","?","M","R","BOSS","M","M","M","$","?","R","E"],"build_version":"2019-01-23","purchased_purges":0,"victory":false,"max_hp_per_floor":[75,75,75,75,75,75,75,75,75,75,75,75,75,75,75,75,75,75,75,75,75,75,75,75],"card_choices":[{"not_picked":["Redo","Sweeping Beam"],"picked":"Ball Lightning","floor":1.0},{"not_picked":["Turbo","Coolheaded","Steam Power"],"picked":"SKIP","floor":6.0},{"not_picked":["Barrage","Turbo"],"picked":"Creative AI","floor":8.0},{"not_picked":["Streamline","Rip and Tear"],"picked":"Reinforced Body","floor":14.0},{"not_picked":["Sweeping Beam","Gash"],"picked":"Ball Lightning","floor":15.0},{"not_picked":["Multi-Cast","Seek"],"picked":"Amplify","floor":16.0},{"not_picked":["Coolheaded","Ball Lightning"],"picked":"Self Repair","floor":18.0},{"not_picked":["Darkness","Blizzard"],"picked":"Ball Lightning","floor":19.0},{"not_picked":["Chill","Coolheaded+1","Stack"],"picked":"SKIP","floor":20.0},{"not_picked":["Rebound+1","Scrape","Genetic Algorithm"],"picked":"SKIP","floor":22}],"player_experience":257765,"relics_obtained":[{"floor":6.0,"key":"Girya"},{"floor":8.0,"key":"Pocketwatch"},{"floor":9.0,"key":"The Courier"}],"event_choices":[{"cards_removed":["Strike_B"],"damage_healed":0.0,"max_hp_gain":0.0,"max_hp_loss":0.0,"gold_gain":0.0,"event_name":"The Cleric","player_choice":"Card Removal","floor":2.0,"gold_loss":50.0,"damage_taken":0.0},{"damage_healed":0.0,"max_hp_gain":0.0,"max_hp_loss":0.0,"gold_gain":75.0,"event_name":"World of Goop","player_choice":"Gather Gold","floor":3.0,"gold_loss":0.0,"damage_taken":11.0},{"damage_healed":0.0,"max_hp_gain":0.0,"max_hp_loss":0.0,"gold_gain":0.0,"event_name":"Golden Idol","player_choice":"Take Damage","floor":4.0,"gold_loss":0.0,"damage_taken":18.0,"relics_obtained":["Golden Idol"]},{"cards_removed":["Defend_B"],"damage_healed":0.0,"max_hp_gain":0.0,"max_hp_loss":0.0,"gold_gain":0.0,"event_name":"Bonfire Elementals","player_choice":"Offered Basic","floor":13.0,"gold_loss":0.0,"damage_taken":0.0}],"is_beta":false,"boss_relics":[{"not_picked":["Orrery","Coffee Dripper"],"picked":"Velvet Choker"}],"items_purged_floors":[],"is_endless":false,"potions_floor_spawned":[8,14,20],"killed_by":"Slavers","ascension_level":3}