{"gold_per_floor":[112,129,54,66,66,93,108,108,108,138,155,2,2,22,22,148,148,167,185,284,308,183,183,33,52,98,58,81,81,81,105,105,105],"floor_reached":33,"playtime":1764,"items_purged":["Defend_G","Defend_G","Strike_G","Strike_G"],"score":249,"play_id":"7475b993-7713-42a4-aa12-8e6987d3bbba","local_time":"20180711010650","is_ascension_mode":false,"campfire_choices":[{"data":"Blade Dance","floor":8,"key":"SMITH"},{"data":"Cloak And Dagger","floor":15,"key":"SMITH"},{"data":"Terror","floor":23,"key":"SMITH"},{"floor":29,"key":"REST"},{"data":"Quick Slash","floor":32,"key":"SMITH"}],"neow_cost":"NONE","seed_source_timestamp":1723951077420778,"circlet_count":0,"master_deck":["Defend_G","Defend_G","Strike_G","Strike_G","Survivor","Neutralize","Quick Slash+1","Backstab","Quick Slash","Blade Dance+1","Cloak And Dagger+1","Acrobatics","Terror+1","Flying Knee"],"relics":["Sozu","Calipers","Thread and Needle","Golden Idol","Empty Cage","Pen Nib"],"potions_floor_usage":[],"damage_taken":[{"damage":0,"enemies":"2 Louse","floor":1,"turns":2},{"damage":1,"enemies":"Jaw Worm","floor":2,"turns":3},{"damage":0,"enemies":"Cultist","floor":4,"turns":3},{"damage":21,"enemies":"Lagavulin","floor":6,"turns":8},{"damage":5,"enemies":"Large Slime","floor":7,"turns":5},{"damage":0,"enemies":"Exordium Thugs","floor":11,"turns":3},{"damage":0,"enemies":"Looter","floor":14,"turns":3},{"damage":31,"enemies":"Hexaghost","floor":16,"turns":13},{"damage":9,"enemies":"2 Thieves","floor":18,"turns":4},{"damage":0,"enemies":"Shell Parasite","floor":19,"turns":4},{"damage":16,"enemies":"Snake Plant","floor":21,"turns":4},{"damage":1,"enemies":"Snecko","floor":25,"turns":4},{"damage":8,"enemies":"Centurion and Healer","floor":28,"turns":4},{"damage":0,"enemies":"Cultist and Chosen","floor":31,"turns":6},{"damage":80,"enemies":"Champ","floor":33,"turns":12}],"seed_played":"1956566414982917058","potions_obtained":[],"is_trial":false,"path_per_floor":["M","M","$","M","$","E","M","R","T","?","M","$","?","M","R","B",null,"M","M","?","M","$","R","$","M","T","?","M","R","?","M","R"],"character_chosen":"THE_SILENT","items_purchased":["Cloak And Dagger"],"campfire_rested":1,"item_purchase_floors":[12],"current_hp_per_floor":[70,69,69,69,69,48,43,43,43,43,43,43,43,43,43,12,65,56,56,56,40,40,40,40,39,39,39,31,50,65,65,65,0],"gold":105,"neow_bonus":"BOSS_RELIC","is_prod":false,"is_daily":false,"chose_seed":false,"campfire_upgraded":4,"win_rate":0,"timestamp":1531285610,"path_taken":["M","M","$","M","$","E","M","R","T","?","M","?","?","?","R","BOSS","M","M","?","M","$","R","?","M","T","?","M","R","?","M","R","BOSS"],"build_version":"2018-07-05","purchased_purges":4,"victory":false,"max_hp_per_floor":[70,70,70,70,70,70,70,70,70,70,70,70,65,65,65,65,65,65,65,65,65,65,65,65,65,65,65,65,65,65,65,65,65],"card_choices":[{"not_picked":["Masterful Stab","Poisoned Stab"],"picked":"Quick Slash","floor":1},{"not_picked":["Dodge and Roll","Bane"],"picked":"Backstab","floor":2},{"not_picked":["Slice","Eviscerate","Malaise"],"picked":"SKIP","floor":4},{"not_picked":["Eviscerate","Slice"],"picked":"Quick Slash","floor":6},{"not_picked":["Deflect","Reflex"],"picked":"Blade Dance","floor":7},{"not_picked":["Blur","Poisoned Stab","Dagger Spray"],"picked":"SKIP","floor":11},{"not_picked":["Predator","PiercingWail"],"picked":"Acrobatics","floor":14},{"not_picked":["Acrobatics","Dodge and Roll","Caltrops+1"],"picked":"SKIP","floor":18},{"not_picked":["Endless Agony+1","Deadly Poison+1"],"picked":"Terror","floor":19},{"not_picked":["Reflex","Bane"],"picked":"Flying Knee","floor":21},{"not_picked":["PiercingWail","Dodge and Roll","Escape Plan+1"],"picked":"SKIP","floor":25},{"not_picked":["Terror","Prepared+1","Underhanded Strike"],"picked":"SKIP","floor":28},{"not_picked":["Outmaneuver","Slice","Deadly Poison+1"],"picked":"SKIP","floor":31}],"player_experience":203908,"relics_obtained":[{"floor":6,"key":"Calipers"},{"floor":9,"key":"Thread and Needle"},{"floor":26,"key":"Pen Nib"}],"event_choices":[{"event_name":"Dead Adventurer","player_choice":"Searched \u00271\u0027 times","floor":10,"damage_taken":0},{"event_name":"Golden Idol","player_choice":"Lose Max HP","floor":13,"damage_taken":0},{"event_name":"Nest","player_choice":"Stole From Cult","floor":20,"damage_taken":0},{"event_name":"The Woman in Blue","player_choice":"Bought 3 Potions","floor":27,"damage_taken":0},{"event_name":"The Library","player_choice":"Heal","floor":30,"damage_taken":0}],"boss_relics":[{"not_picked":["Eternal Feather","Coffee Dripper"],"picked":"Empty Cage"}],"items_purged_floors":[3,12,22,24],"is_endless":false,"potions_floor_spawned":[1,11,14,21,25],"killed_by":"Champ","ascension_level":0}