{"gold_per_floor":[109,109,127,141,161,189,189,44,44,61,94,94,113,136,136,264,264,283,283,308,115,139,139,163,206,233,257,257,75,75,75,75,198,198,222,222,245,245,75,75,114,114,184,184,8,33,46,115,115,115,115,115,15,54,54],"floor_reached":55,"playtime":3418,"items_purged":["Strike_G","Writhe","Decay"],"score":774,"play_id":"9985a1b0-0a8e-4b88-93c9-48490679fbc7","local_time":"20190329011524","is_ascension_mode":true,"campfire_choices":[{"data":"Cloak And Dagger","floor":7.0,"key":"SMITH"},{"data":"Footwork","floor":15.0,"key":"SMITH"},{"data":"Neutralize","floor":23.0,"key":"SMITH"},{"floor":32.0,"key":"REST"},{"floor":40.0,"key":"RECALL"},{"floor":42.0,"key":"REST"},{"data":"Noxious Fumes","floor":44.0,"key":"SMITH"},{"floor":49.0,"key":"REST"},{"data":"Noxious Fumes","floor":52.0,"key":"SMITH"}],"neow_cost":"NONE","seed_source_timestamp":8213911697995211,"circlet_count":0,"master_deck":["Defend_G","Defend_G","Defend_G","Defend_G","Strike_G","Strike_G","Survivor","Neutralize+1","Well Laid Plans+1","Flechettes+1","Cloak And Dagger+1","Cloak And Dagger","Backflip","Skewer","Backstab","Footwork+1","Bouncing Flask+1","Deflect+1","Acrobatics+1","Escape Plan+1","Malaise+1","Caltrops+1","Footwork","Catalyst+1","Adrenaline+1","Noxious Fumes+1","Noxious Fumes+1"],"special_seed":0,"relics":["Astrolabe","Sundial","Toxic Egg 2","Molten Egg 2","Golden Idol","Velvet Choker","Sling","Anchor","Regal Pillow","Blood Vial","Cursed Key","Potion Belt","The Courier","Centennial Puzzle","Tough Bandages","Bronze Scales"],"potions_floor_usage":[55],"damage_taken":[{"damage":0.0,"enemies":"Small Slimes","floor":1.0,"turns":3.0},{"damage":0.0,"enemies":"Cultist","floor":3.0,"turns":3.0},{"damage":3.0,"enemies":"2 Louse","floor":4.0,"turns":2.0},{"damage":3.0,"enemies":"Red Slaver","floor":5.0,"turns":4.0},{"damage":21.0,"enemies":"Gremlin Nob","floor":6.0,"turns":4.0},{"damage":0.0,"enemies":"Exordium Wildlife","floor":10.0,"turns":4.0},{"damage":0.0,"enemies":"3 Sentries","floor":11.0,"turns":9.0},{"damage":0.0,"enemies":"2 Fungi Beasts","floor":13.0,"turns":4.0},{"damage":0.0,"enemies":"Exordium Thugs","floor":14.0,"turns":2.0},{"damage":8.0,"enemies":"The Guardian","floor":16.0,"turns":8.0},{"damage":10.0,"enemies":"Spheric Guardian","floor":18.0,"turns":4.0},{"damage":1.0,"enemies":"Chosen","floor":20.0,"turns":5.0},{"damage":14.0,"enemies":"Shelled Parasite and Fungi","floor":22.0,"turns":5.0},{"damage":20.0,"enemies":"Centurion and Healer","floor":24.0,"turns":7.0},{"damage":19.0,"enemies":"Slavers","floor":25.0,"turns":6.0},{"damage":12.0,"enemies":"Snake Plant","floor":27.0,"turns":4.0},{"damage":2.0,"enemies":"Champ","floor":33.0,"turns":11.0},{"damage":0.0,"enemies":"Orb Walker","floor":35.0,"turns":3.0},{"damage":14.0,"enemies":"3 Darklings","floor":37.0,"turns":5.0},{"damage":0.0,"enemies":"4 Shapes","floor":38.0,"turns":1.0},{"damage":35.0,"enemies":"Nemesis","floor":41.0,"turns":7.0},{"damage":3.0,"enemies":"Spire Growth","floor":46.0,"turns":5.0},{"damage":36.0,"enemies":"3 Darklings","floor":47.0,"turns":5.0},{"damage":34.0,"enemies":"2 Orb Walkers","floor":48.0,"turns":5.0},{"damage":43.0,"enemies":"Donu and Deca","floor":50.0,"turns":9.0},{"damage":29,"enemies":"Shield and Spear","floor":54,"turns":9},{"damage":54,"enemies":"The Heart","floor":55,"turns":8}],"seed_played":"6601687226039041947","potions_obtained":[{"floor":1.0,"key":"Energy Potion"},{"floor":5.0,"key":"Block Potion"},{"floor":10.0,"key":"Ancient Potion"},{"floor":16.0,"key":"SteroidPotion"},{"floor":20.0,"key":"Weak Potion"},{"floor":24.0,"key":"Ancient Potion"},{"floor":37.0,"key":"SmokeBomb"},{"floor":48.0,"key":"FearPotion"},{"floor":54,"key":"Block Potion"}],"is_trial":false,"path_per_floor":["M","?","M","M","M","E","R","$","T","M","E","?","M","M","R","B",null,"M","?","M","$","M","R","M","E","T","M","?","$","$","?","R","B",null,"M","?","M","M","$","R","E","R","T","R","$","M","M","?","R","B",null,"R","$","E","B"],"character_chosen":"THE_SILENT","items_purchased":["Footwork","Sling","Regal Pillow","Catalyst+1","Noxious Fumes","Centennial Puzzle","Noxious Fumes"],"campfire_rested":3,"item_purchase_floors":[8,21,29,29,39,45,45],"current_hp_per_floor":[70,80,80,77,74,53,53,53,53,53,53,53,53,53,53,45,80,70,70,69,69,55,55,35,16,16,4,4,4,4,4,43,43,80,80,80,66,68,68,68,35,74,74,74,74,73,39,7,46,5,80,80,80,51,0],"gold":54,"neow_bonus":"BOSS_RELIC","is_prod":false,"is_daily":false,"chose_seed":false,"campfire_upgraded":5,"win_rate":0,"timestamp":1553836524,"path_taken":["M","?","M","M","M","E","R","$","T","?","E","?","M","M","R","BOSS","M","?","M","$","?","R","M","E","T","M","?","?","$","?","R","BOSS","M","?","M","M","$","R","E","R","T","R","$","M","?","?","R","BOSS","R","$","E","BOSS"],"build_version":"2019-01-23","purchased_purges":3,"victory":false,"max_hp_per_floor":[70,80,80,80,80,80,80,80,80,80,80,80,80,80,80,80,80,80,80,80,80,80,80,80,80,80,80,80,80,80,80,80,80,80,80,80,80,80,80,80,80,80,80,80,80,80,80,80,80,80,80,80,80,80,80],"card_choices":[{"not_picked":["Setup","Dagger Spray"],"picked":"Cloak And Dagger","floor":1.0},{"not_picked":["Distraction","Deadly Poison"],"picked":"Cloak And Dagger","floor":3.0},{"not_picked":["Blade Dance","Prepared"],"picked":"Backflip","floor":4.0},{"not_picked":["Dagger Throw","Underhanded Strike"],"picked":"Skewer","floor":5.0},{"not_picked":["Distraction","Tactician"],"picked":"Backstab","floor":6.0},{"not_picked":["Quick Slash","After Image"],"picked":"Bouncing Flask+1","floor":10.0},{"not_picked":["Underhanded Strike","Concentrate+1"],"picked":"Deflect+1","floor":11.0},{"not_picked":["Dodge and Roll+1","Quick Slash+1"],"picked":"Acrobatics+1","floor":13.0},{"not_picked":["Quick Slash+1","Dodge and Roll+1"],"picked":"Escape Plan+1","floor":14.0},{"not_picked":["Wraith Form v2","After Image"],"picked":"Malaise+1","floor":16.0},{"not_picked":["Dagger Throw+1","Slice+1"],"picked":"Caltrops+1","floor":18.0},{"not_picked":["Dodge and Roll+1","Deflect+1","Blade Dance+1"],"picked":"SKIP","floor":20.0},{"not_picked":["Escape Plan+1","Quick Slash+1","Prepared+1"],"picked":"SKIP","floor":22.0},{"not_picked":["Cloak And Dagger+1","Deadly Poison+1","Outmaneuver+1"],"picked":"SKIP","floor":24.0},{"not_picked":["Storm of Steel+1","Cloak And Dagger+1"],"picked":"Footwork","floor":25.0},{"not_picked":["Cloak And Dagger+1","Prepared+1","Tactician+1"],"picked":"SKIP","floor":27.0},{"not_picked":["Grand Finale+1","Glass Knife+1"],"picked":"Adrenaline+1","floor":33.0},{"not_picked":["Outmaneuver+1","Footwork","Cloak And Dagger+1"],"picked":"SKIP","floor":35.0},{"not_picked":["Expertise+1","Slice+1","Dodge and Roll+1"],"picked":"SKIP","floor":37.0},{"not_picked":["Blade Dance+1","Flying Knee+1","Cloak And Dagger+1"],"picked":"SKIP","floor":41.0},{"not_picked":["Dagger Throw+1","All Out Attack+1","Dagger Spray+1"],"picked":"SKIP","floor":46.0},{"not_picked":["Backflip+1","Deflect+1","Acrobatics+1"],"picked":"SKIP","floor":47.0},{"not_picked":["Unload+1","Underhanded Strike+1","Poisoned Stab+1"],"picked":"SKIP","floor":54}],"player_experience":595166,"relics_obtained":[{"floor":6.0,"key":"Sundial"},{"floor":9.0,"key":"Toxic Egg 2"},{"floor":11.0,"key":"Molten Egg 2"},{"floor":25.0,"key":"Anchor"},{"floor":41.0,"key":"Potion Belt"},{"floor":43.0,"key":"The Courier"},{"floor":48.0,"key":"Tough Bandages"},{"floor":54,"key":"Bronze Scales"}],"event_choices":[{"cards_removed":["Doppelganger"],"damage_healed":0.0,"max_hp_gain":10.0,"max_hp_loss":0.0,"gold_gain":0.0,"event_name":"Bonfire Elementals","player_choice":"Offered Rare","floor":2.0,"gold_loss":0.0,"damage_taken":0.0},{"damage_healed":0.0,"max_hp_gain":0.0,"max_hp_loss":0.0,"gold_gain":0.0,"event_name":"Golden Idol","player_choice":"Take Wound","floor":12.0,"gold_loss":0.0,"damage_taken":0.0,"relics_obtained":["Golden Idol"],"cards_obtained":["Injury"]},{"cards_removed":["Injury"],"damage_healed":0.0,"max_hp_gain":0.0,"max_hp_loss":0.0,"gold_gain":0.0,"event_name":"Purifier","player_choice":"Purged","floor":19.0,"gold_loss":0.0,"damage_taken":0.0},{"damage_healed":0.0,"max_hp_gain":0.0,"max_hp_loss":0.0,"gold_gain":0.0,"event_name":"Ghosts","player_choice":"Ignored","floor":28.0,"gold_loss":0.0,"damage_taken":0.0},{"damage_healed":0.0,"max_hp_gain":0.0,"max_hp_loss":0.0,"gold_gain":0.0,"event_name":"The Mausoleum","player_choice":"Opened","floor":31.0,"gold_loss":0.0,"damage_taken":0.0,"relics_obtained":["Blood Vial"],"cards_obtained":["Writhe"]},{"damage_healed":0.0,"max_hp_gain":0.0,"max_hp_loss":0.0,"gold_gain":0.0,"event_name":"SecretPortal","player_choice":"Ignored","floor":36.0,"gold_loss":0.0,"damage_taken":0.0},{"damage_healed":0.0,"max_hp_gain":0.0,"max_hp_loss":0.0,"gold_gain":0.0,"event_name":"Mysterious Sphere","player_choice":"Fight","floor":48.0,"gold_loss":0.0,"damage_taken":0.0}],"is_beta":false,"boss_relics":[{"not_picked":["Coffee Dripper","Eternal Feather"],"picked":"Velvet Choker"},{"not_picked":["Calling Bell","Empty Cage"],"picked":"Cursed Key"}],"items_purged_floors":[8,39,53],"is_endless":false,"potions_floor_spawned":[1,5,10,13,16,20,24,37,38,48,54],"killed_by":"The Heart","ascension_level":2}