{"gold_per_floor":[113,14,24,24,40,40,56,6,59,76,76,96,109,124,124,229,229,247,261,161,180,2,36,48,48],"floor_reached":25,"playtime":892,"items_purged":["Defend_R","Defend_R","Wild Strike"],"score":268,"play_id":"d1d72515-6bd9-49de-ae52-5de432e47ec8","local_time":"20180926163750","is_ascension_mode":true,"campfire_choices":[{"data":"Perfected Strike","floor":6,"key":"SMITH"},{"floor":15,"key":"REST"}],"neow_cost":"NONE","seed_source_timestamp":451436014593539,"circlet_count":0,"master_deck":["Strike_R","Strike_R","Strike_R","Strike_R","Strike_R","Defend_R+1","Defend_R+1","Bash","Perfected Strike+1","Shrug It Off","Twin Strike","Twin Strike","Inflame","Pommel Strike+1","Perfected Strike"],"relics":["Burning Blood","War Paint","Blood Vial","Red Skull","Sozu","Oddly Smooth Stone"],"potions_floor_usage":[5,13,25],"damage_taken":[{"damage":10,"enemies":"Cultist","floor":1,"turns":4},{"damage":10,"enemies":"Small Slimes","floor":3,"turns":3},{"damage":12,"enemies":"Jaw Worm","floor":5,"turns":2},{"damage":33,"enemies":"Exordium Thugs","floor":7,"turns":4},{"damage":16,"enemies":"Lots of Slimes","floor":10,"turns":3},{"damage":6,"enemies":"3 Louse","floor":12,"turns":2},{"damage":9,"enemies":"2 Fungi Beasts","floor":13,"turns":2},{"damage":8,"enemies":"Blue Slaver","floor":14,"turns":2},{"damage":39,"enemies":"The Guardian","floor":16,"turns":6},{"damage":19,"enemies":"3 Byrds","floor":18,"turns":5},{"damage":36,"enemies":"2 Thieves","floor":19,"turns":4},{"damage":10,"enemies":"Snecko","floor":21,"turns":3},{"damage":0,"enemies":"Gremlin Leader","floor":23,"turns":5},{"damage":39,"enemies":"Snake Plant","floor":24,"turns":3},{"damage":18,"enemies":"Shelled Parasite and Fungi","floor":25,"turns":3}],"seed_played":"8641089235421703542","potions_obtained":[{"floor":1,"key":"Regen Potion"},{"floor":10,"key":"SpeedPotion"},{"floor":12,"key":"Swift Potion"},{"floor":13,"key":"Ancient Potion"},{"floor":16,"key":"GamblersBrew"}],"is_trial":false,"path_per_floor":["M","$","M","$","M","R","M","$","T","M","?","M","M","M","R","B",null,"M","M","$","M","$","E","M"],"character_chosen":"IRONCLAD","items_purchased":["Shrug It Off","Twin Strike","Perfected Strike"],"campfire_rested":1,"item_purchase_floors":[2,8,22],"current_hp_per_floor":[76,76,72,72,71,71,44,44,44,36,29,31,30,30,54,23,80,67,39,39,37,37,45,14,0],"gold":48,"neow_bonus":"RANDOM_COMMON_RELIC","is_prod":false,"is_daily":false,"chose_seed":false,"campfire_upgraded":1,"win_rate":0,"timestamp":1537994270,"path_taken":["M","?","M","$","?","R","M","$","T","M","?","M","?","M","R","BOSS","M","M","$","M","$","E","M","M"],"build_version":"2018-09-20","purchased_purges":3,"victory":false,"max_hp_per_floor":[80,80,80,80,80,80,80,80,80,80,80,80,80,80,80,80,80,80,80,80,80,80,80,80,80],"card_choices":[{"not_picked":["Corruption","Clothesline"],"picked":"Perfected Strike","floor":1},{"not_picked":["Corruption","Body Slam"],"picked":"Twin Strike","floor":3},{"not_picked":["Dual Wield","Wild Strike","Sever Soul"],"picked":"SKIP","floor":5},{"not_picked":["Clothesline","Headbutt"],"picked":"Wild Strike","floor":7},{"not_picked":["True Grit","Wild Strike","Flame Barrier"],"picked":"SKIP","floor":10},{"not_picked":["Double Tap","Corruption","Shrug It Off"],"picked":"SKIP","floor":12},{"not_picked":["Fire Breathing","Iron Wave","Rampage"],"picked":"SKIP","floor":13},{"not_picked":["Ghostly Armor","Power Through","Warcry"],"picked":"SKIP","floor":14},{"not_picked":["Shrug It Off+1","Warcry+1"],"picked":"Inflame","floor":18},{"not_picked":["Body Slam","Havoc","Sword Boomerang"],"picked":"SKIP","floor":19},{"not_picked":["Clothesline+1","Seeing Red"],"picked":"Pommel Strike+1","floor":21},{"not_picked":["Iron Wave","Metallicize","Pummel"],"picked":"SKIP","floor":23},{"not_picked":["Clothesline","Burning Pact+1","Reaper"],"picked":"SKIP","floor":24}],"player_experience":428720,"relics_obtained":[{"floor":9,"key":"Blood Vial"},{"floor":23,"key":"Oddly Smooth Stone"}],"event_choices":[{"event_name":"Scrap Ooze","player_choice":"success","floor":11,"damage_taken":7}],"is_beta":false,"boss_relics":[{"not_picked":["Orrery","White Beast Statue"],"picked":"Sozu"}],"items_purged_floors":[2,20,22],"is_endless":false,"potions_floor_spawned":[1,10,12,13,16,21,23],"killed_by":"Shelled Parasite and Fungi","ascension_level":2}