{"gold_per_floor":[114,114,126,51,51,63,63,79,79,99,115,115,127,137,137,240,240,254,154,154,69,79,79,92,92,167,177,197,197,215,215,215,215],"floor_reached":33,"playtime":1848,"items_purged":["Defend_G","Defend_G"],"score":268,"play_id":"ef793cc3-d998-44f9-8d12-356f332489a4","local_time":"20180706105044","is_ascension_mode":false,"campfire_choices":[{"data":"Flying Knee","floor":7,"key":"SMITH"},{"data":"All Out Attack","floor":12,"key":"SMITH"},{"floor":15,"key":"REST"},{"data":"Bite","floor":23,"key":"SMITH"},{"floor":25,"key":"REST"},{"floor":29,"key":"REST"},{"floor":32,"key":"REST"}],"neow_cost":"","seed_source_timestamp":1326895059366699,"circlet_count":0,"master_deck":["Defend_G","Defend_G","Defend_G","Survivor","Neutralize","Flying Knee+1","Flying Knee","All Out Attack+1","Deadly Poison","Poisoned Stab","Bite+1","Bite","Bite","Bite","Bite"],"relics":["Ring of the Snake","Anchor","Blue Candle","Cursed Key","Darkstone Periapt","Paper Crane"],"potions_floor_usage":[16,16,16,24,24,33,33],"damage_taken":[{"damage":0,"enemies":"Small Slimes","floor":1,"turns":3},{"damage":2,"enemies":"2 Louse","floor":3,"turns":3},{"damage":3,"enemies":"Cultist","floor":6,"turns":3},{"damage":12,"enemies":"Exordium Thugs","floor":8,"turns":4},{"damage":9,"enemies":"Large Slime","floor":10,"turns":5},{"damage":2,"enemies":"Looter","floor":11,"turns":3},{"damage":2,"enemies":"Blue Slaver","floor":13,"turns":3},{"damage":17,"enemies":"Exordium Wildlife","floor":14,"turns":4},{"damage":42,"enemies":"Hexaghost","floor":16,"turns":8},{"damage":6,"enemies":"Chosen","floor":18,"turns":4},{"damage":7,"enemies":"3 Byrds","floor":22,"turns":4},{"damage":67,"enemies":"Sentry and Sphere","floor":24,"turns":7},{"damage":26,"enemies":"Snake Plant","floor":27,"turns":5},{"damage":10,"enemies":"Centurion and Healer","floor":28,"turns":6},{"damage":54,"enemies":"Sentry and Sphere","floor":30,"turns":7},{"damage":62,"enemies":"Automaton","floor":33,"turns":6}],"seed_played":"4607320944221599723","potions_obtained":[{"floor":1,"key":"PowerPotion"},{"floor":6,"key":"Weak Potion"},{"floor":8,"key":"Poison Potion"},{"floor":10,"key":"AttackPotion"},{"floor":16,"key":"Regen Potion"},{"floor":18,"key":"Regen Potion"},{"floor":24,"key":"Poison Potion"},{"floor":28,"key":"EssenceOfSteel"}],"is_trial":false,"path_per_floor":["M","?","M","$","$","M","R","M","T","M","M","R","M","M","R","B",null,"M","$","?","?","M","R","M","R","T","M","M","R","M","?","R"],"character_chosen":"THE_SILENT","items_purchased":[],"campfire_rested":4,"item_purchase_floors":[],"current_hp_per_floor":[70,70,68,68,68,65,65,53,53,44,42,42,40,23,44,2,70,64,64,49,49,49,49,14,28,34,23,35,51,12,12,28,0],"gold":215,"neow_bonus":"","is_prod":false,"is_daily":false,"chose_seed":false,"campfire_upgraded":3,"win_rate":0.0,"timestamp":1530888644,"path_taken":["M","?","M","?","$","M","R","M","T","M","M","R","M","M","R","BOSS","M","$","?","?","M","R","M","R","T","M","M","R","?","?","R","BOSS"],"build_version":"2018-07-05","purchased_purges":2,"victory":false,"max_hp_per_floor":[70,70,70,70,70,70,70,70,70,70,70,70,70,70,70,70,70,70,70,49,49,49,49,49,49,55,55,55,55,55,55,55,55],"card_choices":[{"not_picked":["Flechettes","Choke","Dagger Spray"],"picked":"SKIP","floor":1},{"not_picked":["Dodge and Roll","Dagger Throw"],"picked":"Flying Knee","floor":3},{"not_picked":["Dagger Throw","Bouncing Flask"],"picked":"Flying Knee","floor":6},{"not_picked":["Backflip","Bane"],"picked":"All Out Attack","floor":8},{"not_picked":["All Out Attack","Dagger Throw","Venomology"],"picked":"SKIP","floor":10},{"not_picked":["Dodge and Roll","Footwork","Underhanded Strike"],"picked":"SKIP","floor":11},{"not_picked":["Terror","Deflect"],"picked":"Deadly Poison","floor":13},{"not_picked":["Flying Knee","Dagger Throw","Deflect"],"picked":"SKIP","floor":14},{"not_picked":["Backflip+1","Sucker Punch+1"],"picked":"Poisoned Stab","floor":18},{"not_picked":["Prepared","All Out Attack+1","Dagger Spray"],"picked":"SKIP","floor":22},{"not_picked":["Sucker Punch","Calculated Gamble+1","Catalyst"],"picked":"SKIP","floor":24},{"not_picked":["Blur","Sucker Punch","Dagger Throw"],"picked":"SKIP","floor":27},{"not_picked":["Poisoned Stab","Leg Sweep","Prepared"],"picked":"SKIP","floor":28},{"not_picked":["Tactician","Caltrops","Prepared"],"picked":"SKIP","floor":30}],"player_experience":81575,"relics_obtained":[{"floor":9,"key":"Blue Candle"},{"floor":26,"key":"Paper Crane"}],"event_choices":[{"event_name":"Big Fish","player_choice":"Box","floor":2,"damage_taken":0},{"event_name":"Vampires","player_choice":"Became a vampire","floor":20,"damage_taken":0},{"event_name":"Addict","player_choice":"Obtained Relic","floor":21,"damage_taken":0},{"event_name":"Fountain of Cleansing","player_choice":"Removed Curse","floor":31,"damage_taken":0}],"boss_relics":[{"not_picked":["Empty Cage","Snecko Eye"],"picked":"Cursed Key"}],"items_purged_floors":[4,19],"is_endless":false,"potions_floor_spawned":[1,6,8,10,13,16,18,24,28],"killed_by":"Automaton","ascension_level":0}