{"gold_per_floor":[116,41,56,71,71,111,129,129,183,202,226,245,269,269,269,390,390,410,434,434,459,307,307,345,345,345,345,345,66,66,90,90,90],"floor_reached":33,"playtime":1005,"items_purged":["Defend_B","Strike_B","Rainbow"],"score":274,"play_id":"918f3dff-a270-4e5a-ac80-fb714fbc41ca","local_time":"20180709164641","is_ascension_mode":false,"campfire_choices":[{"floor":8,"key":"REST"},{"floor":15,"key":"REST"},{"floor":23,"key":"REST"},{"data":"Hyperbeam","floor":27,"key":"SMITH"},{"data":"Fusion","floor":32,"key":"SMITH"}],"neow_cost":"NONE","seed_source_timestamp":1608298368091864,"circlet_count":0,"master_deck":["Defend_B","Defend_B","Defend_B","Zap","Dualcast","Ball Lightning","Gash","Go for the Eyes","Gash","Hyperbeam+1","Fusion+1","Gash","Bite","Bite","Bite","Bite","Bite"],"relics":["Cracked Core","Juzu Bracelet","Golden Idol","Matryoshka","DataDisk","Bronze Scales","Mercury Hourglass","Question Card","Busted Crown","Red Mask","Bottled Flame","Strawberry"],"potions_floor_usage":[12,16,16,18,21,33,33],"damage_taken":[{"damage":1,"enemies":"2 Louse","floor":1,"turns":2},{"damage":2,"enemies":"Small Slimes","floor":3,"turns":3},{"damage":6,"enemies":"Jaw Worm","floor":4,"turns":3},{"damage":35,"enemies":"Gremlin Nob","floor":6,"turns":4},{"damage":7,"enemies":"3 Louse","floor":7,"turns":3},{"damage":10,"enemies":"Red Slaver","floor":10,"turns":2},{"damage":7,"enemies":"Looter","floor":11,"turns":2},{"damage":0,"enemies":"2 Fungi Beasts","floor":12,"turns":2},{"damage":4,"enemies":"Large Slime","floor":13,"turns":4},{"damage":16,"enemies":"Hexaghost","floor":16,"turns":7},{"damage":3,"enemies":"3 Byrds","floor":18,"turns":2},{"damage":20,"enemies":"2 Thieves","floor":19,"turns":2},{"damage":17,"enemies":"Centurion and Healer","floor":21,"turns":4},{"damage":7,"floor":24,"turns":2},{"damage":0,"enemies":"3 Cultists","floor":31,"turns":3},{"damage":91,"enemies":"Champ","floor":33,"turns":9}],"seed_played":"234375416864240165","potions_obtained":[{"floor":3,"key":"Ancient Potion"},{"floor":4,"key":"GamblersBrew"},{"floor":11,"key":"Explosive Potion"},{"floor":13,"key":"SteroidPotion"},{"floor":16,"key":"Dexterity Potion"},{"floor":19,"key":"AttackPotion"},{"floor":24,"key":"Swift Potion"}],"is_trial":false,"path_per_floor":["M","$","M","M","?","E","M","R","T","M","M","M","M","T","R","B",null,"M","M","?","M","$","R","?","?","T","R","?","$","?","M","R"],"character_chosen":"DEFECT","items_purchased":["Energy Potion","Strawberry"],"campfire_rested":3,"item_purchase_floors":[22,29],"current_hp_per_floor":[74,74,72,66,48,13,6,28,28,18,11,11,7,7,29,13,75,72,52,52,35,35,57,50,50,50,50,50,57,59,59,59,0],"gold":90,"neow_bonus":"RANDOM_COMMON_RELIC","is_prod":false,"is_daily":false,"chose_seed":false,"campfire_upgraded":2,"win_rate":0.0,"timestamp":1531169201,"path_taken":["M","$","M","M","?","E","M","R","T","M","M","M","M","?","R","BOSS","M","M","?","M","$","R","?","?","T","R","?","$","?","M","R","BOSS"],"build_version":"2018-07-05","purchased_purges":3,"victory":false,"max_hp_per_floor":[75,75,75,75,75,75,75,75,75,75,75,75,75,75,75,75,75,75,75,75,75,75,75,75,75,75,75,52,59,59,59,59,59],"card_choices":[{"not_picked":["Rebound","Reprogram"],"picked":"Ball Lightning","floor":1},{"not_picked":["Sweeping Beam","Streamline","Steam"],"picked":"SKIP","floor":3},{"not_picked":["Defragment","Coolheaded"],"picked":"Gash","floor":4},{"not_picked":["Recycle","Chill"],"picked":"Go for the Eyes","floor":6},{"not_picked":["Lockon","Sunder"],"picked":"Rainbow","floor":7},{"not_picked":["Loop","Steam","Turbo"],"picked":"SKIP","floor":10},{"not_picked":["Tempest","Capacitor","Conserve Battery"],"picked":"SKIP","floor":11},{"not_picked":["Darkness","Ball Lightning"],"picked":"Gash","floor":12},{"not_picked":["Sweeping Beam","Leap","Redo"],"picked":"SKIP","floor":13},{"not_picked":["Biased Cognition","Electrodynamics","Thunder Strike"],"picked":"Hyperbeam","floor":16},{"not_picked":["Turbo","Barrage"],"picked":"SKIP","floor":18},{"not_picked":["Recycle"],"picked":"Fusion","floor":19},{"not_picked":["Beam Cell","Turbo"],"picked":"SKIP","floor":21},{"not_picked":["Rebound"],"picked":"Gash","floor":24},{"not_picked":["Turbo+1","Fusion"],"picked":"SKIP","floor":31}],"player_experience":159849,"relics_obtained":[{"floor":6,"key":"Matryoshka"},{"floor":9,"key":"DataDisk"},{"floor":9,"key":"Bronze Scales"},{"floor":14,"key":"Mercury Hourglass"},{"floor":14,"key":"Question Card"},{"floor":24,"key":"Red Mask"},{"floor":26,"key":"Bottled Flame"}],"event_choices":[{"event_name":"Golden Idol","player_choice":"Take Damage","floor":5,"damage_taken":0},{"event_name":"N\u0027loth","player_choice":"Ignored","floor":20,"damage_taken":0},{"event_name":"Masked Bandits","player_choice":"Fought over 307 gold","floor":24,"damage_taken":0},{"event_name":"Match and Keep!","player_choice":"0 cards matched","floor":25,"damage_taken":0},{"event_name":"Vampires","player_choice":"Became a vampire","floor":28,"damage_taken":0},{"event_name":"The Library","player_choice":"Heal","floor":30,"damage_taken":0}],"boss_relics":[{"not_picked":["Ectoplasm","Snecko Eye"],"picked":"Busted Crown"}],"items_purged_floors":[2,22,29],"is_endless":false,"potions_floor_spawned":[3,4,11,13,16,19,24,31],"killed_by":"Champ","ascension_level":0}