{"gold_per_floor":[114,114,114,289,309,309,333,353,353,373,373,389,339,358,358,483,483,497,422,447,466,466,482,482,155,181,202,202,202],"floor_reached":29,"playtime":4246,"items_purged":[],"score":219,"play_id":"3aad1702-0790-4257-a945-b4b7c2eb28ea","local_time":"20190201015452","is_ascension_mode":false,"campfire_choices":[{"data":"Hologram","floor":6,"key":"SMITH"},{"floor":11,"key":"REST"},{"data":"Zap","floor":15,"key":"SMITH"},{"floor":24,"key":"REST"}],"neow_cost":"NONE","seed_source_timestamp":19457739718247,"circlet_count":0,"master_deck":["Strike_B","Strike_B","Strike_B","Defend_B","Defend_B","Defend_B","Defend_B","Zap+1","Dualcast","Hologram+1","Conserve Battery","Streamline","Ball Lightning","Reprogram","Reinforced Body","Rebound","Echo Form","Double Energy+1","Tempest","Ball Lightning","Leap+1"],"relics":["Cracked Core","Golden Idol","Incense Burner","Inserter","Bottled Lightning","Bag of Preparation","Letter Opener"],"potions_floor_usage":[16,23,27],"damage_taken":[{"damage":0,"enemies":"Small Slimes","floor":1,"turns":3},{"damage":1,"enemies":"2 Louse","floor":5,"turns":3},{"damage":6,"enemies":"Jaw Worm","floor":7,"turns":4},{"damage":30,"enemies":"Gremlin Gang","floor":8,"turns":5},{"damage":1,"enemies":"2 Fungi Beasts","floor":10,"turns":3},{"damage":1,"enemies":"Exordium Wildlife","floor":12,"turns":3},{"damage":0,"enemies":"Exordium Thugs","floor":14,"turns":4},{"damage":12,"enemies":"The Guardian","floor":16,"turns":13},{"damage":24,"enemies":"3 Byrds","floor":18,"turns":7},{"damage":17,"enemies":"Spheric Guardian","floor":20,"turns":5},{"damage":19,"enemies":"Shelled Parasite and Fungi","floor":21,"turns":7},{"damage":36,"enemies":"Centurion and Healer","floor":23,"turns":11},{"damage":23,"enemies":"3 Cultists","floor":27,"turns":5},{"damage":15,"enemies":"Shelled Parasite and Fungi","floor":29,"turns":3}],"seed_played":"7589211605028391437","potions_obtained":[{"floor":8,"key":"FairyPotion"},{"floor":10,"key":"Weak Potion"},{"floor":12,"key":"SteroidPotion"},{"floor":20,"key":"GamblersBrew"},{"floor":23,"key":"SpeedPotion"},{"floor":27,"key":"FearPotion"}],"is_trial":false,"path_per_floor":["?","?","?","M","M","?","?","T"],"character_chosen":"DEFECT","items_purchased":["Tempest","Bottled Lightning","Ball Lightning"],"campfire_rested":2,"item_purchase_floors":[25,25,25],"current_hp_per_floor":[82,62,67,67,66,66,60,30,30,29,55,54,54,54,54,42,87,63,63,46,27,27,8,34,34,34,11,11,0],"gold":202,"neow_bonus":"TEN_PERCENT_HP_BONUS","is_prod":false,"is_daily":false,"chose_seed":false,"campfire_upgraded":2,"win_rate":0.0,"timestamp":1548996892,"path_taken":["M","?","?","?","M","R","M","?","T","M","R","?","?","M","R","BOSS","M","?","M","M","$","M","R","$","T","M","?","M"],"build_version":"2019-01-23","purchased_purges":0,"victory":false,"max_hp_per_floor":[82,82,87,87,87,87,87,87,87,87,87,87,87,87,87,87,87,87,87,87,87,87,87,87,87,87,87,87,87],"card_choices":[{"not_picked":["Beam Cell","Cold Snap"],"picked":"Hologram","floor":1},{"not_picked":["Sweeping Beam","Chill"],"picked":"Conserve Battery","floor":5},{"not_picked":["Stack","Beam Cell"],"picked":"Streamline","floor":7},{"not_picked":["Stack","Streamline"],"picked":"Ball Lightning","floor":8},{"not_picked":["Machine Learning","Self Repair"],"picked":"Reprogram","floor":10},{"not_picked":["Darkness","Conserve Battery"],"picked":"Reinforced Body","floor":12},{"not_picked":["Self Repair","Heatsinks"],"picked":"Rebound","floor":14},{"not_picked":["Fission","Rainbow"],"picked":"Echo Form","floor":16},{"not_picked":["Rebound","Sunder+1","Consume"],"picked":"SKIP","floor":18},{"not_picked":["White Noise","Go for the Eyes","Sweeping Beam"],"picked":"SKIP","floor":20},{"not_picked":["Sweeping Beam","Force Field"],"picked":"Double Energy+1","floor":21},{"not_picked":["Turbo","FTL","Hologram"],"picked":"SKIP","floor":23},{"not_picked":["Coolheaded","Static Discharge"],"picked":"Leap+1","floor":27}],"player_experience":47484,"relics_obtained":[{"floor":9,"key":"Incense Burner"},{"floor":26,"key":"Bag of Preparation"},{"floor":28,"key":"Letter Opener"}],"event_choices":[{"damage_healed":0,"gold_gain":0,"player_choice":"Take Damage","damage_taken":20,"relics_obtained":["Golden Idol"],"max_hp_gain":0,"max_hp_loss":0,"event_name":"Golden Idol","floor":2,"gold_loss":0},{"damage_healed":0,"gold_gain":0,"player_choice":"Donut","damage_taken":0,"max_hp_gain":5,"max_hp_loss":0,"event_name":"Big Fish","floor":3,"gold_loss":0},{"damage_healed":0,"gold_gain":175,"player_choice":"AGREE","damage_taken":0,"max_hp_gain":0,"max_hp_loss":0,"event_name":"Liars Game","floor":4,"gold_loss":0,"cards_obtained":["Doubt"]},{"cards_removed":["Doubt"],"damage_healed":0,"gold_gain":0,"player_choice":"Card Removal","damage_taken":0,"max_hp_gain":0,"max_hp_loss":0,"event_name":"The Cleric","floor":13,"gold_loss":50},{"cards_removed":["Strike_B"],"damage_healed":0,"gold_gain":0,"player_choice":"Gave Gold","damage_taken":0,"max_hp_gain":0,"max_hp_loss":0,"event_name":"Beggar","floor":19,"gold_loss":75}],"is_beta":false,"boss_relics":[{"not_picked":["Runic Dome","Eternal Feather"],"picked":"Inserter"}],"items_purged_floors":[],"is_endless":false,"potions_floor_spawned":[8,10,12,20,23,27],"killed_by":"Shelled Parasite and Fungi","ascension_level":0}