{"gold_per_floor":[212,225,242,6,18,18,18,18,43,77,88,88,88,100,100,100],"floor_reached":16,"playtime":397,"items_purged":[],"score":102,"play_id":"2d83eab1-19e0-4d59-a5c5-0e63fba58cec","local_time":"20180711235013","is_ascension_mode":false,"campfire_choices":[{"data":"Demon Form","floor":6,"key":"SMITH"},{"data":"Offering","floor":15,"key":"SMITH"}],"neow_cost":"NONE","seed_source_timestamp":56828996807693,"circlet_count":0,"master_deck":["Strike_R","Strike_R","Strike_R","Strike_R","Strike_R","Defend_R","Defend_R","Defend_R","Bash","Sword Boomerang","Anger","Offering+1","Demon Form+1","Inflame","Double Tap","Inflame","Parasite","Regret"],"relics":["Burning Blood","Bag of Preparation","Anchor","Prayer Wheel"],"potions_floor_usage":[16,16,16],"damage_taken":[{"damage":10,"enemies":"Small Slimes","floor":1,"turns":4},{"damage":12,"enemies":"2 Louse","floor":2,"turns":3},{"damage":1,"enemies":"Cultist","floor":3,"turns":3},{"damage":19,"enemies":"Looter","floor":5,"turns":3},{"damage":22,"enemies":"Lagavulin","floor":10,"turns":4},{"damage":4,"enemies":"Large Slime","floor":11,"turns":3},{"damage":17,"enemies":"2 Fungi Beasts","floor":14,"turns":3},{"damage":57,"enemies":"The Guardian","floor":16,"turns":7}],"seed_played":"5486537542819422562","potions_obtained":[{"floor":2,"key":"Block Potion"},{"floor":11,"key":"GamblersBrew"},{"floor":14,"key":"Poison Potion"}],"is_trial":false,"path_per_floor":["M","M","M","$","M","R","$","?","T","E","M","?","?","M","R"],"character_chosen":"IRONCLAD","items_purchased":["Offering","Demon Form"],"campfire_rested":0,"item_purchase_floors":[4,4],"current_hp_per_floor":[76,70,75,75,62,62,62,62,62,46,48,68,68,57,57,0],"gold":100,"neow_bonus":"HUNDRED_GOLD","is_prod":false,"is_daily":false,"chose_seed":false,"campfire_upgraded":2,"win_rate":0,"timestamp":1531367413,"path_taken":["M","M","M","$","M","R","$","?","T","E","M","?","?","M","R","BOSS"],"build_version":"2018-07-05","purchased_purges":0,"victory":false,"max_hp_per_floor":[80,80,80,80,80,80,80,80,80,80,80,80,80,80,80,80],"card_choices":[{"not_picked":["Evolve","Shrug It Off"],"picked":"Sword Boomerang","floor":1},{"not_picked":["Cleave","Havoc"],"picked":"Anger","floor":2},{"not_picked":["Dual Wield","Rage","Body Slam"],"picked":"SKIP","floor":3},{"not_picked":["Clash","Heavy Blade"],"picked":"Inflame","floor":5},{"not_picked":["Twin Strike","Pummel"],"picked":"Double Tap","floor":10},{"not_picked":["Ghostly Armor","Bloodletting"],"picked":"Inflame","floor":11},{"not_picked":["Uppercut","Cleave","Wild Strike"],"picked":"SKIP","floor":14},{"not_picked":["Anger","Clash","Twin Strike"],"picked":"SKIP","floor":14}],"player_experience":232051,"relics_obtained":[{"floor":9,"key":"Bag of Preparation"},{"floor":10,"key":"Anchor"}],"event_choices":[{"event_name":"Living Wall","player_choice":"Forget","floor":8,"damage_taken":0},{"event_name":"Mushrooms","player_choice":"Healed and dodged fight","floor":12,"damage_taken":0},{"event_name":"Big Fish","player_choice":"Box","floor":13,"damage_taken":0}],"boss_relics":[],"items_purged_floors":[],"is_endless":false,"potions_floor_spawned":[2,11,14],"killed_by":"The Guardian","ascension_level":0}