{"gold_per_floor":[109,184,62,62,78,78,103,103,103,103,103,124,148,48,48,48],"floor_reached":16,"playtime":256,"items_purged":["Defend_R","Bash"],"score":101,"play_id":"52f096cf-dd9a-4cae-b8df-ce36d9fe9de0","local_time":"20180924135006","is_ascension_mode":true,"campfire_choices":[{"floor":8,"key":"REST"},{"data":"Perfected Strike","floor":10,"key":"SMITH"},{"floor":15,"key":"REST"}],"neow_cost":"","seed_source_timestamp":269207011571970,"circlet_count":0,"master_deck":["Strike_R","Strike_R","Strike_R","Strike_R","Strike_R","Defend_R","Defend_R","Inflame","Perfected Strike+1","Bludgeon","Perfected Strike"],"relics":["Burning Blood","Golden Idol","Matryoshka"],"potions_floor_usage":[],"damage_taken":[{"damage":19,"enemies":"Jaw Worm","floor":1,"turns":3},{"damage":0,"enemies":"Cultist","floor":5,"turns":2},{"damage":0,"enemies":"Small Slimes","floor":7,"turns":2},{"damage":42,"enemies":"Exordium Thugs","floor":11,"turns":5},{"damage":14,"enemies":"Red Slaver","floor":12,"turns":2},{"damage":11,"enemies":"Looter","floor":13,"turns":2},{"damage":49,"enemies":"The Guardian","floor":16,"turns":5}],"seed_played":"-870567414866060189","potions_obtained":[{"floor":7,"key":"SpeedPotion"}],"is_trial":false,"path_per_floor":["M","?","$","?","M","?","M","R","T","R","M","M","M","$","R"],"character_chosen":"IRONCLAD","items_purchased":["Perfected Strike"],"campfire_rested":2,"item_purchase_floors":[3],"current_hp_per_floor":[67,56,56,56,62,55,61,74,74,74,38,30,25,25,47,0],"gold":48,"neow_bonus":"","is_prod":false,"is_daily":false,"chose_seed":false,"campfire_upgraded":1,"win_rate":0,"timestamp":1537811406,"path_taken":["M","?","$","?","?","?","M","R","T","R","M","M","M","$","R","BOSS"],"build_version":"2018-09-20","purchased_purges":2,"victory":false,"max_hp_per_floor":[80,80,80,74,74,74,74,74,74,74,74,74,74,74,74,74],"card_choices":[{"not_picked":["Cleave","Havoc"],"picked":"Inflame","floor":1},{"not_picked":["Wild Strike","Anger","Heavy Blade"],"picked":"SKIP","floor":5},{"not_picked":["Evolve","Combust","Body Slam"],"picked":"SKIP","floor":7},{"not_picked":["Rage","Blood for Blood","Shockwave"],"picked":"SKIP","floor":11},{"not_picked":["True Grit","Rage"],"picked":"Bludgeon","floor":12},{"not_picked":["Rage","Shrug It Off"],"picked":"Perfected Strike","floor":13}],"player_experience":401026,"relics_obtained":[{"floor":9,"key":"Matryoshka"}],"event_choices":[{"event_name":"World of Goop","player_choice":"Gather Gold","floor":2,"damage_taken":0},{"event_name":"Golden Idol","player_choice":"Lose Max HP","floor":4,"damage_taken":0},{"event_name":"Golden Wing","player_choice":"Card Removal","floor":6,"damage_taken":0}],"is_beta":false,"boss_relics":[],"items_purged_floors":[3,14],"is_endless":false,"potions_floor_spawned":[7,11],"killed_by":"The Guardian","ascension_level":2}