{"gold_per_floor":[117,117,130,1,16,44,44,64,64,82,257,269,269,287,287,383,383,401,401,1,11,22,22,22,22,22,41,41,60,71,87,87,87],"floor_reached":33,"playtime":3136,"items_purged":["Accuracy","Doubt"],"score":253,"play_id":"56348ea6-cf9e-47e5-a3ed-2f251b1fc666","local_time":"20190215234214","is_ascension_mode":false,"campfire_choices":[{"floor":13,"key":"REST"},{"data":"Terror","floor":15,"key":"SMITH"},{"floor":23,"key":"RECALL"},{"data":"Bouncing Flask","floor":25,"key":"SMITH"},{"floor":32,"key":"REST"}],"neow_cost":"NONE","seed_source_timestamp":22639855631043,"circlet_count":0,"master_deck":["Defend_G","Defend_G+1","Defend_G","Defend_G","Defend_G+1","Strike_G","Strike_G","Strike_G","Strike_G","Survivor","Neutralize","Bouncing Flask+1","Setup","Flying Knee","Bane","Terror+1","Poisoned Stab","Poisoned Stab","Adrenaline","Dodge and Roll","Bullet Time","PanicButton","Leg Sweep+1","Deadly Poison","Poisoned Stab+1","Deflect"],"relics":["Ring of the Snake","Art of War","Mercury Hourglass","War Paint","Runic Pyramid","MealTicket","Letter Opener"],"potions_floor_usage":[6,21,33,33],"damage_taken":[{"damage":0,"enemies":"Small Slimes","floor":1,"turns":4},{"damage":0,"enemies":"Cultist","floor":3,"turns":3},{"damage":0,"enemies":"Jaw Worm","floor":5,"turns":4},{"damage":26,"enemies":"Gremlin Nob","floor":6,"turns":4},{"damage":1,"enemies":"Lots of Slimes","floor":8,"turns":3},{"damage":2,"enemies":"Looter","floor":10,"turns":3},{"damage":5,"enemies":"Red Slaver","floor":12,"turns":3},{"damage":3,"enemies":"Exordium Thugs","floor":14,"turns":4},{"damage":26,"enemies":"The Guardian","floor":16,"turns":8},{"damage":6,"enemies":"Chosen","floor":18,"turns":5},{"damage":2,"enemies":"Shell Parasite","floor":21,"turns":6},{"damage":13,"enemies":"Centurion and Healer","floor":22,"turns":10},{"damage":23,"enemies":"Shelled Parasite and Fungi","floor":27,"turns":5},{"damage":0,"enemies":"Sentry and Sphere","floor":29,"turns":5},{"damage":2,"enemies":"Cultist and Chosen","floor":30,"turns":5},{"damage":0,"enemies":"Centurion and Healer","floor":31,"turns":6},{"damage":66,"enemies":"Automaton","floor":33,"turns":12}],"seed_played":"-3422134183336135781","potions_obtained":[{"floor":3,"key":"AttackPotion"},{"floor":6,"key":"Fire Potion"},{"floor":10,"key":"SpeedPotion"},{"floor":16,"key":"EssenceOfSteel"},{"floor":21,"key":"SmokeBomb"},{"floor":22,"key":"SteroidPotion"},{"floor":29,"key":"Block Potion"}],"is_trial":false,"path_per_floor":["?","M","?","M","?","?","M","$","M","$","M"],"character_chosen":"THE_SILENT","items_purchased":["Flying Knee","MealTicket","PanicButton"],"campfire_rested":2,"item_purchase_floors":[4,20,20],"current_hp_per_floor":[77,77,77,77,77,51,51,50,50,48,48,43,66,63,63,37,77,71,71,71,69,56,56,56,56,56,33,33,33,31,31,54,0],"gold":87,"neow_bonus":"TEN_PERCENT_HP_BONUS","is_prod":false,"is_daily":false,"chose_seed":false,"campfire_upgraded":2,"win_rate":0,"timestamp":1550284934,"path_taken":["M","?","M","$","?","E","?","M","T","?","?","M","R","M","R","BOSS","M","?","$","?","M","R","?","R","T","?","?","M","M","?","R","BOSS"],"build_version":"2019-01-23","purchased_purges":2,"victory":false,"max_hp_per_floor":[77,77,77,77,77,77,77,77,77,77,77,77,77,77,77,77,77,77,77,77,77,77,77,77,77,77,77,77,77,77,77,77,77],"card_choices":[{"not_picked":["Deflect","Flying Knee"],"picked":"Bouncing Flask","floor":1},{"not_picked":["Dagger Throw","All Out Attack"],"picked":"Setup","floor":3},{"not_picked":["Dagger Spray","Heel Hook"],"picked":"Bane","floor":5},{"not_picked":["Slice","Dash"],"picked":"Well Laid Plans","floor":6},{"not_picked":["Accuracy","Quick Slash"],"picked":"Terror","floor":8},{"not_picked":["PiercingWail","Masterful Stab"],"picked":"Poisoned Stab","floor":10},{"not_picked":["Heel Hook","Flying Knee"],"picked":"Poisoned Stab","floor":12},{"not_picked":["Blade Dance","Cloak And Dagger","Sucker Punch"],"picked":"SKIP","floor":14},{"not_picked":["Venomology","Malaise"],"picked":"Adrenaline","floor":16},{"not_picked":["Underhanded Strike","Dagger Spray+1"],"picked":"Dodge and Roll","floor":18},{"not_picked":["Endless Agony","Dodge and Roll"],"picked":"Leg Sweep+1","floor":21},{"not_picked":["Dagger Throw","Slice","PiercingWail"],"picked":"SKIP","floor":22},{"not_picked":["Outmaneuver","Slice+1"],"picked":"Deadly Poison","floor":27},{"not_picked":["Slice+1","Infinite Blades+1"],"picked":"Poisoned Stab+1","floor":29},{"not_picked":["Blade Dance","Accuracy+1"],"picked":"Deflect","floor":30},{"not_picked":["All Out Attack","Accuracy","Phantasmal Killer"],"picked":"SKIP","floor":31}],"player_experience":195606,"relics_obtained":[{"floor":6,"key":"Art of War"},{"floor":9,"key":"War Paint"},{"floor":26,"key":"Letter Opener"}],"event_choices":[{"damage_healed":0,"gold_gain":0,"cards_transformed":["Strike_G"],"player_choice":"Transformed","damage_taken":0,"max_hp_gain":0,"max_hp_loss":0,"event_name":"Transmorgrifier","floor":2,"gold_loss":0,"cards_obtained":["Accuracy"]},{"damage_healed":0,"gold_gain":0,"player_choice":"Gave Potion","damage_taken":0,"relics_obtained":["Mercury Hourglass"],"max_hp_gain":0,"max_hp_loss":0,"event_name":"WeMeetAgain","floor":7,"gold_loss":0},{"damage_healed":0,"gold_gain":175,"player_choice":"AGREE","damage_taken":0,"max_hp_gain":0,"max_hp_loss":0,"event_name":"Liars Game","floor":11,"gold_loss":0,"cards_obtained":["Doubt"]},{"damage_healed":0,"gold_gain":0,"cards_transformed":["Well Laid Plans"],"player_choice":"Transformed","damage_taken":0,"max_hp_gain":0,"max_hp_loss":0,"event_name":"Transmorgrifier","floor":19,"gold_loss":0,"cards_obtained":["Bullet Time"]}],"is_beta":false,"boss_relics":[{"not_picked":["HoveringKite","Ectoplasm"],"picked":"Runic Pyramid"}],"items_purged_floors":[4,20],"is_endless":false,"potions_floor_spawned":[3,6,10,16,21,22,29,31],"killed_by":"Automaton","ascension_level":0}