{"gold_per_floor":[15,190,190,202,221,69,69,87,110,123,123,151,151,168,168,168],"floor_reached":16,"playtime":425,"items_purged":["Doubt"],"score":112,"play_id":"bcf2d694-0c0b-4a50-9a8f-2e83b97d4ef3","local_time":"20190324165622","is_ascension_mode":true,"campfire_choices":[{"data":"Streamline","floor":7,"key":"SMITH"},{"data":"Sweeping Beam","floor":11,"key":"SMITH"},{"floor":15,"key":"REST"}],"neow_cost":"NO_GOLD","seed_source_timestamp":7841369555236921,"circlet_count":0,"master_deck":["Strike_B","Strike_B","Strike_B","Strike_B","Defend_B","Defend_B","Defend_B","Defend_B","Zap+1","Dualcast","Streamline+1","Sweeping Beam+1","Melter"],"relics":["Cracked Core","Turnip","Juzu Bracelet","Potion Belt"],"potions_floor_usage":[4,8,16,16],"damage_taken":[{"damage":6,"enemies":"2 Louse","floor":1,"turns":2},{"damage":0,"enemies":"Cultist","floor":4,"turns":3},{"damage":12,"enemies":"Small Slimes","floor":5,"turns":3},{"damage":0,"enemies":"Exordium Wildlife","floor":8,"turns":3},{"damage":10,"enemies":"Lots of Slimes","floor":10,"turns":2},{"damage":31,"enemies":"Gremlin Nob","floor":12,"turns":4},{"damage":14,"enemies":"3 Louse","floor":14,"turns":2},{"damage":26,"enemies":"Hexaghost","floor":16,"turns":8}],"seed_played":"8000170708662963457","potions_obtained":[{"floor":1,"key":"Weak Potion"},{"floor":5,"key":"PowerPotion"},{"floor":10,"key":"Ancient Potion"},{"floor":14,"key":"Dexterity Potion"}],"is_trial":false,"path_per_floor":["M","?","?","M","M","$","R","M","T","M","R","E","?","M","R","B"],"character_chosen":"DEFECT","items_purchased":["Melter"],"campfire_rested":1,"item_purchase_floors":[6],"current_hp_per_floor":[69,69,69,69,57,57,57,57,57,47,47,16,16,2,24,0],"gold":168,"neow_bonus":"ONE_RARE_RELIC","is_prod":false,"is_daily":false,"chose_seed":false,"campfire_upgraded":2,"win_rate":0,"timestamp":1553460982,"path_taken":["M","?","?","M","?","$","R","M","T","M","R","E","?","M","R","BOSS"],"build_version":"2019-01-23","purchased_purges":1,"victory":false,"max_hp_per_floor":[75,75,75,75,75,75,75,75,75,75,75,75,75,75,75,75],"card_choices":[{"not_picked":["Force Field","Hologram","Aggregate"],"picked":"SKIP","floor":1},{"not_picked":["Steam","Turbo"],"picked":"Streamline","floor":4},{"not_picked":["Compile Driver","Go for the Eyes"],"picked":"Sweeping Beam","floor":5},{"not_picked":["Beam Cell","Aggregate","All For One"],"picked":"SKIP","floor":8},{"not_picked":["Coolheaded","Cold Snap","Go for the Eyes"],"picked":"SKIP","floor":10},{"not_picked":["Sunder","Undo","Aggregate"],"picked":"SKIP","floor":12},{"not_picked":["Cold Snap","Hologram","Conserve Battery"],"picked":"SKIP","floor":14}],"player_experience":463618,"relics_obtained":[{"floor":9,"key":"Juzu Bracelet"},{"floor":12,"key":"Potion Belt"}],"event_choices":[{"damage_healed":0,"gold_gain":175,"player_choice":"AGREE","damage_taken":0,"max_hp_gain":0,"max_hp_loss":0,"event_name":"Liars Game","floor":2,"gold_loss":0,"cards_obtained":["Doubt"]},{"damage_healed":0,"gold_gain":0,"player_choice":"Upgraded","damage_taken":0,"max_hp_gain":0,"max_hp_loss":0,"event_name":"Upgrade Shrine","floor":3,"gold_loss":0,"cards_upgraded":["Zap"]},{"damage_healed":0,"gold_gain":0,"player_choice":"Searched \u00270\u0027 times","damage_taken":0,"max_hp_gain":0,"max_hp_loss":0,"event_name":"Dead Adventurer","floor":13,"gold_loss":0}],"is_beta":false,"boss_relics":[],"items_purged_floors":[6],"is_endless":false,"potions_floor_spawned":[1,5,10,14],"killed_by":"Hexaghost","ascension_level":2}