{"gold_per_floor":[117,133,144,69,84,84,2,2,2,2,2,21,21,45,45,168,168,192,58,58,58,77,77,96,117,190,65,65,65,78,78,78,78],"floor_reached":33,"playtime":934,"items_purged":["Defend_G","Defend_G","Defend_G"],"score":237,"play_id":"d1ff24e6-a48b-4c0c-aab3-368fd2063909","local_time":"20180707035935","is_ascension_mode":false,"campfire_choices":[{"data":"Poisoned Stab","floor":6,"key":"SMITH"},{"floor":11,"key":"REST"},{"floor":15,"key":"REST"},{"floor":23,"key":"REST"},{"floor":28,"key":"REST"},{"floor":32,"key":"REST"}],"neow_cost":"NONE","seed_source_timestamp":1389540070291204,"circlet_count":0,"master_deck":["Defend_G","Strike_G","Strike_G+1","Strike_G","Strike_G","Strike_G","Survivor","Neutralize","Bane","Poisoned Stab+1","Catalyst","Crippling Poison","Envenom+1","Bane","Corpse Explosion","Noxious Fumes"],"relics":["Ring of the Snake","Strawberry","Matryoshka","Golden Idol","Philosopher\u0027s Stone","Potion Belt","Bottled Flame","Smiling Mask","Gambling Chip"],"potions_floor_usage":[33,33],"damage_taken":[{"damage":12,"enemies":"Cultist","floor":1,"turns":6},{"damage":5,"enemies":"2 Louse","floor":2,"turns":3},{"damage":0,"enemies":"Small Slimes","floor":3,"turns":3},{"damage":13,"enemies":"Blue Slaver","floor":5,"turns":3},{"damage":9,"enemies":"3 Louse","floor":12,"turns":3},{"damage":23,"enemies":"Exordium Thugs","floor":14,"turns":4},{"damage":12,"enemies":"Slime Boss","floor":16,"turns":6},{"damage":11,"enemies":"Chosen","floor":18,"turns":4},{"damage":35,"enemies":"Shell Parasite","floor":22,"turns":4},{"damage":18,"enemies":"Snake Plant","floor":24,"turns":3},{"damage":0,"enemies":"3 Cultists","floor":25,"turns":2},{"damage":30,"enemies":"Sentry and Sphere","floor":30,"turns":4},{"damage":48,"enemies":"Collector","floor":33,"turns":3}],"seed_played":"465232637095430207","potions_obtained":[{"floor":1,"key":"FairyPotion"},{"floor":16,"key":"EntropicBrew"},{"floor":18,"key":"Poison Potion"},{"floor":22,"key":"Fire Potion"}],"is_trial":false,"path_per_floor":["M","M","M","$","M","R","$","?","T","?","R","M","?","M","R","B",null,"M","$","?","?","M","R","M","M","T","$","R","T","M","?","R"],"character_chosen":"THE_SILENT","items_purchased":["Crippling Poison","Noxious Fumes"],"campfire_rested":5,"item_purchase_floors":[7,19],"current_hp_per_floor":[65,60,60,60,47,47,47,47,47,28,51,42,27,4,27,15,77,66,66,66,66,31,54,36,36,36,36,59,59,29,13,36,0],"gold":78,"neow_bonus":"RANDOM_COMMON_RELIC","is_prod":false,"is_daily":false,"chose_seed":false,"campfire_upgraded":1,"win_rate":0.0,"timestamp":1530950375,"path_taken":["M","M","M","$","M","R","$","?","T","?","R","M","?","?","R","BOSS","M","$","?","?","M","R","M","M","T","$","R","?","?","?","R","BOSS"],"build_version":"2018-07-05","purchased_purges":3,"victory":false,"max_hp_per_floor":[77,77,77,77,77,77,77,77,77,77,77,77,77,77,77,77,77,77,77,77,77,77,77,77,77,77,77,77,77,77,77,77,77],"card_choices":[{"not_picked":["Escape Plan","Infinite Blades"],"picked":"Bane","floor":1},{"not_picked":["Slice","Backflip"],"picked":"Poisoned Stab","floor":2},{"not_picked":["Caltrops","Malaise","Outmaneuver"],"picked":"SKIP","floor":3},{"not_picked":["Malaise","Dodge and Roll"],"picked":"Catalyst","floor":5},{"not_picked":["PiercingWail","Caltrops"],"picked":"Envenom","floor":12},{"not_picked":["Acrobatics","Riddle With Holes"],"picked":"Bane","floor":14},{"not_picked":["Doppelganger","Venomology"],"picked":"Corpse Explosion","floor":16},{"not_picked":["Dagger Spray","Deflect+1","All Out Attack"],"picked":"SKIP","floor":18},{"not_picked":["Sucker Punch","Blade Dance","Eviscerate"],"picked":"SKIP","floor":22},{"not_picked":["Deadly Poison","Cloak And Dagger","Skewer"],"picked":"SKIP","floor":24},{"not_picked":["Quick Slash","PiercingWail","Slice"],"picked":"SKIP","floor":25},{"not_picked":["Quick Slash+1","Infinite Blades","Flying Knee"],"picked":"SKIP","floor":30}],"player_experience":115008,"relics_obtained":[{"floor":9,"key":"Matryoshka"},{"floor":26,"key":"Potion Belt"},{"floor":26,"key":"Bottled Flame"},{"floor":29,"key":"Smiling Mask"},{"floor":29,"key":"Gambling Chip"}],"event_choices":[{"event_name":"The Cleric","player_choice":"Leave","floor":8,"damage_taken":0},{"event_name":"Golden Idol","player_choice":"Take Damage","floor":10,"damage_taken":0},{"event_name":"Shining Light","player_choice":"Entered Light","floor":13,"damage_taken":0},{"event_name":"Bonfire Elementals","player_choice":"BASIC","floor":20,"damage_taken":0},{"event_name":"Drug Dealer","player_choice":"Ignored","floor":21,"damage_taken":0},{"event_name":"Cursed Tome","player_choice":"Obtained Book","floor":31,"damage_taken":0}],"boss_relics":[{"not_picked":["Pandora\u0027s Box","Black Star"],"picked":"Philosopher\u0027s Stone"}],"items_purged_floors":[4,19,27],"is_endless":false,"potions_floor_spawned":[1,16,18,22,25],"killed_by":"Collector","ascension_level":0}