{"gold_per_floor":[110,110,130,55,70,70,83,83,83,111,124,139,139,314,314,416,416,430,345,345,355,62,62,74,94,119,138,150,150,15,34,34,135,135,155,155,26,45,58,58,76,111,182,182,192,192,203,203,203,203],"floor_reached":51,"playtime":2085,"items_purged":["Zap","Doubt","Strike_B+1"],"score":766,"play_id":"a490c91c-2f1c-4ba8-a65c-da7bcdaff060","local_time":"20180921115340","is_ascension_mode":true,"campfire_choices":[{"data":"Gash","floor":6,"key":"SMITH"},{"data":"Gash","floor":8,"key":"SMITH"},{"floor":15,"key":"REST"},{"data":"Seek","floor":23,"key":"SMITH"},{"floor":29,"key":"REST"},{"data":"Beam Cell","floor":32,"key":"SMITH"},{"floor":40,"key":"REST"},{"floor":44,"key":"REST"},{"data":"Scrape","floor":49,"key":"SMITH"}],"neow_cost":"NONE","seed_source_timestamp":1176672637868,"circlet_count":0,"master_deck":["Strike_B+1","Strike_B+1","Defend_B+1","Defend_B+1","Defend_B+1","Rip and Tear","Rebound","Gash+1","Gash+1","All For One","Beam Cell+1","Seek+1","Reboot","Hologram+1","All For One","Scrape+1","Parasite"],"relics":["Cracked Core","Singing Bowl","Shuriken","Cursed Key","Pen Nib","Strange Spoon","Smiling Mask","Empty Cage","Calipers","Potion Belt","Toxic Egg 2"],"potions_floor_usage":[5,7,10,31,33,42,50,50],"damage_taken":[{"damage":18,"enemies":"Jaw Worm","floor":1,"turns":3},{"damage":0,"enemies":"Small Slimes","floor":3,"turns":3},{"damage":0,"enemies":"2 Louse","floor":5,"turns":2},{"damage":9,"enemies":"2 Fungi Beasts","floor":7,"turns":2},{"damage":22,"enemies":"Lagavulin","floor":10,"turns":4},{"damage":7,"enemies":"Blue Slaver","floor":11,"turns":2},{"damage":9,"enemies":"Exordium Thugs","floor":12,"turns":3},{"damage":22,"enemies":"Hexaghost","floor":16,"turns":6},{"damage":25,"enemies":"2 Thieves","floor":18,"turns":3},{"damage":5,"enemies":"3 Byrds","floor":21,"turns":3},{"damage":16,"enemies":"Snake Plant","floor":24,"turns":3},{"damage":0,"enemies":"Snecko","floor":25,"turns":2},{"damage":0,"enemies":"Centurion and Healer","floor":27,"turns":3},{"damage":2,"enemies":"Cultist and Chosen","floor":28,"turns":3},{"damage":13,"enemies":"Snake Plant","floor":31,"turns":2},{"damage":33,"enemies":"Champ","floor":33,"turns":4},{"damage":15,"enemies":"Orb Walker","floor":35,"turns":2},{"damage":34,"enemies":"Mind Bloom Boss Battle","floor":36,"turns":3},{"damage":0,"enemies":"3 Shapes","floor":38,"turns":1},{"damage":14,"enemies":"3 Darklings","floor":39,"turns":2},{"damage":0,"enemies":"Reptomancer","floor":41,"turns":1},{"damage":17,"enemies":"2 Orb Walkers","floor":42,"turns":3},{"damage":35,"enemies":"Maw","floor":45,"turns":4},{"damage":0,"enemies":"Transient","floor":47,"turns":5},{"damage":74,"enemies":"Awakened One","floor":50,"turns":6}],"seed_played":"5692672857954429190","potions_obtained":[{"floor":0,"key":"FairyPotion"},{"floor":0,"key":"Poison Potion"},{"floor":0,"key":"PowerPotion"},{"floor":3,"key":"Energy Potion"},{"floor":7,"key":"Dexterity Potion"},{"floor":25,"key":"FearPotion"},{"floor":28,"key":"Swift Potion"},{"floor":31,"key":"Ancient Potion"},{"floor":39,"key":"Poison Potion"},{"floor":45,"key":"SteroidPotion"},{"floor":47,"key":"FairyPotion"}],"is_trial":false,"path_per_floor":["M","?","M","$","M","R","M","R","T","E","M","M","?","?","R","B",null,"M","?","?","M","$","R","M","M","T","M","M","R","$","M","R","B",null,"M","?","$","M","M","R","M","E","T","R","M","?","M","?","R","B"],"character_chosen":"DEFECT","items_purchased":["Strange Spoon","All For One","Scrape"],"campfire_rested":4,"item_purchase_floors":[22,30,37],"current_hp_per_floor":[57,50,50,50,50,50,41,41,41,19,12,5,5,5,28,6,77,52,52,52,49,49,49,35,37,37,39,39,65,65,54,54,23,91,78,46,46,48,36,65,67,52,52,82,49,92,94,85,85,11],"gold":203,"neow_bonus":"THREE_SMALL_POTIONS","is_prod":false,"is_daily":false,"chose_seed":false,"campfire_upgraded":5,"win_rate":0,"timestamp":1537545220,"path_taken":["M","?","M","$","M","R","M","R","T","E","M","M","?","?","R","BOSS","M","?","?","M","$","R","M","?","T","M","M","R","$","M","R","BOSS","M","?","?","M","M","R","M","E","T","R","M","?","M","?","R","BOSS"],"build_version":"2018-09-20","purchased_purges":3,"victory":true,"max_hp_per_floor":[75,75,75,75,75,75,75,75,75,75,75,77,77,77,77,77,77,77,77,77,79,79,79,81,83,83,85,87,87,87,89,89,91,91,93,95,95,97,99,99,101,103,103,103,105,92,94,94,94,94],"card_choices":[{"not_picked":["BootSequence","Reprogram"],"picked":"Rip and Tear","floor":1},{"not_picked":["Hologram","Beam Cell"],"picked":"Rebound","floor":3},{"not_picked":["Go for the Eyes","Rebound"],"picked":"Gash","floor":5},{"not_picked":["Sweeping Beam","Static Discharge"],"picked":"Gash","floor":7},{"not_picked":["Sweeping Beam","Barrage"],"picked":"All For One","floor":10},{"not_picked":["Leap","Skim"],"picked":"Beam Cell","floor":11},{"not_picked":["Steam","Reinforced Body","Tempest"],"picked":"Singing Bowl","floor":12},{"not_picked":["Multi-Cast","Rainbow"],"picked":"Reboot","floor":16},{"not_picked":["Heatsinks","Ball Lightning"],"picked":"Hologram+1","floor":18},{"not_picked":["Tempest","Hello World","Coolheaded+1"],"picked":"Singing Bowl","floor":21},{"not_picked":["Coolheaded","Stack","Turbo"],"picked":"Singing Bowl","floor":24},{"not_picked":["Darkness","Ball Lightning","Blizzard"],"picked":"Singing Bowl","floor":25},{"not_picked":["Hologram","Skim","Streamline+1"],"picked":"Singing Bowl","floor":27},{"not_picked":["Sweeping Beam","Undo","Turbo+1"],"picked":"Singing Bowl","floor":28},{"not_picked":["Blizzard","Meteor Strike","Rebound"],"picked":"Singing Bowl","floor":31},{"not_picked":["Biased Cognition","Hyperbeam","Meteor Strike"],"picked":"Singing Bowl","floor":33},{"not_picked":["Defragment+1","Cold Snap+1","Gash"],"picked":"Singing Bowl","floor":35},{"not_picked":["Ball Lightning+1","Genetic Algorithm+1","Blizzard+1"],"picked":"Singing Bowl","floor":36},{"not_picked":["Lockon","Hologram+1","Turbo"],"picked":"Singing Bowl","floor":38},{"not_picked":["Barrage+1","All For One","Recycle+1"],"picked":"Singing Bowl","floor":39},{"not_picked":["Compile Driver","Ball Lightning","Aggregate"],"picked":"Singing Bowl","floor":41},{"not_picked":["Leap+1","Seek","Cold Snap+1"],"picked":"Singing Bowl","floor":42},{"not_picked":["Conserve Battery+1","Leap+1","Hologram+1"],"picked":"Singing Bowl","floor":45},{"not_picked":["Steam+1","Sweeping Beam","Glacier+1"],"picked":"Singing Bowl","floor":47}],"player_experience":369613,"relics_obtained":[{"floor":9,"key":"Singing Bowl"},{"floor":10,"key":"Shuriken"},{"floor":26,"key":"Smiling Mask"},{"floor":36,"key":"Calipers"},{"floor":42,"key":"Potion Belt"},{"floor":43,"key":"Toxic Egg 2"}],"event_choices":[{"event_name":"Golden Wing","player_choice":"Card Removal","floor":2,"damage_taken":0},{"event_name":"Transmorgrifier","player_choice":"Transform","floor":13,"damage_taken":0},{"event_name":"Liars Game","player_choice":"agreed","floor":14,"damage_taken":0},{"event_name":"Addict","player_choice":"Obtained Relic","floor":19,"damage_taken":0},{"event_name":"Back to Basics","player_choice":"Simplicity","floor":20,"damage_taken":0},{"event_name":"MindBloom","player_choice":"Fight","floor":36,"damage_taken":0},{"event_name":"The Moai Head","player_choice":"Heal","floor":46,"damage_taken":0},{"event_name":"Wheel of Change","player_choice":"Damage","floor":48,"damage_taken":0}],"is_beta":false,"boss_relics":[{"not_picked":["Calling Bell","Black Star"],"picked":"Cursed Key"},{"not_picked":["Runic Pyramid","Eternal Feather"],"picked":"Empty Cage"}],"items_purged_floors":[4,22,37],"is_endless":false,"potions_floor_spawned":[1,3,7,25,28,31,39,41,45,47],"ascension_level":1}