{"gold_per_floor":[113,66,66,76,76,76,1,20,20,38,67,67,96,114,114,114],"floor_reached":16,"playtime":626,"items_purged":["Regret"],"score":100,"play_id":"d1bfde9b-9845-4833-b089-1dce1b20635b","local_time":"20190323230952","is_ascension_mode":false,"campfire_choices":[{"data":"Thunderclap","floor":6,"key":"SMITH"},{"data":"Searing Blow+1","floor":12,"key":"SMITH"},{"floor":15,"key":"REST"}],"neow_cost":"NONE","seed_source_timestamp":7777172608413039,"circlet_count":0,"master_deck":["Strike_R","Strike_R","Strike_R","Strike_R","Strike_R","Defend_R","Defend_R","Defend_R","Bash","Flex","Flex","Thunderclap+1","Clothesline+1","Searing Blow+2","Heavy Blade+1","Twin Strike+1"],"relics":["Burning Blood","NeowsBlessing","Molten Egg 2","Question Card","Odd Mushroom","StoneCalendar"],"potions_floor_usage":[10,11,13],"damage_taken":[{"damage":0,"enemies":"Jaw Worm","floor":1,"turns":1},{"damage":0,"enemies":"2 Louse","floor":4,"turns":1},{"damage":0,"enemies":"Small Slimes","floor":8,"turns":2},{"damage":25,"enemies":"Exordium Thugs","floor":10,"turns":3},{"damage":31,"enemies":"The Mushroom Lair","floor":11,"turns":4},{"damage":27,"enemies":"3 Sentries","floor":13,"turns":6},{"damage":23,"enemies":"Exordium Wildlife","floor":14,"turns":4},{"damage":38,"enemies":"The Guardian","floor":16,"turns":7}],"seed_played":"6875312179504429806","potions_obtained":[{"floor":4,"key":"PowerPotion"},{"floor":10,"key":"Regen Potion"},{"floor":11,"key":"Strength Potion"}],"is_trial":false,"path_per_floor":["M","$","?","M","?","R","$","M","T","M","?","R","E","M","R","B"],"character_chosen":"IRONCLAD","items_purchased":["Flex"],"campfire_rested":1,"item_purchase_floors":[2],"current_hp_per_floor":[80,80,73,79,79,79,79,80,80,61,45,45,24,7,31,0],"gold":114,"neow_bonus":"THREE_ENEMY_KILL","is_prod":false,"is_daily":false,"chose_seed":false,"campfire_upgraded":2,"win_rate":0,"timestamp":1553396992,"path_taken":["M","$","?","M","?","R","$","M","T","M","?","R","E","M","R","BOSS"],"build_version":"2019-01-23","purchased_purges":1,"victory":false,"max_hp_per_floor":[80,80,80,80,80,80,80,80,80,80,80,80,80,80,80,80],"card_choices":[{"not_picked":["Feel No Pain","Warcry"],"picked":"Flex","floor":1},{"not_picked":["Uppercut","True Grit"],"picked":"Thunderclap","floor":4},{"not_picked":["Entrench","Rage"],"picked":"Clothesline+1","floor":8},{"not_picked":["Exhume","Rage","Warcry"],"picked":"Searing Blow+1","floor":10},{"not_picked":["Rage","Dropkick+1","Warcry"],"picked":"Heavy Blade+1","floor":11},{"not_picked":["Wild Strike+1","Double Tap","Clash+1","Iron Wave+1"],"picked":"SKIP","floor":13},{"not_picked":["Pommel Strike+1","Body Slam+1","Metallicize"],"picked":"Twin Strike+1","floor":14}],"player_experience":456775,"relics_obtained":[{"floor":9,"key":"Question Card"},{"floor":11,"key":"Odd Mushroom"},{"floor":13,"key":"StoneCalendar"}],"event_choices":[{"cards_removed":["Defend_R"],"damage_healed":0,"gold_gain":0,"player_choice":"Card Removal","damage_taken":7,"max_hp_gain":0,"max_hp_loss":0,"event_name":"Golden Wing","floor":3,"gold_loss":0},{"damage_healed":0,"gold_gain":0,"player_choice":"Box","damage_taken":0,"relics_obtained":["Molten Egg 2"],"max_hp_gain":0,"max_hp_loss":0,"event_name":"Big Fish","floor":5,"gold_loss":0,"cards_obtained":["Regret"]},{"damage_healed":0,"gold_gain":0,"player_choice":"Fought Mushrooms","damage_taken":0,"max_hp_gain":0,"max_hp_loss":0,"event_name":"Mushrooms","floor":11,"gold_loss":0}],"is_beta":false,"boss_relics":[],"items_purged_floors":[7],"is_endless":false,"potions_floor_spawned":[4,10,11],"killed_by":"The Guardian","ascension_level":0}