{"gold_per_floor":[112,126,144,164,164,198,198,198,198,198,208,221,236,43,43,142,142,159,0,0,16,16,16,16,16,91,103,119,119,138,149,149,248,248,258,269,24,43,56,56,0,0,0,0,100,113,113,141,141,141,141,141,6,35,35],"floor_reached":55,"playtime":3722,"items_purged":[],"score":751,"play_id":"a86605ec-d1fc-49ce-b053-87ce0ee7c0fd","local_time":"20190303073546","is_ascension_mode":false,"campfire_choices":[{"floor":10,"key":"REST"},{"data":"Rage","floor":15,"key":"SMITH"},{"data":"Armaments","floor":23,"key":"SMITH"},{"floor":25,"key":"RECALL"},{"floor":29,"key":"REST"},{"data":"Limit Break","floor":32,"key":"SMITH"},{"floor":40,"key":"REST"},{"floor":42,"key":"REST"},{"data":"Double Tap","floor":49,"key":"SMITH"},{"data":"Bash","floor":52,"key":"SMITH"}],"neow_cost":"NONE","seed_source_timestamp":112515823660211,"circlet_count":0,"master_deck":["Strike_R","Strike_R","Strike_R","Strike_R","Defend_R","Defend_R","Defend_R","Defend_R","Bash+1","Anger","Cleave","Anger","Headbutt","Rage+1","Anger","Armaments+1","Headbutt","Anger","Anger","Limit Break+1","Headbutt+1","Double Tap+1","Pommel Strike+1","Shrug It Off","Shrug It Off+1","Headbutt","Rage+1","Good Instincts+1","Rage+1"],"relics":["Burning Blood","Bronze Scales","Brimstone","Philosopher\u0027s Stone","Gremlin Horn","Cursed Key","ClockworkSouvenir","Red Mask","Torii","Toxic Egg 2","Ornamental Fan"],"potions_floor_usage":[28,33,45,48,54,55],"damage_taken":[{"damage":1,"enemies":"Cultist","floor":1,"turns":3},{"damage":0,"enemies":"Small Slimes","floor":2,"turns":2},{"damage":5,"enemies":"2 Louse","floor":3,"turns":2},{"damage":24,"enemies":"Exordium Thugs","floor":4,"turns":4},{"damage":46,"enemies":"3 Sentries","floor":6,"turns":7},{"damage":10,"enemies":"Looter","floor":11,"turns":2},{"damage":0,"enemies":"Large Slime","floor":12,"turns":4},{"damage":0,"enemies":"3 Louse","floor":13,"turns":3},{"damage":0,"enemies":"Slime Boss","floor":16,"turns":5},{"damage":3,"enemies":"Spheric Guardian","floor":18,"turns":3},{"damage":11,"enemies":"3 Byrds","floor":21,"turns":3},{"damage":25,"enemies":"Centurion and Healer","floor":27,"turns":4},{"damage":13,"enemies":"Snecko","floor":28,"turns":4},{"damage":4,"enemies":"Chosen and Byrds","floor":30,"turns":3},{"damage":3,"enemies":"Sentry and Sphere","floor":31,"turns":3},{"damage":25,"enemies":"Collector","floor":33,"turns":6},{"damage":6,"enemies":"Orb Walker","floor":35,"turns":3},{"damage":31,"enemies":"3 Darklings","floor":36,"turns":3},{"damage":32,"enemies":"Spire Growth","floor":38,"turns":3},{"damage":14,"enemies":"Jaw Worm Horde","floor":39,"turns":2},{"damage":17,"enemies":"Mind Bloom Boss Battle","floor":45,"turns":5},{"damage":16,"enemies":"Writhing Mass","floor":46,"turns":4},{"damage":1,"enemies":"Giant Head","floor":48,"turns":4},{"damage":80,"enemies":"Time Eater","floor":50,"turns":8},{"damage":48,"enemies":"Shield and Spear","floor":54,"turns":4},{"damage":87,"enemies":"The Heart","floor":55,"turns":5}],"seed_played":"-7608639488585392837","potions_obtained":[{"floor":6,"key":"SpeedPotion"},{"floor":8,"key":"BloodPotion"},{"floor":8,"key":"Dexterity Potion"},{"floor":12,"key":"Ancient Potion"},{"floor":28,"key":"Ancient Potion"},{"floor":30,"key":"FearPotion"},{"floor":46,"key":"Swift Potion"}],"is_trial":false,"path_per_floor":["M","?","?","M","?","?","?","M","?","?","?","M","?"],"character_chosen":"IRONCLAD","items_purchased":["Brimstone","ClockworkSouvenir","Shrug It Off","Swift Potion","Good Instincts+1"],"campfire_rested":4,"item_purchase_floors":[14,37,37,53,53],"current_hp_per_floor":[80,80,80,62,62,22,22,22,22,46,42,48,54,54,54,60,80,80,80,80,75,75,75,75,75,75,56,57,80,80,80,80,61,80,80,55,55,29,21,45,45,69,69,69,58,48,90,90,90,16,90,90,90,48,0],"gold":35,"neow_bonus":"THREE_CARDS","is_prod":false,"is_daily":false,"chose_seed":false,"campfire_upgraded":5,"win_rate":0,"timestamp":1551609346,"path_taken":["M","?","M","M","$","E","?","?","T","R","M","?","M","$","R","BOSS","M","?","?","M","?","R","$","R","T","M","M","R","?","M","R","BOSS","M","M","$","M","M","R","?","R","T","?","?","?","?","E","R","BOSS","R","$","E","BOSS"],"build_version":"2019-01-23","purchased_purges":0,"victory":false,"max_hp_per_floor":[80,80,80,80,80,80,80,80,80,80,80,80,80,80,80,80,80,80,80,80,80,80,80,80,80,80,80,80,80,80,80,80,80,80,80,80,80,80,80,80,80,80,80,80,80,80,90,90,90,90,90,90,90,90,90],"card_choices":[{"not_picked":["Wild Strike","Blood for Blood"],"picked":"Anger","floor":0},{"not_picked":["Sword Boomerang","Perfected Strike"],"picked":"Cleave","floor":1},{"not_picked":["Body Slam","Shockwave"],"picked":"Anger","floor":2},{"not_picked":["Barricade","Wild Strike","Spot Weakness"],"picked":"SKIP","floor":3},{"not_picked":["Heavy Blade","Iron Wave","Hemokinesis"],"picked":"SKIP","floor":4},{"not_picked":["Rampage","Pommel Strike"],"picked":"Headbutt","floor":6},{"not_picked":["Shockwave","Seeing Red"],"picked":"Rage","floor":11},{"not_picked":["Flame Barrier","Hemokinesis"],"picked":"Anger","floor":12},{"not_picked":["Iron Wave","Heavy Blade"],"picked":"Armaments","floor":13},{"not_picked":["Reckless Charge","Armaments"],"picked":"Headbutt","floor":18},{"not_picked":["Body Slam","Bloodletting"],"picked":"Anger","floor":21},{"not_picked":["Thunderclap","Heavy Blade","Body Slam"],"picked":"SKIP","floor":27},{"not_picked":["Clothesline+1","Twin Strike+1"],"picked":"Anger","floor":28},{"not_picked":["Clothesline+1","Armaments"],"picked":"Limit Break","floor":30},{"not_picked":["Armaments","Sentinel+1"],"picked":"Headbutt+1","floor":31},{"not_picked":["Berserk","Demon Form"],"picked":"Double Tap","floor":33},{"not_picked":["Body Slam+1","Clothesline","Burning Pact"],"picked":"SKIP","floor":35},{"not_picked":["True Grit","Inflame"],"picked":"Pommel Strike+1","floor":36},{"not_picked":["Blood for Blood+1","True Grit","Sentinel+1"],"picked":"SKIP","floor":38},{"not_picked":["Rampage","Fire Breathing"],"picked":"Shrug It Off+1","floor":39},{"not_picked":["Sadistic Nature","Discovery"],"picked":"Master of Strategy","floor":44},{"not_picked":["Clothesline","Perfected Strike"],"picked":"Headbutt","floor":46},{"not_picked":["Heavy Blade+1","Bludgeon"],"picked":"Rage","floor":48},{"not_picked":["Power Through+1","Flex+1"],"picked":"Rage+1","floor":54}],"player_experience":251439,"relics_obtained":[{"floor":6,"key":"Bronze Scales"},{"floor":26,"key":"Gremlin Horn"},{"floor":45,"key":"Torii"},{"floor":48,"key":"Toxic Egg 2"},{"floor":54,"key":"Ornamental Fan"}],"event_choices":[{"damage_healed":0,"gold_gain":0,"player_choice":"Ignored","damage_taken":0,"max_hp_gain":0,"max_hp_loss":0,"event_name":"Shining Light","floor":7,"gold_loss":0},{"damage_healed":0,"gold_gain":0,"player_choice":"Got Potions","damage_taken":0,"max_hp_gain":0,"max_hp_loss":0,"event_name":"Lab","floor":8,"gold_loss":0},{"damage_healed":0,"gold_gain":0,"player_choice":"Paid Fearfully","damage_taken":0,"max_hp_gain":0,"max_hp_loss":0,"event_name":"Masked Bandits","floor":19,"gold_loss":159},{"damage_healed":0,"gold_gain":0,"player_choice":"Ignored","damage_taken":0,"max_hp_gain":0,"max_hp_loss":0,"event_name":"Beggar","floor":20,"gold_loss":0},{"cards_removed":["Strike_R"],"damage_healed":0,"gold_gain":0,"player_choice":"Purged","damage_taken":0,"max_hp_gain":0,"max_hp_loss":0,"event_name":"Purifier","floor":22,"gold_loss":0},{"damage_healed":0,"gold_gain":0,"player_choice":"Paid","damage_taken":0,"relics_obtained":["Red Mask"],"max_hp_gain":0,"max_hp_loss":0,"event_name":"Tomb of Lord Red Mask","floor":41,"gold_loss":56},{"damage_healed":0,"gold_gain":0,"player_choice":"Memory 1","damage_taken":0,"max_hp_gain":0,"max_hp_loss":0,"event_name":"SensoryStone","floor":44,"gold_loss":0},{"damage_healed":0,"gold_gain":0,"player_choice":"Fight","damage_taken":0,"max_hp_gain":0,"max_hp_loss":0,"event_name":"MindBloom","floor":45,"gold_loss":0},{"cards_removed":["Master of Strategy"],"damage_healed":32,"gold_gain":0,"player_choice":"Offered Rare","damage_taken":0,"max_hp_gain":10,"max_hp_loss":0,"event_name":"Bonfire Elementals","floor":47,"gold_loss":0}],"is_beta":false,"boss_relics":[{"not_picked":["Black Blood","Snecko Eye"],"picked":"Philosopher\u0027s Stone"},{"not_picked":["Black Star","Calling Bell"],"picked":"Cursed Key"}],"items_purged_floors":[],"is_endless":false,"potions_floor_spawned":[6,11,12,13,27,28,30,46],"killed_by":"The Heart","ascension_level":0}