{"gold_per_floor":[116,136,136,61,61,61,79,94,94,113,113,127,127,167,167,287,287,305,205,224,224,243,243,279,294,294,294,312,412,412],"floor_reached":30,"playtime":806,"items_purged":["Defend_R","Defend_R"],"score":252,"play_id":"3504af8f-c587-48ea-9766-98688ac5adb1","local_time":"20180720133126","is_ascension_mode":false,"campfire_choices":[{"data":"Perfected Strike","floor":6,"key":"SMITH"},{"data":"Perfected Strike","floor":15,"key":"SMITH"},{"data":"Thunderclap","floor":23,"key":"SMITH"},{"data":"Bash","floor":27,"key":"SMITH"}],"neow_cost":"NONE","seed_source_timestamp":796902130252489,"circlet_count":0,"master_deck":["Strike_R","Strike_R","Strike_R+1","Strike_R","Strike_R","Defend_R","Defend_R","Bash+1","Perfected Strike+1","Perfected Strike+1","Perfected Strike+1","Injury","Regret","Thunderclap+1","Battle Trance+1"],"relics":["Burning Blood","NeowsBlessing","CultistMask","Paper Frog","Golden Idol","Frozen Egg 2","Ginger","Coffee Dripper","Enchiridion","Toxic Egg 2","Sundial"],"potions_floor_usage":[16,16,30,30],"damage_taken":[{"damage":0,"enemies":"2 Louse","floor":1,"turns":1},{"damage":0,"enemies":"Cultist","floor":2,"turns":1},{"damage":0,"enemies":"Small Slimes","floor":7,"turns":1},{"damage":6,"enemies":"3 Louse","floor":8,"turns":3},{"damage":10,"enemies":"Looter","floor":10,"turns":2},{"damage":2,"enemies":"Large Slime","floor":12,"turns":3},{"damage":21,"enemies":"Lagavulin","floor":14,"turns":3},{"damage":20,"enemies":"The Guardian","floor":16,"turns":5},{"damage":10,"enemies":"2 Thieves","floor":18,"turns":3},{"damage":17,"enemies":"Shell Parasite","floor":20,"turns":3},{"damage":4,"enemies":"Snecko","floor":22,"turns":3},{"damage":26,"enemies":"Slavers","floor":24,"turns":3},{"damage":13,"enemies":"Cultist and Chosen","floor":25,"turns":3},{"damage":23,"enemies":"Snake Plant","floor":28,"turns":3},{"damage":8,"enemies":"Sentry and Sphere","floor":30,"turns":2}],"seed_played":"5557334944838282137","potions_obtained":[{"floor":7,"key":"FearPotion"},{"floor":10,"key":"Weak Potion"},{"floor":12,"key":"FearPotion"},{"floor":16,"key":"Strength Potion"},{"floor":18,"key":"FearPotion"},{"floor":22,"key":"Swift Potion"},{"floor":24,"key":"Energy Potion"}],"is_trial":false,"path_per_floor":["M","M","?","$","?","R","M","M","T","M","?","M","?","E","R","B",null,"M","$","M","?","M","R","E","M","T","R","M","?"],"character_chosen":"IRONCLAD","items_purchased":[],"campfire_rested":0,"item_purchase_floors":[],"current_hp_per_floor":[80,80,80,80,64,64,70,70,70,66,66,70,70,55,55,41,80,76,76,65,49,51,51,31,24,24,24,7,7,0],"gold":412,"neow_bonus":"THREE_ENEMY_KILL","is_prod":false,"is_daily":false,"chose_seed":false,"campfire_upgraded":4,"win_rate":0,"timestamp":1532107886,"path_taken":["M","M","?","$","?","R","M","M","T","M","?","?","?","E","R","BOSS","M","$","M","?","M","R","E","M","T","R","M","?","M"],"build_version":"2018-07-19v2","purchased_purges":2,"victory":false,"max_hp_per_floor":[80,80,80,80,80,80,80,80,80,80,80,80,80,80,80,80,80,80,80,80,80,80,80,80,80,80,80,80,80,80],"card_choices":[{"not_picked":["Disarm","Clothesline"],"picked":"Perfected Strike","floor":1},{"not_picked":["Warcry","Iron Wave"],"picked":"Perfected Strike","floor":2},{"not_picked":["Disarm","Clash","Blood for Blood"],"picked":"SKIP","floor":7},{"not_picked":["Infernal Blade","Reckless Charge"],"picked":"Perfected Strike","floor":8},{"not_picked":["Cleave","Dual Wield","Havoc"],"picked":"SKIP","floor":10},{"not_picked":["Hemokinesis","Dropkick","Rupture"],"picked":"SKIP","floor":12},{"not_picked":["Clash","True Grit"],"picked":"Thunderclap","floor":14},{"not_picked":["Bloodletting","Iron Wave","Fire Breathing+1"],"picked":"SKIP","floor":18},{"not_picked":["True Grit","Sword Boomerang","Reckless Charge"],"picked":"SKIP","floor":20},{"not_picked":["Flex","Twin Strike","Dual Wield+1"],"picked":"SKIP","floor":22},{"not_picked":["Shockwave","Evolve+1"],"picked":"Battle Trance","floor":24},{"not_picked":["Clothesline+1","Dual Wield+1","True Grit+1"],"picked":"SKIP","floor":25},{"not_picked":["Armaments+1","Body Slam","Clash"],"picked":"SKIP","floor":28}],"player_experience":267148,"relics_obtained":[{"floor":9,"key":"Paper Frog"},{"floor":14,"key":"Ginger"},{"floor":21,"key":"Enchiridion"},{"floor":24,"key":"Toxic Egg 2"},{"floor":26,"key":"Sundial"}],"event_choices":[{"event_name":"FaceTrader","player_choice":"Trade","floor":3,"damage_taken":0},{"event_name":"Shining Light","player_choice":"Entered Light","floor":5,"damage_taken":0},{"event_name":"Golden Idol","player_choice":"Take Wound","floor":11,"damage_taken":0},{"event_name":"Big Fish","player_choice":"Box","floor":13,"damage_taken":0},{"event_name":"Cursed Tome","player_choice":"Obtained Book","floor":21,"damage_taken":0},{"event_name":"Golden Shrine","player_choice":"Pray","floor":29,"damage_taken":0}],"is_beta":false,"boss_relics":[{"not_picked":["Ectoplasm","Black Star"],"picked":"Coffee Dripper"}],"items_purged_floors":[4,19],"is_endless":false,"potions_floor_spawned":[7,10,12,16,18,22,24],"killed_by":"Sentry and Sphere","ascension_level":0}