{"gold_per_floor":[117,19,35,46,46,46,46,46,70,131,131,82,82,111,111,206,206,225,245,245,260,280,280,88,88,88,103,116,116,135,10,10,113,113,129,77,0,0,20,48,48,48,48,61,61,75,75,87,87,87],"floor_reached":50,"playtime":1731,"items_purged":["Defend_R","Defend_R","Bash"],"score":545,"play_id":"6e01a4d2-3175-43f6-8263-d17adae883ff","local_time":"20190101122019","is_ascension_mode":false,"campfire_choices":[{"data":"Perfected Strike","floor":6,"key":"SMITH"},{"data":"Perfected Strike","floor":8,"key":"SMITH"},{"floor":15,"key":"REST"},{"data":"Shrug It Off","floor":23,"key":"SMITH"},{"data":"Defend_R","floor":32,"key":"SMITH"},{"floor":42,"key":"REST"},{"data":"Flex","floor":49,"key":"SMITH"}],"neow_cost":"NONE","seed_source_timestamp":742116489308149,"circlet_count":0,"master_deck":["Strike_R+1","Strike_R+1","Strike_R","Strike_R","Strike_R","Defend_R+1","Defend_R","Shrug It Off+1","Perfected Strike+1","Pommel Strike","Perfected Strike+1","Flex+1","Perfected Strike+1","Perfected Strike+1","Perfected Strike+1","Perfected Strike+1","Pommel Strike+1"],"relics":["Burning Blood","Unceasing Top","Art of War","Molten Egg 2","FossilizedHelix","Velvet Choker","Sundial","Eternal Feather","Red Mask","Bag of Preparation","Frozen Egg 2","Blood Vial"],"potions_floor_usage":[18,18,33,33,33,40,48,50],"damage_taken":[{"damage":11,"enemies":"Jaw Worm","floor":1,"turns":3},{"damage":10,"enemies":"Small Slimes","floor":3,"turns":3},{"damage":5,"enemies":"2 Louse","floor":4,"turns":2},{"damage":14,"enemies":"Gremlin Nob","floor":10,"turns":3},{"damage":14,"enemies":"Gremlin Nob","floor":14,"turns":3},{"damage":0,"enemies":"Slime Boss","floor":16,"turns":9},{"damage":0,"enemies":"Spheric Guardian","floor":18,"turns":2},{"damage":18,"enemies":"Shell Parasite","floor":19,"turns":3},{"damage":39,"enemies":"Shelled Parasite and Fungi","floor":21,"turns":4},{"damage":5,"enemies":"Cultist and Chosen","floor":22,"turns":4},{"damage":5,"enemies":"Chosen and Byrds","floor":27,"turns":4},{"damage":15,"enemies":"Shelled Parasite and Fungi","floor":28,"turns":3},{"damage":5,"enemies":"Cultist and Chosen","floor":30,"turns":3},{"damage":68,"enemies":"Automaton","floor":33,"turns":7},{"damage":8,"enemies":"3 Darklings","floor":35,"turns":5},{"damage":6,"enemies":"3 Shapes","floor":39,"turns":2},{"damage":55,"enemies":"Nemesis","floor":40,"turns":5},{"damage":0,"enemies":"Sphere and 2 Shapes","floor":44,"turns":3},{"damage":16,"enemies":"3 Darklings","floor":46,"turns":3},{"damage":0,"enemies":"Maw","floor":48,"turns":4},{"damage":90,"enemies":"Time Eater","floor":50,"turns":6}],"seed_played":"-1286630649397111279","potions_obtained":[{"floor":10,"key":"SkillPotion"},{"floor":16,"key":"Fire Potion"},{"floor":27,"key":"Strength Potion"},{"floor":28,"key":"Ancient Potion"},{"floor":30,"key":"Poison Potion"},{"floor":35,"key":"EssenceOfSteel"},{"floor":44,"key":"Fire Potion"},{"floor":46,"key":"FearPotion"}],"is_trial":false,"path_per_floor":["M","$","M","M","?","R","$","R","T","?","?","$","?","E","R","B",null,"M","M","?","M","M","R","$","?","T","M","M","$","M","$","R","B",null,"M","$","?","?","M","E","$","R","T","M","T","M","?","M","R","B"],"character_chosen":"IRONCLAD","items_purchased":["Perfected Strike","Flex","Perfected Strike+1","Flex","Perfected Strike+1"],"campfire_rested":2,"item_purchase_floors":[2,12,24,24,36],"current_hp_per_floor":[75,75,71,72,65,65,65,65,65,57,41,41,41,33,57,63,80,80,68,80,47,48,48,48,90,90,90,81,81,82,82,82,20,90,88,88,88,88,88,39,39,75,75,81,81,73,73,81,90,0],"gold":87,"neow_bonus":"ONE_RANDOM_RARE_CARD","is_prod":false,"is_daily":false,"chose_seed":false,"campfire_upgraded":5,"win_rate":0,"timestamp":1546363219,"path_taken":["M","$","M","M","?","R","$","R","T","?","?","?","?","E","R","BOSS","M","M","?","M","M","R","$","?","T","M","M","$","?","$","R","BOSS","M","$","?","?","M","E","$","R","T","?","?","M","?","M","R","BOSS"],"build_version":"2018-12-20","purchased_purges":3,"victory":false,"max_hp_per_floor":[80,80,80,80,80,80,80,80,80,80,80,80,80,80,80,80,80,80,80,80,80,80,80,80,90,90,90,90,90,90,90,90,90,90,90,90,90,90,90,90,90,90,90,90,90,90,90,90,90,90],"card_choices":[{"not_picked":["Havoc","Pummel"],"picked":"Shrug It Off","floor":1},{"not_picked":["Clothesline","Second Wind"],"picked":"Pommel Strike","floor":3},{"not_picked":["Armaments","Clash"],"picked":"Perfected Strike","floor":4},{"not_picked":["Burning Pact","Havoc","Iron Wave+1"],"picked":"SKIP","floor":14},{"not_picked":["Dark Embrace","Immolate+1"],"picked":"Demon Form","floor":16},{"not_picked":["Corruption","Feel No Pain+1","Sever Soul+1"],"picked":"SKIP","floor":18},{"not_picked":["Anger+1","Flame Barrier","Body Slam+1"],"picked":"SKIP","floor":19},{"not_picked":["Uppercut+1","Armaments"],"picked":"Perfected Strike+1","floor":21},{"not_picked":["Dual Wield","Shrug It Off"],"picked":"Perfected Strike+1","floor":22},{"not_picked":["Body Slam+1","Warcry","Headbutt+1"],"picked":"SKIP","floor":27},{"not_picked":["Havoc","Body Slam+1","Inflame"],"picked":"SKIP","floor":28},{"not_picked":["Dropkick+1","Heavy Blade+1","Feed+1"],"picked":"SKIP","floor":30},{"not_picked":["Disarm","Twin Strike+1","Anger+1"],"picked":"SKIP","floor":35},{"not_picked":["Shockwave","Sentinel+1","Warcry+1"],"picked":"SKIP","floor":39},{"not_picked":["Blood for Blood+1","Feel No Pain","Headbutt+1"],"picked":"SKIP","floor":40},{"not_picked":["Flex+1","Anger+1"],"picked":"Pommel Strike+1","floor":44},{"not_picked":["Clash+1","Thunderclap+1","Iron Wave+1"],"picked":"SKIP","floor":46},{"not_picked":["Warcry","Body Slam+1","Power Through+1"],"picked":"SKIP","floor":48}],"player_experience":442624,"relics_obtained":[{"floor":9,"key":"Art of War"},{"floor":10,"key":"Molten Egg 2"},{"floor":14,"key":"FossilizedHelix"},{"floor":26,"key":"Sundial"},{"floor":40,"key":"Bag of Preparation"},{"floor":43,"key":"Frozen Egg 2"},{"floor":45,"key":"Blood Vial"}],"event_choices":[{"damage_healed":0,"gold_gain":0,"player_choice":"Success","damage_taken":7,"relics_obtained":["Unceasing Top"],"max_hp_gain":0,"max_hp_loss":0,"event_name":"Scrap Ooze","floor":5,"gold_loss":0},{"damage_healed":0,"gold_gain":0,"player_choice":"Searched \u00272\u0027 times","damage_taken":0,"max_hp_gain":0,"max_hp_loss":0,"event_name":"Dead Adventurer","floor":10,"gold_loss":0},{"damage_healed":0,"gold_gain":0,"player_choice":"Entered Light","damage_taken":16,"max_hp_gain":0,"max_hp_loss":0,"event_name":"Shining Light","floor":11,"gold_loss":0,"cards_upgraded":["Strike_R","Strike_R"]},{"cards_removed":["Limit Break"],"damage_healed":0,"gold_gain":0,"player_choice":"Forget","damage_taken":0,"max_hp_gain":0,"max_hp_loss":0,"event_name":"Living Wall","floor":13,"gold_loss":0},{"damage_healed":26,"gold_gain":0,"player_choice":"Heal","damage_taken":0,"max_hp_gain":0,"max_hp_loss":0,"event_name":"The Library","floor":20,"gold_loss":0},{"cards_removed":["Demon Form"],"damage_healed":32,"gold_gain":0,"player_choice":"Offered Rare","damage_taken":0,"max_hp_gain":10,"max_hp_loss":0,"event_name":"Bonfire Elementals","floor":25,"gold_loss":0},{"damage_healed":0,"gold_gain":0,"player_choice":"Paid","damage_taken":0,"relics_obtained":["Red Mask"],"max_hp_gain":0,"max_hp_loss":0,"event_name":"Tomb of Lord Red Mask","floor":37,"gold_loss":77},{"cards_removed":["Flex"],"damage_healed":0,"gold_gain":0,"player_choice":"Removed Skill","damage_taken":0,"max_hp_gain":0,"max_hp_loss":0,"event_name":"Falling","floor":38,"gold_loss":0},{"damage_healed":0,"gold_gain":0,"player_choice":"Memory 1","damage_taken":0,"max_hp_gain":0,"max_hp_loss":0,"event_name":"SensoryStone","floor":47,"gold_loss":0}],"is_beta":false,"boss_relics":[{"not_picked":["Snecko Eye","Busted Crown"],"picked":"Velvet Choker"},{"not_picked":["White Beast Statue","Runic Pyramid"],"picked":"Eternal Feather"}],"items_purged_floors":[2,24,31],"is_endless":false,"potions_floor_spawned":[10,16,27,28,30,35,44,46],"killed_by":"Time Eater","ascension_level":0}