{"gold_per_floor":[115,190,201,6,6,41,41,51,77,77,107,189,216,90,90,192,192,212,229,328,26,42,42,68,68,121,153,78,109,109,167,167,262,262,276,376,20,34,0,30,30,56,56,87,87,47,47,58,58,58],"floor_reached":51,"playtime":2844,"items_purged":["Strike_G","Bullet Time+1"],"score":1341,"play_id":"a2f279d7-396f-4a3a-859b-a0e0024d696b","local_time":"20190331170357","is_ascension_mode":true,"campfire_choices":[{"floor":7.0,"key":"REST"},{"floor":15.0,"key":"REST"},{"data":"Neutralize","floor":23.0,"key":"SMITH"},{"data":"Bullet Time","floor":30.0,"key":"SMITH"},{"data":"Ghostly","floor":32.0,"key":"SMITH"},{"floor":41,"key":"REST"},{"data":"Cloak And Dagger","floor":47,"key":"SMITH"},{"floor":49,"key":"DIG"}],"neow_cost":"NONE","seed_source_timestamp":0,"circlet_count":0,"master_deck":["Defend_G","Defend_G","Defend_G","Strike_G+1","Strike_G+1","Survivor","Neutralize+1","Dash+1","Flying Knee","PiercingWail+1","Flying Knee","PiercingWail+1","Doppelganger+1","Skewer+1","Backflip","Backflip+1","Backstab","Ghostly+1","Ghostly","Ghostly","Ghostly","Ghostly","Crippling Poison","Storm of Steel","Escape Plan+1","Cloak And Dagger+1","Acrobatics+1","Cloak And Dagger+1"],"special_seed":0,"relics":["Ring of the Snake","Oddly Smooth Stone","Bronze Scales","Snake Skull","Happy Flower","Ornamental Fan","Paper Crane","Whetstone","Astrolabe","Vajra","Dream Catcher","Unceasing Top","Blood Vial","Omamori","Mummified Hand","Tiny Chest","Cursed Key","Shovel","Shuriken","Red Mask","Boot","Meat on the Bone","PreservedInsect","Ninja Scroll"],"potions_floor_usage":[40,50,50,50],"damage_taken":[{"damage":5.0,"enemies":"Jaw Worm","floor":1.0,"turns":5.0},{"damage":0.0,"enemies":"2 Louse","floor":3.0,"turns":3.0},{"damage":12.0,"enemies":"Gremlin Nob","floor":6.0,"turns":5.0},{"damage":0.0,"enemies":"Small Slimes","floor":8.0,"turns":3.0},{"damage":22.0,"enemies":"3 Sentries","floor":11.0,"turns":10.0},{"damage":2.0,"enemies":"Lagavulin","floor":13.0,"turns":5.0},{"damage":13.0,"enemies":"Slime Boss","floor":16.0,"turns":15.0},{"damage":0.0,"enemies":"Shell Parasite","floor":18.0,"turns":4.0},{"damage":0.0,"enemies":"Spheric Guardian","floor":19.0,"turns":3.0},{"damage":0.0,"enemies":"Snake Plant","floor":22.0,"turns":4.0},{"damage":18.0,"enemies":"Book of Stabbing","floor":24.0,"turns":6.0},{"damage":0.0,"enemies":"Gremlin Leader","floor":27.0,"turns":8.0},{"damage":1.0,"enemies":"Book of Stabbing","floor":29.0,"turns":7.0},{"damage":2.0,"enemies":"Slavers","floor":31.0,"turns":5.0},{"damage":21.0,"enemies":"Automaton","floor":33.0,"turns":14.0},{"damage":0.0,"enemies":"Orb Walker","floor":35.0,"turns":3.0},{"damage":0.0,"enemies":"Mind Bloom Boss Battle","floor":36.0,"turns":6.0},{"damage":0.0,"enemies":"3 Shapes","floor":38.0,"turns":3.0},{"damage":10,"enemies":"Nemesis","floor":40,"turns":7},{"damage":5,"enemies":"Reptomancer","floor":42,"turns":7},{"damage":0,"enemies":"Nemesis","floor":44,"turns":5},{"damage":0,"enemies":"Writhing Mass","floor":48,"turns":6},{"damage":0,"enemies":"Donu and Deca","floor":50,"turns":8}],"seed_played":"4631213566473152211","potions_obtained":[{"floor":1.0,"key":"AttackPotion"},{"floor":3.0,"key":"Weak Potion"},{"floor":11.0,"key":"SpeedPotion"},{"floor":18.0,"key":"SteroidPotion"},{"floor":19.0,"key":"LiquidBronze"},{"floor":33.0,"key":"Ancient Potion"},{"floor":35.0,"key":"Strength Potion"},{"floor":44,"key":"Poison Potion"},{"floor":46,"key":"PowerPotion"}],"is_trial":false,"path_per_floor":["?","?","?","T","?","?","?","?","?","?","?"],"character_chosen":"THE_SILENT","items_purchased":["Bronze Scales","Poison Potion","SteroidPotion","Vajra","Dream Catcher","Shuriken"],"campfire_rested":3,"item_purchase_floors":[4,4,14,21,21,37],"current_hp_per_floor":[58,47,47,47,47,35,56,56,56,42,20,20,18,18,39,26,59,59,59,59,59,59,59,41,35,35,35,35,34,34,33,33,14,30,32,34,34,35,35,25,35,30,30,32,32,32,32,34,34,35],"gold":58,"neow_bonus":"RANDOM_COMMON_RELIC","is_prod":false,"is_daily":false,"chose_seed":false,"campfire_upgraded":4,"win_rate":0,"timestamp":1554066237,"path_taken":["M","?","M","$","?","E","R","M","T","?","E","?","E","$","R","BOSS","M","M","?","$","M","R","E","?","T","E","?","E","R","E","R","BOSS","M","?","$","M","?","E","R","E","T","E","?","?","R","M","R","BOSS"],"build_version":"2019-01-23","purchased_purges":2,"victory":true,"max_hp_per_floor":[70,70,70,70,70,70,70,70,70,70,70,70,70,70,70,70,70,70,70,70,70,70,70,70,35,35,35,35,35,35,35,35,35,35,35,35,35,35,35,35,35,35,35,35,35,35,35,35,35,35],"card_choices":[{"not_picked":["Backstab","Underhanded Strike"],"picked":"Dash","floor":1.0},{"not_picked":["Predator","Prepared"],"picked":"Flying Knee","floor":3.0},{"not_picked":["Finisher","Bane","Concentrate"],"picked":"SKIP","floor":6.0},{"not_picked":["Sucker Punch","Prepared"],"picked":"PiercingWail","floor":8.0},{"not_picked":["Night Terror","Setup"],"picked":"Flying Knee","floor":11.0},{"not_picked":["Riddle With Holes","Sucker Punch","Slice"],"picked":"SKIP","floor":13.0},{"not_picked":["Die Die Die","Unload"],"picked":"Bullet Time","floor":16.0},{"not_picked":["Acrobatics","Dagger Throw+1"],"picked":"Skewer+1","floor":18.0},{"not_picked":["Poisoned Stab","Eviscerate+1"],"picked":"Backflip","floor":19.0},{"not_picked":["Underhanded Strike","Flying Knee+1"],"picked":"Backflip+1","floor":22.0},{"not_picked":["Dagger Throw+1","Blade Dance"],"picked":"Backstab","floor":24.0},{"not_picked":["Slice","Masterful Stab","Dagger Spray+1"],"picked":"SKIP","floor":27.0},{"not_picked":["Dagger Spray","Outmaneuver+1","Skewer"],"picked":"SKIP","floor":29.0},{"not_picked":["Prepared","Bane+1"],"picked":"Crippling Poison","floor":31.0},{"not_picked":["Doppelganger","Bullet Time"],"picked":"Storm of Steel","floor":33.0},{"not_picked":["Poisoned Stab+1","Concentrate+1","Outmaneuver"],"picked":"SKIP","floor":35.0},{"not_picked":["Dagger Spray","All Out Attack+1"],"picked":"Escape Plan+1","floor":36.0},{"not_picked":["Dagger Spray","Deflect"],"picked":"Cloak And Dagger","floor":38.0},{"not_picked":["Deadly Poison+1","Skewer","Catalyst"],"picked":"SKIP","floor":40},{"not_picked":["Accuracy+1","Bane"],"picked":"Acrobatics+1","floor":42},{"not_picked":["Poisoned Stab","Outmaneuver+1"],"picked":"Cloak And Dagger+1","floor":44},{"not_picked":["Dodge and Roll+1","Blade Dance","PiercingWail"],"picked":"SKIP","floor":48}],"player_experience":385257,"relics_obtained":[{"floor":6.0,"key":"Snake Skull"},{"floor":9.0,"key":"Happy Flower"},{"floor":11.0,"key":"Ornamental Fan"},{"floor":12.0,"key":"Paper Crane"},{"floor":13.0,"key":"Whetstone"},{"floor":24.0,"key":"Unceasing Top"},{"floor":26.0,"key":"Blood Vial"},{"floor":27.0,"key":"Omamori"},{"floor":29.0,"key":"Mummified Hand"},{"floor":31.0,"key":"Tiny Chest"},{"floor":36.0,"key":"Shovel"},{"floor":40,"key":"Boot"},{"floor":42,"key":"Meat on the Bone"},{"floor":44,"key":"PreservedInsect"},{"floor":49,"key":"Ninja Scroll"}],"event_choices":[{"damage_healed":0.0,"max_hp_gain":0.0,"max_hp_loss":0.0,"gold_gain":75.0,"event_name":"World of Goop","player_choice":"Gather Gold","floor":2.0,"gold_loss":0.0,"damage_taken":11.0},{"damage_healed":0.0,"max_hp_gain":0.0,"max_hp_loss":0.0,"gold_gain":0.0,"event_name":"Liars Game","player_choice":"Ignored","floor":5.0,"gold_loss":0.0,"damage_taken":0.0},{"damage_healed":0.0,"max_hp_gain":0.0,"max_hp_loss":0.0,"gold_gain":0.0,"event_name":"Shining Light","player_choice":"Entered Light","floor":10.0,"gold_loss":0.0,"damage_taken":14.0,"cards_upgraded":["Strike_G","PiercingWail"]},{"damage_healed":0.0,"max_hp_gain":0.0,"max_hp_loss":0.0,"gold_gain":99.0,"event_name":"Nest","player_choice":"Stole From Cult","floor":20.0,"gold_loss":0.0,"damage_taken":0.0},{"damage_healed":0.0,"max_hp_gain":0.0,"max_hp_loss":35.0,"gold_gain":0.0,"event_name":"Ghosts","player_choice":"Became a Ghost","floor":25.0,"gold_loss":0.0,"damage_taken":0.0,"cards_obtained":["Ghostly","Ghostly","Ghostly","Ghostly","Ghostly"]},{"cards_removed":["Defend_G"],"damage_healed":0.0,"max_hp_gain":0.0,"max_hp_loss":0.0,"gold_gain":0.0,"event_name":"Beggar","player_choice":"Gave Gold","floor":28.0,"gold_loss":75.0,"damage_taken":0.0},{"damage_healed":0.0,"max_hp_gain":0.0,"max_hp_loss":0.0,"gold_gain":0.0,"event_name":"MindBloom","player_choice":"Fight","floor":36.0,"gold_loss":0.0,"damage_taken":0.0},{"damage_healed":0.0,"max_hp_gain":0.0,"max_hp_loss":0.0,"gold_gain":0.0,"event_name":"Tomb of Lord Red Mask","player_choice":"Paid","floor":39.0,"gold_loss":34.0,"damage_taken":0.0,"relics_obtained":["Red Mask"]},{"cards_removed":["All Out Attack"],"damage_healed":0,"gold_gain":0,"player_choice":"Removed Attack","damage_taken":0,"max_hp_gain":0,"max_hp_loss":0,"event_name":"Falling","floor":45,"gold_loss":0},{"damage_healed":0,"gold_gain":0,"player_choice":"Bought 3 Potions","damage_taken":0,"max_hp_gain":0,"max_hp_loss":0,"event_name":"The Woman in Blue","floor":46,"gold_loss":0}],"is_beta":false,"boss_relics":[{"not_picked":["White Beast Statue","Calling Bell"],"picked":"Astrolabe"},{"not_picked":["Eternal Feather","Pandora\u0027s Box"],"picked":"Cursed Key"}],"items_purged_floors":[14,37],"is_endless":false,"potions_floor_spawned":[1,3,11,18,19,22,33,35,38,44],"ascension_level":9}