{"gold_per_floor":[119,139,64,82,82,111,111,111,168,168,191,215,238,253,253,372,372,391,306,353,353,353,353,553,553,622,637,314,335,335,348,348,477,477,496,514,190,190,214,238,238,257,257,257],"floor_reached":44,"playtime":2036,"items_purged":["Defend_G","Defend_G","Writhe"],"score":437,"play_id":"4f4eea58-4910-48e6-93e3-af8ebf8fea60","local_time":"20180707034350","is_ascension_mode":false,"campfire_choices":[{"floor":10,"key":"REST"},{"floor":15,"key":"REST"},{"data":"Adrenaline","floor":23,"key":"SMITH"},{"data":"Infinite Blades","floor":25,"key":"SMITH"},{"floor":30,"key":"REST"},{"data":"Blade Dance","floor":32,"key":"SMITH"}],"neow_cost":"NONE","seed_source_timestamp":1387493234540215,"circlet_count":0,"master_deck":["Defend_G","Strike_G","Strike_G","Strike_G","Strike_G","Strike_G","Survivor","Neutralize","Quick Slash+1","Doppelganger+1","Infinite Blades+1","Quick Slash","Parasite","Flying Knee","Finisher","Blade Dance+1","Adrenaline+1","Flying Knee","Cloak And Dagger","Finisher","Finisher","Prepared","Clumsy","Backflip","Doppelganger","Finisher+1","Quick Slash+1","Phantasmal Killer","Clumsy"],"relics":["Cursed Key","Bronze Scales","Golden Idol","Tiny Chest","Orrery","Incense Burner","Oddly Smooth Stone","Molten Egg 2","Busted Crown","Regal Pillow","Art of War"],"potions_floor_usage":[13,16,16,33,33,33,40,42],"damage_taken":[{"damage":0,"enemies":"Jaw Worm","floor":1,"turns":3},{"damage":0,"enemies":"Small Slimes","floor":2,"turns":4},{"damage":0,"enemies":"Cultist","floor":4,"turns":4},{"damage":7,"enemies":"3 Sentries","floor":6,"turns":7},{"damage":2,"enemies":"Large Slime","floor":11,"turns":4},{"damage":7,"enemies":"3 Louse","floor":12,"turns":2},{"damage":4,"enemies":"Gremlin Gang","floor":13,"turns":3},{"damage":2,"enemies":"2 Fungi Beasts","floor":14,"turns":3},{"damage":29,"enemies":"Hexaghost","floor":16,"turns":5},{"damage":10,"enemies":"Spheric Guardian","floor":18,"turns":3},{"damage":4,"enemies":"Shell Parasite","floor":27,"turns":3},{"damage":11,"enemies":"Sentry and Sphere","floor":29,"turns":3},{"damage":0,"enemies":"3 Cultists","floor":31,"turns":3},{"damage":17,"enemies":"Collector","floor":33,"turns":4},{"damage":20,"enemies":"3 Shapes","floor":35,"turns":2},{"damage":10,"enemies":"Orb Walker","floor":36,"turns":3},{"damage":22,"enemies":"3 Darklings","floor":39,"turns":4},{"damage":44,"enemies":"4 Shapes","floor":40,"turns":5},{"damage":2,"enemies":"Maw","floor":42,"turns":5},{"damage":10,"enemies":"3 Darklings","floor":44,"turns":2}],"seed_played":"6462627998714491197","potions_obtained":[{"floor":2,"key":"GamblersBrew"},{"floor":8,"key":"Fire Potion"},{"floor":8,"key":"Ancient Potion"},{"floor":8,"key":"Explosive Potion"},{"floor":11,"key":"FearPotion"},{"floor":16,"key":"Weak Potion"},{"floor":18,"key":"Explosive Potion"},{"floor":29,"key":"SteroidPotion"},{"floor":39,"key":"Regen Potion"},{"floor":40,"key":"GhostInAJar"}],"is_trial":false,"path_per_floor":["M","M","$","M","?","E","?","?","T","R","M","M","M","M","R","B",null,"M","?","T","?","?","R","?","R","T","M","$","M","R","M","R","B",null,"M","M","$","?","M","M","?","M","T"],"character_chosen":"THE_SILENT","items_purchased":["Finisher+1","Quick Slash+1","Energy Potion","Energy Potion","Regal Pillow","Energy Potion"],"campfire_rested":3,"item_purchase_floors":[28,28,28,28,37,37],"current_hp_per_floor":[70,70,70,70,56,49,32,32,32,53,51,44,40,38,59,30,70,60,60,60,60,60,60,60,60,60,56,56,45,66,66,66,49,70,50,40,40,61,39,9,9,7,7,0],"gold":257,"neow_bonus":"BOSS_RELIC","is_prod":false,"is_daily":false,"chose_seed":false,"campfire_upgraded":3,"win_rate":0.0,"timestamp":1530949430,"path_taken":["M","M","$","M","?","E","?","?","T","R","M","M","M","M","R","BOSS","M","?","?","?","?","R","?","R","T","M","$","?","R","M","R","BOSS","M","M","$","?","M","M","?","M","T","M"],"build_version":"2018-07-05","purchased_purges":3,"victory":false,"max_hp_per_floor":[70,70,70,70,70,70,70,70,70,70,70,70,70,70,70,70,70,70,70,70,70,70,70,70,70,70,70,70,70,70,70,70,70,70,70,70,70,61,61,61,61,61,61,61],"card_choices":[{"not_picked":["Dodge and Roll","Acrobatics"],"picked":"Quick Slash","floor":1},{"not_picked":["Deadly Poison","Escape Plan"],"picked":"Doppelganger","floor":2},{"not_picked":["Poisoned Stab","Dodge and Roll"],"picked":"Infinite Blades","floor":4},{"not_picked":["Blur","Dagger Spray"],"picked":"Quick Slash","floor":6},{"not_picked":["Bane","Deadly Poison"],"picked":"Flying Knee","floor":11},{"not_picked":["Heel Hook","Distraction","Caltrops"],"picked":"SKIP","floor":12},{"not_picked":["Poisoned Stab","Malaise"],"picked":"Finisher","floor":13},{"not_picked":["Heel Hook","Dagger Throw"],"picked":"Blade Dance","floor":14},{"not_picked":["Night Terror","Envenom"],"picked":"Adrenaline","floor":16},{"not_picked":["Flechettes","Leg Sweep"],"picked":"Flying Knee","floor":17},{"not_picked":["Calculated Gamble","Underhanded Strike"],"picked":"Cloak And Dagger","floor":17},{"not_picked":["Well Laid Plans","Dodge and Roll"],"picked":"Finisher","floor":17},{"not_picked":["Deflect","Prepared"],"picked":"Finisher","floor":17},{"not_picked":["Dagger Throw+1","Acrobatics"],"picked":"Prepared","floor":18},{"not_picked":["Underhanded Strike+1","Acrobatics"],"picked":"Doppelganger","floor":27},{"not_picked":["All Out Attack+1","Deadly Poison","Finisher+1"],"picked":"SKIP","floor":29},{"not_picked":["Acrobatics","Choke+1","Deadly Poison"],"picked":"SKIP","floor":31},{"not_picked":["Corpse Explosion","Venomology"],"picked":"Phantasmal Killer","floor":33},{"not_picked":["Deadly Poison+1"],"picked":"SKIP","floor":35},{"not_picked":["Deadly Poison+1"],"picked":"SKIP","floor":36},{"not_picked":["Dodge and Roll"],"picked":"SKIP","floor":39},{"not_picked":["Underhanded Strike+1"],"picked":"SKIP","floor":40},{"not_picked":["PiercingWail+1"],"picked":"SKIP","floor":42}],"player_experience":112972,"relics_obtained":[{"floor":6,"key":"Bronze Scales"},{"floor":9,"key":"Tiny Chest"},{"floor":20,"key":"Oddly Smooth Stone"},{"floor":26,"key":"Molten Egg 2"},{"floor":43,"key":"Art of War"}],"event_choices":[{"event_name":"Shining Light","player_choice":"Entered Light","floor":5,"damage_taken":0},{"event_name":"Golden Idol","player_choice":"Take Damage","floor":7,"damage_taken":0},{"event_name":"The Lab","player_choice":"Got Potions","floor":8,"damage_taken":0},{"event_name":"Addict","player_choice":"Obtained Relic","floor":19,"damage_taken":0},{"event_name":"Transmorgrifier","player_choice":"Transform","floor":21,"damage_taken":0},{"event_name":"Purifier","player_choice":"One Purge","floor":22,"damage_taken":0},{"event_name":"Wheel of Change","player_choice":"Gold","floor":24,"damage_taken":0},{"event_name":"The Moai Head","player_choice":"Heal","floor":38,"damage_taken":0},{"event_name":"Match and Keep!","player_choice":"0 cards matched","floor":41,"damage_taken":0}],"boss_relics":[{"not_picked":["Snecko Eye","Velvet Choker"],"picked":"Orrery"},{"not_picked":["Fusion Hammer","Runic Dome"],"picked":"Busted Crown"}],"items_purged_floors":[3,28,37],"is_endless":false,"potions_floor_spawned":[2,11,12,16,18,29,39,40],"killed_by":"3 Darklings","ascension_level":0}