{"gold_per_floor":[114,39,39,55,55,55,88,118,177,189,276,318,117,129,129,203,203,216,5,0,0,0,58,35,35,105,26,43,59,59],"floor_reached":30,"playtime":864,"items_purged":["Pain"],"score":548,"play_id":"42748151-11df-4288-a408-3ace626b0ca7","local_time":"20190120173657","is_ascension_mode":true,"campfire_choices":[{"data":"Caltrops","floor":6.0,"key":"SMITH"},{"data":"Calculated Gamble","floor":10.0,"key":"SMITH"},{"floor":15.0,"key":"REST"},{"floor":25.0,"key":"REST"}],"neow_cost":"NONE","seed_source_timestamp":111025663744568,"circlet_count":0,"master_deck":["AscendersBane","Defend_G","Defend_G","Defend_G","Defend_G","Defend_G","Strike_G","Strike_G","Strike_G","Survivor","Neutralize","Caltrops+1","Backflip","Riddle With Holes","Escape Plan","Flash of Steel","Cloak And Dagger","Tools of the Trade","Flying Knee","Writhe","Auto Shields","Noxious Fumes","Noxious Fumes","Streamline","Wild Strike"],"special_seed":0,"relics":["Ring of the Snake","NeowsBlessing","WarpedTongs","MawBank","Ancient Tea Set","Pen Nib","Fusion Hammer","PrismaticShard","Potion Belt","Strawberry","Tiny Chest","Letter Opener"],"potions_floor_usage":[29],"damage_taken":[{"damage":0.0,"enemies":"Jaw Worm","floor":1.0,"turns":1.0},{"damage":0.0,"enemies":"2 Louse","floor":4.0,"turns":1.0},{"damage":1.0,"enemies":"3 Sentries","floor":7.0,"turns":2.0},{"damage":12.0,"enemies":"Cultist","floor":8.0,"turns":5.0},{"damage":14.0,"enemies":"Lagavulin","floor":12.0,"turns":5.0},{"damage":4.0,"enemies":"3 Louse","floor":14.0,"turns":3.0},{"damage":17.0,"enemies":"Hexaghost","floor":16.0,"turns":10.0},{"damage":15.0,"enemies":"Shell Parasite","floor":18.0,"turns":5.0},{"damage":50.0,"enemies":"Book of Stabbing","floor":23.0,"turns":7.0},{"damage":1.0,"enemies":"2 Thieves","floor":24.0,"turns":4.0},{"damage":13.0,"enemies":"Shelled Parasite and Fungi","floor":28.0,"turns":6.0},{"damage":8,"enemies":"3 Cultists","floor":29,"turns":6},{"damage":8,"enemies":"Snake Plant","floor":30,"turns":2}],"seed_played":"-5747371388555054971","potions_obtained":[{"floor":1.0,"key":"Strength Potion"},{"floor":8.0,"key":"Strength Potion"},{"floor":12.0,"key":"Explosive Potion"},{"floor":14.0,"key":"FairyPotion"},{"floor":23.0,"key":"PowerPotion"},{"floor":24.0,"key":"EssenceOfSteel"},{"floor":28.0,"key":"PowerPotion"}],"is_trial":false,"path_per_floor":["M","?","?","M","?","R","E","M","T","R","?","E","$","M","R","B",null,"M","$","?","?","?","E","M","R","T","$","M","M","M"],"character_chosen":"THE_SILENT","items_purchased":["Escape Plan","Flash of Steel","PrismaticShard","Noxious Fumes"],"campfire_rested":2,"item_purchase_floors":[13,13,19,27],"current_hp_per_floor":[59,59,52,52,52,52,51,39,39,39,28,14,14,10,29,12,53,38,38,38,38,45,7,6,27,27,27,14,6,0],"gold":59,"neow_bonus":"THREE_ENEMY_KILL","is_prod":false,"is_daily":false,"chose_seed":false,"campfire_upgraded":2,"win_rate":0,"timestamp":1548005817,"path_taken":["M","?","?","M","?","R","E","?","T","R","?","E","?","?","R","BOSS","M","$","?","?","?","E","M","R","T","$","M","M","?"],"build_version":"2019-01-17v2","purchased_purges":1,"victory":false,"max_hp_per_floor":[66,66,66,66,66,66,66,66,66,66,66,66,66,66,66,66,66,66,66,66,66,73,73,73,73,73,73,73,73,73],"card_choices":[{"not_picked":["Poisoned Stab","Deflect"],"picked":"Caltrops","floor":1.0},{"not_picked":["Slice","Choke"],"picked":"Backflip","floor":4.0},{"not_picked":["Poisoned Stab","Prepared"],"picked":"Calculated Gamble","floor":7.0},{"not_picked":["Flying Knee","Deflect"],"picked":"Riddle With Holes","floor":8.0},{"not_picked":["Tactician","Acrobatics","Blade Dance"],"picked":"SKIP","floor":12.0},{"not_picked":["Backflip","Flying Knee"],"picked":"Cloak And Dagger","floor":14.0},{"not_picked":["Glass Knife","Unload"],"picked":"Tools of the Trade","floor":16.0},{"not_picked":["Concentrate","Calculated Gamble"],"picked":"Flying Knee","floor":18.0},{"not_picked":["Undo","Twin Strike"],"picked":"Auto Shields","floor":23.0},{"not_picked":["Consume","Perfected Strike"],"picked":"Noxious Fumes","floor":24.0},{"not_picked":["Barrage","Sweeping Beam+1"],"picked":"Streamline","floor":28.0},{"not_picked":["Iron Wave","Dropkick+1"],"picked":"Wild Strike","floor":29}],"player_experience":510885,"relics_obtained":[{"floor":7.0,"key":"MawBank"},{"floor":9.0,"key":"Ancient Tea Set"},{"floor":12.0,"key":"Pen Nib"},{"floor":23.0,"key":"Tiny Chest"},{"floor":26.0,"key":"Letter Opener"}],"event_choices":[{"cards_removed":["Strike_G"],"damage_healed":0.0,"max_hp_gain":0.0,"max_hp_loss":0.0,"gold_gain":0.0,"event_name":"The Cleric","player_choice":"Card Removal","floor":2.0,"gold_loss":75.0,"damage_taken":0.0},{"cards_removed":["Strike_G"],"damage_healed":0.0,"max_hp_gain":0.0,"max_hp_loss":0.0,"gold_gain":0.0,"event_name":"Golden Wing","player_choice":"Card Removal","floor":3.0,"gold_loss":0.0,"damage_taken":7.0},{"damage_healed":0.0,"max_hp_gain":0.0,"max_hp_loss":0.0,"gold_gain":0.0,"event_name":"Accursed Blacksmith","player_choice":"Rummage","floor":5.0,"gold_loss":0.0,"damage_taken":0.0,"relics_obtained":["WarpedTongs"],"cards_obtained":["Pain"]},{"damage_healed":0.0,"max_hp_gain":0.0,"max_hp_loss":0.0,"gold_gain":75.0,"event_name":"World of Goop","player_choice":"Gather Gold","floor":11.0,"gold_loss":0.0,"damage_taken":11.0},{"damage_healed":0.0,"max_hp_gain":0.0,"max_hp_loss":0.0,"gold_gain":0.0,"event_name":"Masked Bandits","player_choice":"Paid Fearfully","floor":20.0,"gold_loss":5.0,"damage_taken":0.0},{"damage_healed":0.0,"max_hp_gain":0.0,"max_hp_loss":0.0,"gold_gain":0.0,"event_name":"The Mausoleum","player_choice":"Opened","floor":21.0,"gold_loss":0.0,"damage_taken":0.0,"relics_obtained":["Potion Belt"],"cards_obtained":["Writhe"]},{"cards_removed":["Calculated Gamble"],"damage_healed":0.0,"max_hp_gain":0.0,"max_hp_loss":0.0,"gold_gain":0.0,"event_name":"WeMeetAgain","player_choice":"Gave Card","floor":22.0,"gold_loss":0.0,"damage_taken":0.0,"relics_obtained":["Strawberry"]}],"is_beta":false,"boss_relics":[{"not_picked":["Orrery","Coffee Dripper"],"picked":"Fusion Hammer"}],"items_purged_floors":[13],"is_endless":false,"potions_floor_spawned":[1,8,12,14,18,23,24,28],"killed_by":"Snake Plant","ascension_level":19}