{"gold_per_floor":[116,135,148,148,98,98,123,137,137,162,162,179,179,179,179,281,281,298,308,233,15,15,40,14,43,43,43,57,57,32,43,43,139,139,151,163,174,174,174,205,205,240,240,240,42,67,82,136,136,136,136,136,68,99,99],"floor_reached":55,"playtime":11281,"items_purged":["Defend_B"],"score":1383,"play_id":"23ce5387-0e08-4701-8c0e-76c4b253d9cd","local_time":"20190314141448","is_ascension_mode":true,"campfire_choices":[{"data":"Zap","floor":6.0,"key":"SMITH"},{"data":"Go for the Eyes","floor":11.0,"key":"SMITH"},{"data":"Turbo","floor":13.0,"key":"SMITH"},{"floor":15.0,"key":"REST"},{"data":"Consume","floor":27.0,"key":"SMITH"},{"floor":29.0,"key":"REST"},{"floor":32.0,"key":"REST"},{"data":"Hologram","floor":41.0,"key":"SMITH"},{"floor":49,"key":"RECALL"},{"data":"Secret Technique","floor":52,"key":"SMITH"}],"neow_cost":"PERCENT_DAMAGE","seed_source_timestamp":0,"circlet_count":0,"master_deck":["AscendersBane","Strike_B","Strike_B","Defend_B","Defend_B","Defend_B","Zap+1","Dualcast","Chill+1","Sunder","Ball Lightning","Biased Cognition","Go for the Eyes+1","Glacier+1","Turbo+1","Echo Form","Barrage","Heatsinks","Hologram+1","Flash of Steel","Recycle","Undo","Conserve Battery","Consume+1","Chaos+1","Stack","Skim+1","Multi-Cast","Sweeping Beam+1","Cold Snap+1","Core Surge+1","Secret Technique+1","Static Discharge","Coolheaded+1","Barrage+1","Defragment"],"special_seed":0,"relics":["Cracked Core","FossilizedHelix","Shuriken","Mummified Hand","Anchor","Inserter","Potion Belt","Matryoshka","Molten Egg 2","Strawberry","Snecko Eye","Bag of Preparation","Happy Flower","DataDisk","Dream Catcher","Bird Faced Urn","Symbiotic Virus"],"potions_floor_usage":[50,50,50,55,55],"damage_taken":[{"damage":0.0,"enemies":"Cultist","floor":1.0,"turns":3.0},{"damage":0.0,"enemies":"Small Slimes","floor":2.0,"turns":4.0},{"damage":0.0,"enemies":"Jaw Worm","floor":3.0,"turns":2.0},{"damage":10.0,"enemies":"3 Sentries","floor":7.0,"turns":7.0},{"damage":0.0,"enemies":"Large Slime","floor":8.0,"turns":3.0},{"damage":8.0,"enemies":"Lagavulin","floor":10.0,"turns":6.0},{"damage":0.0,"enemies":"Blue Slaver","floor":12.0,"turns":3.0},{"damage":22.0,"enemies":"The Guardian","floor":16.0,"turns":11.0},{"damage":0.0,"enemies":"Chosen","floor":18.0,"turns":4.0},{"damage":2.0,"enemies":"Spheric Guardian","floor":19.0,"turns":5.0},{"damage":28.0,"enemies":"Gremlin Leader","floor":23.0,"turns":7.0},{"damage":15.0,"enemies":"Slavers","floor":25.0,"turns":6.0},{"damage":8.0,"enemies":"Snake Plant","floor":28.0,"turns":4.0},{"damage":1.0,"enemies":"Shelled Parasite and Fungi","floor":31.0,"turns":7.0},{"damage":22.0,"enemies":"Automaton","floor":33.0,"turns":11.0},{"damage":0.0,"enemies":"3 Darklings","floor":35.0,"turns":4.0},{"damage":0.0,"enemies":"3 Shapes","floor":36.0,"turns":7.0},{"damage":15.0,"enemies":"Jaw Worm Horde","floor":37.0,"turns":4.0},{"damage":0.0,"enemies":"Nemesis","floor":40.0,"turns":7.0},{"damage":0.0,"enemies":"Giant Head","floor":42.0,"turns":12.0},{"damage":0.0,"enemies":"Nemesis","floor":46.0,"turns":7.0},{"damage":0,"enemies":"Writhing Mass","floor":47,"turns":7},{"damage":2,"enemies":"2 Orb Walkers","floor":48,"turns":7},{"damage":0,"enemies":"Awakened One","floor":50,"turns":18},{"damage":17,"enemies":"Shield and Spear","floor":54,"turns":6},{"damage":84,"enemies":"The Heart","floor":55,"turns":11}],"seed_played":"8230194989250804639","potions_obtained":[{"floor":3.0,"key":"Swift Potion"},{"floor":8.0,"key":"Strength Potion"},{"floor":10.0,"key":"Fire Potion"},{"floor":12.0,"key":"EssenceOfSteel"},{"floor":18.0,"key":"Block Potion"},{"floor":25.0,"key":"GamblersBrew"},{"floor":31.0,"key":"Energy Potion"},{"floor":35.0,"key":"Fire Potion"},{"floor":36.0,"key":"GamblersBrew"},{"floor":48,"key":"Regen Potion"},{"floor":54,"key":"SkillPotion"}],"is_trial":false,"path_per_floor":["M","M","M","?","?","R","E","M","T","E","R","M","R","?","R","B",null,"M","M","?","$","?","E","$","E","T","R","M","R","$","M","R","B",null,"M","M","M","?","?","E","R","E","T","?","$","E","M","?","R","B",null,"R","$","E","B"],"character_chosen":"DEFECT","items_purchased":["Heatsinks","Hologram","Flash of Steel","Conserve Battery","Stack","Static Discharge","Energy Potion","Defragment"],"campfire_rested":3,"item_purchase_floors":[21,21,21,24,30,45,45,53],"current_hp_per_floor":[50,50,50,50,50,50,40,40,40,32,32,32,32,17,39,17,61,61,59,59,59,59,31,31,16,23,23,15,39,39,38,62,40,72,72,72,57,57,57,57,57,57,57,47,47,47,47,45,45,70,76,76,76,67,0],"gold":99,"neow_bonus":"ONE_RARE_RELIC","is_prod":false,"is_daily":false,"chose_seed":false,"campfire_upgraded":6,"win_rate":0,"timestamp":1552587288,"path_taken":["M","M","?","?","?","R","E","M","T","E","R","M","R","?","R","BOSS","M","M","?","$","?","E","?","E","T","R","?","R","$","M","R","BOSS","M","M","M","?","?","E","R","E","T","?","?","E","?","?","R","BOSS","R","$","E","BOSS"],"build_version":"2019-01-23","purchased_purges":1,"victory":false,"max_hp_per_floor":[75,75,75,75,75,75,75,75,75,75,75,75,75,75,75,75,75,75,75,75,75,75,75,75,75,82,82,82,82,82,82,82,82,82,82,82,82,82,78,78,78,78,78,78,78,78,78,78,78,78,78,78,78,78,78],"card_choices":[{"not_picked":["Hologram","Steam"],"picked":"Chill","floor":1.0},{"not_picked":["Lockon","Rebound"],"picked":"Sunder","floor":2.0},{"not_picked":["Gash","Fusion"],"picked":"Ball Lightning","floor":3.0},{"not_picked":["Self Repair","Stack"],"picked":"Biased Cognition","floor":7.0},{"not_picked":["Lockon","Heatsinks"],"picked":"Go for the Eyes","floor":8.0},{"not_picked":["Stack","Storm"],"picked":"Glacier","floor":10.0},{"not_picked":["Glacier","Blizzard"],"picked":"Turbo","floor":12.0},{"not_picked":["Electrodynamics","Machine Learning"],"picked":"Echo Form","floor":16.0},{"not_picked":["Steam","Ball Lightning","Beam Cell"],"picked":"SKIP","floor":18.0},{"not_picked":["Rebound","FTL"],"picked":"Barrage","floor":19.0},{"not_picked":["Steam+1","Streamline"],"picked":"Undo","floor":23.0},{"not_picked":["Redo","Leap"],"picked":"Consume","floor":25.0},{"not_picked":["Darkness","Skim+1"],"picked":"Chaos+1","floor":28.0},{"not_picked":["Barrage+1","Static Discharge"],"picked":"Skim+1","floor":31.0},{"not_picked":["Biased Cognition","All For One+1"],"picked":"Multi-Cast","floor":33.0},{"not_picked":["Streamline+1","Gash+1"],"picked":"Sweeping Beam+1","floor":35.0},{"not_picked":["Gash+1","White Noise+1"],"picked":"Cold Snap+1","floor":36.0},{"not_picked":["Steam+1","Go for the Eyes+1","Aggregate+1"],"picked":"SKIP","floor":37.0},{"not_picked":["Beam Cell+1","Cold Snap+1"],"picked":"Core Surge+1","floor":40.0},{"not_picked":["Genetic Algorithm","Melter+1","Leap+1"],"picked":"SKIP","floor":42.0},{"not_picked":["Genetic Algorithm","Melter+1","Leap+1"],"picked":"SKIP","floor":42.0},{"not_picked":["Secret Weapon","Thinking Ahead"],"picked":"Secret Technique","floor":44.0},{"not_picked":["Recycle","Turbo","Conserve Battery+1"],"picked":"SKIP","floor":46.0},{"not_picked":["Redo","Streamline+1"],"picked":"Coolheaded+1","floor":47},{"not_picked":["Redo+1","White Noise"],"picked":"Barrage+1","floor":48},{"not_picked":["Undo","Turbo+1","Stack"],"picked":"SKIP","floor":54}],"player_experience":1870315,"relics_obtained":[{"floor":7.0,"key":"Shuriken"},{"floor":9.0,"key":"Mummified Hand"},{"floor":10.0,"key":"Anchor"},{"floor":23.0,"key":"Potion Belt"},{"floor":25.0,"key":"Matryoshka"},{"floor":26.0,"key":"Molten Egg 2"},{"floor":26.0,"key":"Strawberry"},{"floor":40.0,"key":"Bag of Preparation"},{"floor":42.0,"key":"Happy Flower"},{"floor":43.0,"key":"DataDisk"},{"floor":46.0,"key":"Dream Catcher"},{"floor":48,"key":"Bird Faced Urn"},{"floor":54,"key":"Symbiotic Virus"}],"event_choices":[{"damage_healed":0.0,"max_hp_gain":0.0,"max_hp_loss":0.0,"gold_gain":0.0,"event_name":"Liars Game","player_choice":"Ignored","floor":4.0,"gold_loss":0.0,"damage_taken":0.0},{"cards_removed":["Strike_B"],"damage_healed":0.0,"max_hp_gain":0.0,"max_hp_loss":0.0,"gold_gain":0.0,"event_name":"The Cleric","player_choice":"Card Removal","floor":5.0,"gold_loss":50.0,"damage_taken":0.0},{"damage_healed":0.0,"max_hp_gain":0.0,"max_hp_loss":0.0,"gold_gain":0.0,"event_name":"Shining Light","player_choice":"Entered Light","floor":14.0,"gold_loss":0.0,"damage_taken":15.0,"cards_upgraded":["Glacier","Chill"]},{"cards_removed":["Strike_B"],"damage_healed":0.0,"max_hp_gain":0.0,"max_hp_loss":0.0,"gold_gain":0.0,"event_name":"Beggar","player_choice":"Gave Gold","floor":20.0,"gold_loss":75.0,"damage_taken":0.0},{"damage_healed":0.0,"max_hp_gain":0.0,"max_hp_loss":0.0,"gold_gain":0.0,"event_name":"The Library","player_choice":"Read","floor":22.0,"gold_loss":0.0,"damage_taken":0.0,"cards_obtained":["Recycle"]},{"damage_healed":0.0,"max_hp_gain":0.0,"max_hp_loss":0.0,"gold_gain":0.0,"event_name":"Tomb of Lord Red Mask","player_choice":"Ignored","floor":38.0,"gold_loss":0.0,"damage_taken":0.0},{"damage_healed":0.0,"max_hp_gain":0.0,"max_hp_loss":4.0,"gold_gain":0.0,"event_name":"Winding Halls","player_choice":"Max HP","floor":39.0,"gold_loss":0.0,"damage_taken":0.0},{"damage_healed":0.0,"max_hp_gain":0.0,"max_hp_loss":0.0,"gold_gain":0.0,"event_name":"SensoryStone","player_choice":"Memory 3","floor":44.0,"gold_loss":0.0,"damage_taken":10.0},{"damage_healed":0,"gold_gain":0,"player_choice":"Fight","damage_taken":0,"max_hp_gain":0,"max_hp_loss":0,"event_name":"Mysterious Sphere","floor":48,"gold_loss":0}],"is_beta":false,"boss_relics":[{"not_picked":["Lizard Tail","Black Star"],"picked":"Inserter"},{"not_picked":["Orrery","Tiny House"],"picked":"Snecko Eye"}],"items_purged_floors":[45],"is_endless":false,"potions_floor_spawned":[3,8,10,12,18,25,31,35,36,48,54],"killed_by":"The Heart","ascension_level":11}