{"gold_per_floor":[112,124,137,157,177,177,206,206,206,220,220,546,565,583,583,660,660,673,41,57,73,92,92,104,104],"floor_reached":25,"playtime":878,"items_purged":["Wild Strike"],"score":409,"play_id":"6e3a0cfa-cbdb-40c3-831a-aa55e99c28c1","local_time":"20190305011103","is_ascension_mode":true,"campfire_choices":[{"data":"Perfected Strike","floor":6.0,"key":"SMITH"},{"data":"Bash","floor":8.0,"key":"SMITH"},{"data":"Perfected Strike","floor":11.0,"key":"SMITH"},{"data":"Shrug It Off","floor":15.0,"key":"SMITH"},{"floor":23.0,"key":"REST"}],"neow_cost":"TEN_PERCENT_HP_LOSS","seed_source_timestamp":254935130792113,"circlet_count":0,"master_deck":["AscendersBane","Strike_R","Strike_R","Strike_R","Strike_R","Strike_R","Defend_R","Defend_R","Defend_R","Defend_R","Bash+1","Perfected Strike+1","Headbutt","Wild Strike","Disarm","Perfected Strike+1","Twin Strike","Battle Trance","Shrug It Off+1","Immolate","Perfected Strike","Whirlwind","Shrug It Off","Metallicize","Pommel Strike","Shrug It Off","Barricade"],"special_seed":0,"relics":["Burning Blood","Torii","Ornamental Fan","Shovel","Old Coin","Eternal Feather","Ginger"],"potions_floor_usage":[],"damage_taken":[{"damage":1.0,"enemies":"Cultist","floor":1.0,"turns":3.0},{"damage":14.0,"enemies":"Jaw Worm","floor":2.0,"turns":4.0},{"damage":0.0,"enemies":"2 Louse","floor":3.0,"turns":2.0},{"damage":8.0,"enemies":"2 Fungi Beasts","floor":4.0,"turns":4.0},{"damage":3.0,"enemies":"Gremlin Gang","floor":5.0,"turns":4.0},{"damage":28.0,"enemies":"Lagavulin","floor":7.0,"turns":6.0},{"damage":6.0,"enemies":"3 Louse","floor":10.0,"turns":2.0},{"damage":16.0,"enemies":"Gremlin Nob","floor":12.0,"turns":3.0},{"damage":7.0,"enemies":"2 Fungi Beasts","floor":13.0,"turns":3.0},{"damage":1.0,"enemies":"Blue Slaver","floor":14.0,"turns":2.0},{"damage":8.0,"enemies":"Hexaghost","floor":16.0,"turns":9.0},{"damage":22.0,"enemies":"Chosen","floor":18.0,"turns":4.0},{"damage":13.0,"enemies":"2 Thieves","floor":20.0,"turns":4.0},{"damage":26.0,"enemies":"3 Cultists","floor":21.0,"turns":4.0},{"damage":16.0,"enemies":"Snecko","floor":22.0,"turns":4.0},{"damage":38.0,"enemies":"Chosen and Byrds","floor":24.0,"turns":6.0},{"damage":22,"enemies":"Book of Stabbing","floor":25,"turns":2}],"seed_played":"-4035383030548242538","potions_obtained":[{"floor":3.0,"key":"SteroidPotion"},{"floor":10.0,"key":"GamblersBrew"},{"floor":13.0,"key":"FairyPotion"},{"floor":16.0,"key":"SpeedPotion"},{"floor":20.0,"key":"AttackPotion"},{"floor":21.0,"key":"Block Potion"}],"is_trial":false,"path_per_floor":["M","M","M","M","M","R","E","R","T","M","R","E","M","M","R","B",null,"M","$","M","M","M","R","M","E"],"character_chosen":"IRONCLAD","items_purchased":["Whirlwind","Shrug It Off","Metallicize","Ginger","Block Potion"],"campfire_rested":1,"item_purchase_floors":[19,19,19,19,19],"current_hp_per_floor":[68,60,66,64,67,67,45,45,45,45,45,35,34,39,39,37,60,44,44,37,17,7,42,10,0],"gold":104,"neow_bonus":"ONE_RARE_RELIC","is_prod":false,"is_daily":false,"chose_seed":false,"campfire_upgraded":4,"win_rate":0,"timestamp":1551744663,"path_taken":["M","M","M","M","M","R","E","R","T","?","R","E","M","M","R","BOSS","M","$","M","?","M","R","M","E"],"build_version":"2019-01-23","purchased_purges":1,"victory":false,"max_hp_per_floor":[68,68,68,68,68,68,68,68,68,68,68,68,68,68,68,68,68,68,68,68,68,68,68,68,68],"card_choices":[{"not_picked":["Shockwave","Fire Breathing"],"picked":"Perfected Strike","floor":1.0},{"not_picked":["Clothesline","Second Wind"],"picked":"Headbutt","floor":2.0},{"not_picked":["Warcry","Cleave"],"picked":"Wild Strike","floor":3.0},{"not_picked":["Clothesline","Clash"],"picked":"Disarm","floor":4.0},{"not_picked":["True Grit","Armaments"],"picked":"Wild Strike","floor":5.0},{"not_picked":["Dual Wield","Blood for Blood","Body Slam"],"picked":"SKIP","floor":7.0},{"not_picked":["Battle Trance","Warcry"],"picked":"Perfected Strike","floor":10.0},{"not_picked":["Wild Strike","Impervious"],"picked":"Twin Strike","floor":12.0},{"not_picked":["Thunderclap","Headbutt"],"picked":"Battle Trance","floor":13.0},{"not_picked":["Warcry","Pommel Strike"],"picked":"Shrug It Off","floor":14.0},{"not_picked":["Offering","Demon Form"],"picked":"Immolate","floor":16.0},{"not_picked":["Iron Wave+1","Disarm"],"picked":"Perfected Strike","floor":18.0},{"not_picked":["Headbutt","Havoc"],"picked":"Pommel Strike","floor":20.0},{"not_picked":["Rampage","Clash","Clothesline"],"picked":"SKIP","floor":21.0},{"not_picked":["Searing Blow","Pommel Strike"],"picked":"Shrug It Off","floor":22.0},{"not_picked":["Rampage","Clash"],"picked":"Barricade","floor":24.0}],"player_experience":870532,"relics_obtained":[{"floor":7.0,"key":"Ornamental Fan"},{"floor":9.0,"key":"Shovel"},{"floor":12.0,"key":"Old Coin"}],"event_choices":[],"is_beta":false,"boss_relics":[{"not_picked":["Snecko Eye","Lizard Tail"],"picked":"Eternal Feather"}],"items_purged_floors":[19],"is_endless":false,"potions_floor_spawned":[3,10,13,16,20,21],"killed_by":"Book of Stabbing","ascension_level":17}