{"gold_per_floor":[210,210,228,12,23,23,81,111,111,111],"floor_reached":10,"playtime":841,"items_purged":[],"score":99,"play_id":"38038ddf-3290-4729-ae22-cbcbaacc09da","local_time":"20190309224454","is_ascension_mode":true,"campfire_choices":[{"data":"Neutralize","floor":6,"key":"SMITH"}],"neow_cost":"NONE","seed_source_timestamp":709046900820627,"circlet_count":0,"master_deck":["AscendersBane","Defend_G","Defend_G+1","Defend_G+1","Defend_G","Defend_G","Strike_G","Strike_G","Strike_G+1","Strike_G","Strike_G","Survivor","Neutralize+1","Poisoned Stab","Backstab","Bouncing Flask+1","PiercingWail"],"relics":["Ring of the Snake","PreservedInsect","Singing Bowl","War Paint","Shuriken"],"potions_floor_usage":[10],"damage_taken":[{"damage":3,"enemies":"2 Louse","floor":1,"turns":4},{"damage":4,"enemies":"Small Slimes","floor":3,"turns":4},{"damage":0,"enemies":"Cultist","floor":5,"turns":3},{"damage":20,"enemies":"Lagavulin Event","floor":7,"turns":4},{"damage":18,"enemies":"Gremlin Nob","floor":8,"turns":3},{"damage":8,"enemies":"3 Sentries","floor":10,"turns":5}],"seed_played":"-6747451161527313","potions_obtained":[{"floor":3,"key":"Explosive Potion"},{"floor":7,"key":"Ancient Potion"}],"is_trial":false,"path_per_floor":["M","?","M","$","M","R","?","E","T","E"],"character_chosen":"THE_SILENT","items_purchased":["PreservedInsect","Bouncing Flask"],"campfire_rested":0,"item_purchase_floors":[4,4],"current_hp_per_floor":[60,46,42,42,42,42,24,8,8,0],"gold":111,"neow_bonus":"HUNDRED_GOLD","is_prod":false,"is_daily":false,"chose_seed":false,"campfire_upgraded":1,"win_rate":0,"timestamp":1552189494,"path_taken":["M","?","M","$","M","R","?","E","T","E"],"build_version":"2019-01-23","purchased_purges":0,"victory":false,"max_hp_per_floor":[70,70,70,70,70,70,72,74,74,74],"card_choices":[{"not_picked":["Deadly Poison","Choke"],"picked":"Poisoned Stab","floor":1},{"not_picked":["Outmaneuver","Cloak And Dagger"],"picked":"Backstab","floor":3},{"not_picked":["Bane","Choke"],"picked":"PiercingWail","floor":5},{"not_picked":["Prepared","Blade Dance","Envenom"],"picked":"Singing Bowl","floor":7},{"not_picked":["Acrobatics","Sucker Punch","Outmaneuver"],"picked":"Singing Bowl","floor":8}],"player_experience":1752019,"relics_obtained":[{"floor":8,"key":"War Paint"},{"floor":9,"key":"Shuriken"}],"event_choices":[{"damage_healed":0,"gold_gain":0,"player_choice":"Entered Light","damage_taken":14,"max_hp_gain":0,"max_hp_loss":0,"event_name":"Shining Light","floor":2,"gold_loss":0,"cards_upgraded":["Defend_G","Strike_G"]},{"damage_healed":0,"gold_gain":0,"player_choice":"Searched \u00272\u0027 times","damage_taken":0,"relics_obtained":["Singing Bowl"],"max_hp_gain":0,"max_hp_loss":0,"event_name":"Dead Adventurer","floor":7,"gold_loss":0}],"is_beta":false,"boss_relics":[],"items_purged_floors":[],"is_endless":false,"potions_floor_spawned":[3,7],"killed_by":"3 Sentries","ascension_level":10}