{"gold_per_floor":[113,128,21,37,48,48,66,66,66,66,95,95,95,95,95,191,191,214,239,239,253,267,267,307,332,383,383,402,402,446,446],"floor_reached":31,"playtime":1035,"items_purged":[],"score":488,"play_id":"18ca0c09-144a-4d24-94ff-9449694d37a6","local_time":"20190323180417","is_ascension_mode":true,"campfire_choices":[{"data":"Spot Weakness","floor":6,"key":"SMITH"},{"data":"True Grit","floor":8,"key":"SMITH"},{"data":"Shrug It Off","floor":10,"key":"SMITH"},{"data":"Immolate","floor":12,"key":"SMITH"},{"data":"Strike_R","floor":15,"key":"SMITH"},{"data":"Spot Weakness","floor":23,"key":"SMITH"},{"floor":27,"key":"REST"},{"floor":29,"key":"REST"}],"neow_cost":"NONE","seed_source_timestamp":283357082918322,"circlet_count":0,"master_deck":["AscendersBane","Strike_R","Strike_R","Strike_R","Strike_R","Strike_R+1","Defend_R","Defend_R","Defend_R","Defend_R","Bash+1","True Grit+1","Shrug It Off+1","Spot Weakness+1","Immolate+1","Impervious","Sword Boomerang+1","Spot Weakness+1","Flame Barrier","Limit Break"],"relics":["Burning Blood","Pear","Champion Belt","Golden Idol","Philosopher\u0027s Stone","Red Mask","Lantern","Question Card"],"potions_floor_usage":[11,11,22,24,25,28],"damage_taken":[{"damage":4,"enemies":"Small Slimes","floor":1,"turns":4},{"damage":14,"enemies":"Jaw Worm","floor":2,"turns":4},{"damage":1,"enemies":"2 Louse","floor":4,"turns":4},{"damage":4,"enemies":"2 Fungi Beasts","floor":5,"turns":4},{"damage":8,"enemies":"Blue Slaver","floor":7,"turns":5},{"damage":17,"enemies":"3 Sentries","floor":11,"turns":12},{"damage":59,"enemies":"Hexaghost","floor":16,"turns":11},{"damage":5,"enemies":"2 Thieves","floor":18,"turns":4},{"damage":15,"enemies":"Chosen","floor":19,"turns":5},{"damage":4,"enemies":"3 Cultists","floor":21,"turns":4},{"damage":24,"enemies":"Centurion and Healer","floor":22,"turns":8},{"damage":14,"enemies":"Masked Bandits","floor":24,"turns":2},{"damage":16,"enemies":"Snecko","floor":25,"turns":6},{"damage":40,"enemies":"3 Cultists","floor":28,"turns":6},{"damage":22,"enemies":"Gremlin Leader","floor":30,"turns":5},{"damage":21,"enemies":"Centurion and Healer","floor":31,"turns":5}],"seed_played":"7247590766852140880","potions_obtained":[{"floor":4,"key":"EssenceOfSteel"},{"floor":5,"key":"Regen Potion"},{"floor":16,"key":"PowerPotion"},{"floor":19,"key":"SteroidPotion"},{"floor":24,"key":"GamblersBrew"},{"floor":25,"key":"GamblersBrew"}],"is_trial":false,"path_per_floor":["M","M","$","M","M","R","M","R","T","R","E","R","?","?","R","B",null,"M","M","?","M","M","R","?","M","T","R","M","R","E","M"],"character_chosen":"IRONCLAD","items_purchased":["Shrug It Off","PowerPotion"],"campfire_rested":2,"item_purchase_floors":[3,3],"current_hp_per_floor":[70,62,62,67,69,69,67,67,77,77,76,76,76,76,76,23,64,65,56,56,58,40,40,32,22,22,45,11,34,18,0],"gold":446,"neow_bonus":"UPGRADE_CARD","is_prod":false,"is_daily":false,"chose_seed":false,"campfire_upgraded":6,"win_rate":0,"timestamp":1553360657,"path_taken":["M","M","$","M","M","R","M","R","T","R","E","R","?","?","R","BOSS","M","M","?","M","M","R","?","M","T","R","M","R","E","M"],"build_version":"2019-01-23","purchased_purges":0,"victory":false,"max_hp_per_floor":[75,75,75,75,75,75,75,75,85,85,85,85,85,77,77,77,77,77,77,77,77,77,77,77,77,77,77,77,77,77,77],"card_choices":[{"not_picked":["Perfected Strike","Entrench","Clothesline"],"picked":"SKIP","floor":1},{"not_picked":["Rupture","Twin Strike"],"picked":"True Grit","floor":2},{"not_picked":["Rupture","Flex"],"picked":"Spot Weakness","floor":4},{"not_picked":["Iron Wave","Rupture","Armaments"],"picked":"SKIP","floor":5},{"not_picked":["Armaments","Flex","Clothesline"],"picked":"SKIP","floor":7},{"not_picked":["Fiend Fire","Shrug It Off"],"picked":"Immolate","floor":11},{"not_picked":["Bludgeon","Berserk"],"picked":"Impervious","floor":16},{"not_picked":["Twin Strike+1","Body Slam"],"picked":"Sword Boomerang+1","floor":18},{"not_picked":["Iron Wave","Flex+1","Heavy Blade"],"picked":"SKIP","floor":19},{"not_picked":["Armaments","Rupture"],"picked":"Flame Barrier","floor":21},{"not_picked":["Iron Wave","True Grit","Combust"],"picked":"SKIP","floor":22},{"not_picked":["Pommel Strike","Perfected Strike"],"picked":"Limit Break","floor":24},{"not_picked":["Evolve+1","Cleave","Clash"],"picked":"SKIP","floor":25},{"not_picked":["Rupture","Clothesline","Dual Wield+1"],"picked":"SKIP","floor":28},{"not_picked":["True Grit","Flex","Clash"],"picked":"SKIP","floor":30}],"player_experience":1093789,"relics_obtained":[{"floor":9,"key":"Pear"},{"floor":11,"key":"Champion Belt"},{"floor":24,"key":"Red Mask"},{"floor":26,"key":"Lantern"},{"floor":30,"key":"Question Card"}],"event_choices":[{"damage_healed":0,"gold_gain":0,"player_choice":"Ignored","damage_taken":0,"max_hp_gain":0,"max_hp_loss":0,"event_name":"Liars Game","floor":13,"gold_loss":0},{"damage_healed":0,"gold_gain":0,"player_choice":"Lose Max HP","damage_taken":0,"relics_obtained":["Golden Idol"],"max_hp_gain":0,"max_hp_loss":8,"event_name":"Golden Idol","floor":14,"gold_loss":0},{"damage_healed":0,"gold_gain":0,"player_choice":"Read","damage_taken":0,"max_hp_gain":0,"max_hp_loss":0,"event_name":"The Library","floor":20,"gold_loss":0,"cards_obtained":["Spot Weakness"]},{"damage_healed":0,"gold_gain":0,"player_choice":"Fought Bandits","damage_taken":0,"max_hp_gain":0,"max_hp_loss":0,"event_name":"Masked Bandits","floor":24,"gold_loss":0}],"is_beta":false,"boss_relics":[{"not_picked":["Ectoplasm","Calling Bell"],"picked":"Philosopher\u0027s Stone"}],"items_purged_floors":[],"is_endless":false,"potions_floor_spawned":[4,5,16,19,21,24,25],"killed_by":"Centurion and Healer","ascension_level":18}