{"gold_per_floor":[116,116,116,41,60,85,103,120,143,68,79,79,107,107,107,107],"floor_reached":16,"playtime":311,"items_purged":["Strike_G"],"score":263,"play_id":"c5ab199c-8720-4b4b-9439-8129bb4dc98e","local_time":"20190119190812","is_ascension_mode":true,"campfire_choices":[{"floor":12,"key":"REST"},{"floor":15,"key":"REST"}],"neow_cost":"NONE","seed_source_timestamp":30738958992497,"circlet_count":0,"master_deck":["AscendersBane","Defend_G","Defend_G","Defend_G","Defend_G","Defend_G","Strike_G","Strike_G+1","Survivor","Neutralize","Dagger Throw+1","Quick Slash","All Out Attack","PiercingWail","Bane","Caltrops"],"relics":["Ring of the Snake","NeowsBlessing","Bag of Preparation","Lantern","Pen Nib"],"potions_floor_usage":[13,13],"damage_taken":[{"damage":0,"enemies":"Cultist","floor":1,"turns":1},{"damage":0,"enemies":"2 Louse","floor":5,"turns":1},{"damage":0,"enemies":"Gremlin Nob","floor":6,"turns":1},{"damage":0,"enemies":"Small Slimes","floor":7,"turns":2},{"damage":5,"enemies":"Exordium Thugs","floor":8,"turns":5},{"damage":1,"enemies":"Blue Slaver","floor":11,"turns":3},{"damage":24,"enemies":"Lagavulin","floor":13,"turns":7},{"damage":45,"enemies":"Hexaghost","floor":16,"turns":9}],"seed_played":"2172609230338592957","potions_obtained":[{"floor":1,"key":"Ancient Potion"},{"floor":6,"key":"Explosive Potion"}],"is_trial":false,"path_per_floor":["M","?","?","?","M","E","M","M","T","$","M","R","E","?","R","B"],"character_chosen":"THE_SILENT","items_purchased":[],"campfire_rested":2,"item_purchase_floors":[],"current_hp_per_floor":[59,52,32,32,32,32,32,27,27,27,26,45,21,21,40,0],"gold":107,"neow_bonus":"THREE_ENEMY_KILL","is_prod":false,"is_daily":false,"chose_seed":false,"campfire_upgraded":0,"win_rate":0,"timestamp":1547924892,"path_taken":["M","?","?","?","M","E","M","?","T","?","M","R","E","?","R","BOSS"],"build_version":"2019-01-17v2","purchased_purges":1,"victory":false,"max_hp_per_floor":[66,66,66,66,66,66,66,66,66,66,66,66,66,66,66,66],"card_choices":[{"not_picked":["All Out Attack","Finisher"],"picked":"Dagger Throw","floor":1},{"not_picked":["Heel Hook","Choke"],"picked":"Quick Slash","floor":5},{"not_picked":["Outmaneuver","Blade Dance"],"picked":"All Out Attack","floor":6},{"not_picked":["Blade Dance","Calculated Gamble"],"picked":"PiercingWail","floor":7},{"not_picked":["Accuracy","Deflect"],"picked":"Bane","floor":8},{"not_picked":["Skewer","Prepared"],"picked":"Caltrops","floor":11},{"not_picked":["Prepared","Unload","Bane"],"picked":"SKIP","floor":13}],"player_experience":509236,"relics_obtained":[{"floor":6,"key":"Bag of Preparation"},{"floor":9,"key":"Lantern"},{"floor":13,"key":"Pen Nib"}],"event_choices":[{"cards_removed":["Strike_G"],"damage_healed":0,"gold_gain":0,"player_choice":"Card Removal","damage_taken":7,"max_hp_gain":0,"max_hp_loss":0,"event_name":"Golden Wing","floor":2,"gold_loss":0},{"damage_healed":0,"gold_gain":0,"player_choice":"Entered Light","damage_taken":20,"max_hp_gain":0,"max_hp_loss":0,"event_name":"Shining Light","floor":3,"gold_loss":0,"cards_upgraded":["Dagger Throw","Strike_G"]},{"cards_removed":["Strike_G"],"damage_healed":0,"gold_gain":0,"player_choice":"Card Removal","damage_taken":0,"max_hp_gain":0,"max_hp_loss":0,"event_name":"The Cleric","floor":4,"gold_loss":75},{"damage_healed":0,"gold_gain":0,"player_choice":"Ignored","damage_taken":0,"max_hp_gain":0,"max_hp_loss":0,"event_name":"Golden Idol","floor":14,"gold_loss":0}],"is_beta":false,"boss_relics":[],"items_purged_floors":[10],"is_endless":false,"potions_floor_spawned":[1,6,7,11],"killed_by":"Hexaghost","ascension_level":19}