{"gold_per_floor":[111,186,59,59,75,108,108,143,168,187,205,205,238,258,258,332,332,350,350,363,382,126,126,0,29,29,29,29,55,55,73,73,73],"floor_reached":33,"playtime":1263,"items_purged":["Strike_B","Strike_B"],"score":640,"play_id":"9584124c-82b3-4872-b492-9f7fd3e7e69e","local_time":"20190322161530","is_ascension_mode":true,"campfire_choices":[{"data":"Sunder","floor":7,"key":"SMITH"},{"data":"Hologram","floor":12,"key":"SMITH"},{"floor":15,"key":"REST"},{"floor":23,"key":"REST"},{"floor":28,"key":"REST"},{"floor":32,"key":"REST"}],"neow_cost":"NONE","seed_source_timestamp":4229370324875,"circlet_count":0,"master_deck":["AscendersBane","Strike_B","Strike_B","Defend_B","Defend_B","Defend_B","Defend_B","Zap","Dualcast","Sweeping Beam","Conserve Battery","FTL","Sunder+1","Cold Snap","Hologram+1","Compile Driver","Seek","Defragment","Gash","Self Repair","BootSequence","White Noise+1","Cold Snap+1"],"relics":["Cracked Core","NeowsBlessing","Boot","Bag of Marbles","Juzu Bracelet","Kunai","Nuclear Battery","Nilry\u0027s Codex","Shuriken","Prayer Wheel"],"potions_floor_usage":[8,11,13,16,16,25,31],"damage_taken":[{"damage":0,"enemies":"2 Louse","floor":1,"turns":1},{"damage":0,"enemies":"Small Slimes","floor":5,"turns":1},{"damage":0,"enemies":"Lagavulin","floor":6,"turns":1},{"damage":4,"enemies":"Gremlin Nob","floor":8,"turns":3},{"damage":0,"enemies":"Cultist","floor":10,"turns":1},{"damage":10,"enemies":"Exordium Wildlife","floor":11,"turns":3},{"damage":19,"enemies":"Lagavulin","floor":13,"turns":5},{"damage":2,"enemies":"2 Fungi Beasts","floor":14,"turns":4},{"damage":35,"enemies":"Slime Boss","floor":16,"turns":11},{"damage":2,"enemies":"Chosen","floor":18,"turns":3},{"damage":2,"enemies":"Spheric Guardian","floor":20,"turns":3},{"damage":18,"enemies":"Centurion and Healer","floor":21,"turns":6},{"damage":24,"enemies":"Gremlin Leader","floor":25,"turns":7},{"damage":39,"enemies":"Book of Stabbing","floor":29,"turns":8},{"damage":0,"enemies":"Cultist and Chosen","floor":31,"turns":5},{"damage":51,"enemies":"Collector","floor":33,"turns":6}],"seed_played":"-7139088024024175335","potions_obtained":[{"floor":4,"key":"Swift Potion"},{"floor":4,"key":"AttackPotion"},{"floor":5,"key":"EssenceOfSteel"},{"floor":10,"key":"Fruit Juice"},{"floor":11,"key":"GamblersBrew"},{"floor":13,"key":"Dexterity Potion"},{"floor":16,"key":"Ancient Potion"},{"floor":21,"key":"Block Potion"},{"floor":31,"key":"Ancient Potion"}],"is_trial":false,"path_per_floor":["M","?","$","?","M","E","R","E","T","M","M","R","E","M","R","B",null,"M","?","M","M","$","R","?","E","T","?","R","E","?","M","R","B"],"character_chosen":"DEFECT","items_purchased":["Conserve Battery","Self Repair","BootSequence"],"campfire_rested":4,"item_purchase_floors":[3,22,22],"current_hp_per_floor":[64,53,53,53,53,53,53,49,49,49,44,44,25,23,45,10,60,58,37,35,17,17,39,39,22,22,22,44,12,12,19,41,0],"gold":73,"neow_bonus":"THREE_ENEMY_KILL","is_prod":false,"is_daily":false,"chose_seed":false,"campfire_upgraded":2,"win_rate":0,"timestamp":1553264130,"path_taken":["M","?","$","?","M","E","R","E","T","M","M","R","E","M","R","BOSS","M","?","M","M","$","R","?","E","T","?","R","E","?","M","R","BOSS"],"build_version":"2019-01-23","purchased_purges":2,"victory":false,"max_hp_per_floor":[71,71,71,71,71,71,71,71,71,71,76,76,76,76,76,76,76,76,76,76,76,76,76,76,76,76,76,76,76,76,76,76,76],"card_choices":[{"not_picked":["Blizzard","Ball Lightning"],"picked":"Sweeping Beam","floor":1},{"not_picked":["Conserve Battery","Tempest"],"picked":"FTL","floor":5},{"not_picked":["Redo","FTL"],"picked":"Sunder","floor":6},{"not_picked":["Stack","Ball Lightning"],"picked":"Cold Snap","floor":8},{"not_picked":["Blizzard","Barrage"],"picked":"Hologram","floor":10},{"not_picked":["Thunder Strike","Melter","Barrage"],"picked":"SKIP","floor":11},{"not_picked":["Rip and Tear","Multi-Cast"],"picked":"Compile Driver","floor":13},{"not_picked":["Redo","Sweeping Beam","Rebound"],"picked":"SKIP","floor":14},{"not_picked":["Hyperbeam","Rainbow"],"picked":"Seek","floor":16},{"not_picked":["Redo","Capacitor"],"picked":"Defragment","floor":18},{"not_picked":["Redo+1","Go for the Eyes"],"picked":"Gash","floor":20},{"not_picked":["Scrape","Heatsinks","Tempest"],"picked":"SKIP","floor":21},{"not_picked":["Sweeping Beam","Streamline+1","Multi-Cast"],"picked":"SKIP","floor":25},{"not_picked":["Heatsinks","Streamline"],"picked":"White Noise+1","floor":29},{"not_picked":["Lockon","Storm"],"picked":"Cold Snap+1","floor":31},{"not_picked":["Stack","Rebound","Leap"],"picked":"SKIP","floor":31}],"player_experience":812925,"relics_obtained":[{"floor":6,"key":"Boot"},{"floor":8,"key":"Bag of Marbles"},{"floor":9,"key":"Juzu Bracelet"},{"floor":13,"key":"Kunai"},{"floor":19,"key":"Nilry\u0027s Codex"},{"floor":25,"key":"Shuriken"},{"floor":29,"key":"Prayer Wheel"}],"event_choices":[{"damage_healed":0,"gold_gain":75,"player_choice":"Gather Gold","damage_taken":11,"max_hp_gain":0,"max_hp_loss":0,"event_name":"World of Goop","floor":2,"gold_loss":0},{"damage_healed":0,"gold_gain":0,"player_choice":"Got Potions","damage_taken":0,"max_hp_gain":0,"max_hp_loss":0,"event_name":"Lab","floor":4,"gold_loss":0},{"damage_healed":0,"gold_gain":0,"player_choice":"Obtained Book","damage_taken":21,"max_hp_gain":0,"max_hp_loss":0,"event_name":"Cursed Tome","floor":19,"gold_loss":0},{"damage_healed":0,"gold_gain":0,"player_choice":"Paid Fearfully","damage_taken":0,"max_hp_gain":0,"max_hp_loss":0,"event_name":"Masked Bandits","floor":24,"gold_loss":126},{"damage_healed":0,"gold_gain":0,"player_choice":"Ignored","damage_taken":0,"max_hp_gain":0,"max_hp_loss":0,"event_name":"Vampires","floor":27,"gold_loss":0},{"damage_healed":0,"gold_gain":0,"player_choice":"Ignored","damage_taken":0,"max_hp_gain":0,"max_hp_loss":0,"event_name":"Ghosts","floor":30,"gold_loss":0}],"is_beta":false,"boss_relics":[{"not_picked":["Pandora\u0027s Box","Eternal Feather"],"picked":"Nuclear Battery"}],"items_purged_floors":[3,22],"is_endless":false,"potions_floor_spawned":[5,10,11,13,16,21,31],"killed_by":"Collector","ascension_level":19}