{"gold_per_floor":[112,125,13,13,13,39,39,39,115,115,130,150,183,26,26,100,100,120,120,137,156,169,169,194,194,266,11,41,41,54,54,54,54],"floor_reached":33,"playtime":1204,"items_purged":["Strike_G","Strike_G","Strike_G"],"score":636,"play_id":"b1d0600b-f9bf-4143-9a80-6a8ad64ce028","local_time":"20190312120546","is_ascension_mode":true,"campfire_choices":[{"data":"Neutralize","floor":8,"key":"SMITH"},{"data":"Dagger Spray","floor":10,"key":"SMITH"},{"floor":15,"key":"REST"},{"data":"After Image","floor":23,"key":"SMITH"},{"floor":25,"key":"REST"},{"floor":32,"key":"REST"}],"neow_cost":"NONE","seed_source_timestamp":498183764482453,"circlet_count":0,"master_deck":["AscendersBane","Defend_G","Defend_G","Defend_G","Defend_G","Strike_G","Survivor","Neutralize+1","Dagger Spray+1","Caltrops+1","Infinite Blades+1","Infinite Blades","Footwork","Leg Sweep","Glass Knife","After Image+1","A Thousand Cuts","Footwork","Terror","Footwork"],"relics":["Ring of the Snake","NeowsBlessing","Unceasing Top","Darkstone Periapt","Du-Vu Doll","Busted Crown","Art of War","Mummified Hand","Orichalcum"],"potions_floor_usage":[13,16,20,21,28,33,33],"damage_taken":[{"damage":0,"enemies":"Small Slimes","floor":1,"turns":1},{"damage":0,"enemies":"Jaw Worm","floor":2,"turns":1},{"damage":0,"enemies":"Gremlin Nob","floor":6,"turns":1},{"damage":4,"enemies":"Cultist","floor":11,"turns":3},{"damage":3,"enemies":"Looter","floor":12,"turns":4},{"damage":16,"enemies":"3 Sentries","floor":13,"turns":6},{"damage":7,"enemies":"Hexaghost","floor":16,"turns":9},{"damage":11,"enemies":"2 Thieves","floor":18,"turns":5},{"damage":3,"enemies":"Spheric Guardian","floor":20,"turns":4},{"damage":18,"enemies":"Snake Plant","floor":21,"turns":6},{"damage":0,"enemies":"Centurion and Healer","floor":22,"turns":6},{"damage":16,"enemies":"Book of Stabbing","floor":24,"turns":5},{"damage":17,"enemies":"Gremlin Leader","floor":28,"turns":5},{"damage":9,"enemies":"Shelled Parasite and Fungi","floor":30,"turns":5},{"damage":33,"enemies":"Collector","floor":33,"turns":9}],"seed_played":"7067378701564357717","potions_obtained":[{"floor":1,"key":"SkillPotion"},{"floor":11,"key":"Swift Potion"},{"floor":16,"key":"Energy Potion"},{"floor":18,"key":"Regen Potion"},{"floor":24,"key":"EssenceOfSteel"},{"floor":28,"key":"Ancient Potion"},{"floor":30,"key":"Energy Potion"}],"is_trial":false,"path_per_floor":["M","M","$","?","?","E","?","R","T","R","M","M","E","$","R","B",null,"M","?","M","M","M","R","E","R","T","$","E","?","M","?","R","B"],"character_chosen":"THE_SILENT","items_purchased":["Infinite Blades","Weak Potion","Terror","Footwork"],"campfire_rested":3,"item_purchase_floors":[3,14,27,27],"current_hp_per_floor":[59,59,59,39,32,32,32,32,32,32,28,25,9,9,28,21,55,44,44,53,35,35,35,19,38,38,38,21,21,12,12,31,0],"gold":54,"neow_bonus":"THREE_ENEMY_KILL","is_prod":false,"is_daily":false,"chose_seed":false,"campfire_upgraded":3,"win_rate":0,"timestamp":1552388746,"path_taken":["M","M","$","?","?","E","?","R","T","R","M","M","E","$","R","BOSS","M","?","?","M","M","R","E","R","T","$","E","?","?","?","R","BOSS"],"build_version":"2019-01-23","purchased_purges":3,"victory":false,"max_hp_per_floor":[66,66,66,66,66,66,66,66,66,66,66,66,66,66,66,66,66,66,66,66,66,66,66,66,66,66,66,66,66,66,66,66,66],"card_choices":[{"not_picked":["Tactician","Blade Dance"],"picked":"Dagger Spray","floor":1},{"not_picked":["Bane","Concentrate"],"picked":"Caltrops","floor":2},{"not_picked":["Deadly Poison","Finisher"],"picked":"Infinite Blades","floor":6},{"not_picked":["Backstab","Dodge and Roll"],"picked":"Footwork","floor":11},{"not_picked":["Deflect","Tactician"],"picked":"Leg Sweep","floor":12},{"not_picked":["Masterful Stab","Slice"],"picked":"Glass Knife","floor":13},{"not_picked":["Doppelganger","Phantasmal Killer"],"picked":"After Image","floor":16},{"not_picked":["Poisoned Stab"],"picked":"SKIP","floor":18},{"not_picked":["Poisoned Stab"],"picked":"SKIP","floor":20},{"not_picked":[],"picked":"Footwork","floor":21},{"not_picked":["Bane"],"picked":"SKIP","floor":22},{"not_picked":["Acrobatics"],"picked":"SKIP","floor":24},{"not_picked":["Slice"],"picked":"SKIP","floor":28},{"not_picked":["Deadly Poison"],"picked":"SKIP","floor":30}],"player_experience":978006,"relics_obtained":[{"floor":6,"key":"Unceasing Top"},{"floor":9,"key":"Darkstone Periapt"},{"floor":13,"key":"Du-Vu Doll"},{"floor":24,"key":"Art of War"},{"floor":26,"key":"Mummified Hand"},{"floor":28,"key":"Orichalcum"}],"event_choices":[{"damage_healed":0,"gold_gain":0,"player_choice":"Entered Light","damage_taken":20,"max_hp_gain":0,"max_hp_loss":0,"event_name":"Shining Light","floor":4,"gold_loss":0,"cards_upgraded":["Caltrops","Infinite Blades"]},{"cards_removed":["Defend_G"],"damage_healed":0,"gold_gain":0,"player_choice":"Card Removal","damage_taken":7,"max_hp_gain":0,"max_hp_loss":0,"event_name":"Golden Wing","floor":5,"gold_loss":0},{"damage_healed":0,"gold_gain":0,"player_choice":"Ignored","damage_taken":0,"max_hp_gain":0,"max_hp_loss":0,"event_name":"Liars Game","floor":7,"gold_loss":0},{"damage_healed":0,"gold_gain":0,"cards_transformed":["Strike_G"],"player_choice":"Transformed","damage_taken":0,"max_hp_gain":0,"max_hp_loss":0,"event_name":"Transmorgrifier","floor":19,"gold_loss":0,"cards_obtained":["A Thousand Cuts"]},{"damage_healed":0,"gold_gain":0,"player_choice":"0 cards matched","damage_taken":0,"max_hp_gain":0,"max_hp_loss":0,"event_name":"Match and Keep!","floor":29,"gold_loss":0,"cards_obtained":[]},{"damage_healed":0,"gold_gain":0,"player_choice":"Ignored","damage_taken":0,"max_hp_gain":0,"max_hp_loss":0,"event_name":"Vampires","floor":31,"gold_loss":0}],"is_beta":false,"boss_relics":[{"not_picked":["Coffee Dripper","Pandora\u0027s Box"],"picked":"Busted Crown"}],"items_purged_floors":[3,14,27],"is_endless":false,"potions_floor_spawned":[1,11,16,18,24,28,30],"killed_by":"Collector","ascension_level":20}