{"gold_per_floor":[111,111,125,148,68,68,83,107,161,6,6],"floor_reached":11,"playtime":265,"items_purged":[],"score":130,"play_id":"0e3fd938-e377-4c3d-ad89-599eccfe97d8","local_time":"20190308193700","is_ascension_mode":true,"campfire_choices":[{"floor":6,"key":"REST"}],"neow_cost":"NONE","seed_source_timestamp":714394584362286,"circlet_count":0,"master_deck":["AscendersBane","Strike_R","Strike_R","Strike_R","Strike_R","Defend_R","Defend_R","Defend_R","Defend_R","Bash","Perfected Strike","Thunderclap","Intimidate","Offering","Armaments","Anger","Reaper"],"relics":["Burning Blood","Golden Idol","Oddly Smooth Stone"],"potions_floor_usage":[],"damage_taken":[{"damage":0,"enemies":"Small Slimes","floor":1,"turns":4},{"damage":19,"enemies":"Jaw Worm","floor":3,"turns":5},{"damage":4,"enemies":"Cultist","floor":4,"turns":3},{"damage":17,"enemies":"Exordium Thugs","floor":7,"turns":3},{"damage":22,"enemies":"Blue Slaver","floor":8,"turns":5},{"damage":34,"enemies":"3 Sentries","floor":11,"turns":4}],"seed_played":"-7349941504325036960","potions_obtained":[{"floor":1,"key":"GamblersBrew"},{"floor":3,"key":"LiquidBronze"}],"is_trial":false,"path_per_floor":["M","?","M","M","$","R","M","M","T","$","E"],"character_chosen":"IRONCLAD","items_purchased":["Offering","Reaper"],"campfire_rested":1,"item_purchase_floors":[5,10],"current_hp_per_floor":[74,48,35,37,37,59,48,32,32,32,0],"gold":6,"neow_bonus":"TRANSFORM_CARD","is_prod":false,"is_daily":false,"chose_seed":false,"campfire_upgraded":0,"win_rate":0,"timestamp":1552073820,"path_taken":["M","?","M","M","$","R","M","M","T","$","E"],"build_version":"2019-01-23","purchased_purges":0,"victory":false,"max_hp_per_floor":[75,75,75,75,75,75,75,75,75,75,75],"card_choices":[{"not_picked":["Entrench","Havoc"],"picked":"Thunderclap","floor":1},{"not_picked":["Perfected Strike","Thunderclap"],"picked":"Intimidate","floor":3},{"not_picked":["Sword Boomerang","Iron Wave","Clash"],"picked":"SKIP","floor":4},{"not_picked":["Thunderclap","Cleave"],"picked":"Armaments","floor":7},{"not_picked":["Blood for Blood","Evolve"],"picked":"Anger","floor":8}],"player_experience":547393,"relics_obtained":[{"floor":9,"key":"Oddly Smooth Stone"}],"event_choices":[{"damage_healed":0,"gold_gain":0,"player_choice":"Take Damage","damage_taken":26,"relics_obtained":["Golden Idol"],"max_hp_gain":0,"max_hp_loss":0,"event_name":"Golden Idol","floor":2,"gold_loss":0}],"is_beta":false,"boss_relics":[],"items_purged_floors":[],"is_endless":false,"potions_floor_spawned":[1,3,4],"killed_by":"3 Sentries","ascension_level":20}