{"gold_per_floor":[111,122,122,122,138,164,164,195,195,195],"floor_reached":10,"playtime":656,"items_purged":[],"score":122,"play_id":"44d6888e-728c-4b2a-962b-b3904169d03e","local_time":"20190323001046","is_ascension_mode":true,"campfire_choices":[{"data":"Zap","floor":7.0,"key":"SMITH"}],"neow_cost":"TEN_PERCENT_HP_LOSS","seed_source_timestamp":0,"circlet_count":0,"master_deck":["AscendersBane","Strike_B+1","Strike_B","Strike_B","Strike_B","Defend_B","Defend_B","Defend_B","Defend_B","Zap+1","Dualcast+1","Rebound","Rip and Tear","Ball Lightning","Self Repair"],"special_seed":0,"relics":["Cracked Core","Mango","Darkstone Periapt","Bottled Flame","Dodecahedron","Ornamental Fan"],"potions_floor_usage":[],"damage_taken":[{"damage":5.0,"enemies":"2 Louse","floor":1.0,"turns":3.0},{"damage":1.0,"enemies":"Cultist","floor":2.0,"turns":3.0},{"damage":8.0,"enemies":"Small Slimes","floor":5.0,"turns":2.0},{"damage":30.0,"enemies":"Lagavulin","floor":6.0,"turns":4.0},{"damage":25.0,"enemies":"3 Sentries","floor":8.0,"turns":6.0},{"damage":8,"enemies":"3 Louse","floor":10,"turns":1}],"seed_played":"592311698868585053","potions_obtained":[{"floor":1.0,"key":"EntropicBrew"},{"floor":6.0,"key":"AttackPotion"}],"is_trial":false,"path_per_floor":["M","M","?","?","M","E","R","E","T","M"],"character_chosen":"DEFECT","items_purchased":[],"campfire_rested":0,"item_purchase_floors":[],"current_hp_per_floor":[77,76,69,53,45,15,15,5,5,0],"gold":195,"neow_bonus":"ONE_RARE_RELIC","is_prod":false,"is_daily":false,"chose_seed":false,"campfire_upgraded":1,"win_rate":0,"timestamp":1553314246,"path_taken":["M","M","?","?","M","E","R","E","T","M"],"build_version":"2019-01-23","purchased_purges":0,"victory":false,"max_hp_per_floor":[82,82,82,82,82,82,82,82,82,82],"card_choices":[{"not_picked":["Darkness","Sunder"],"picked":"Rebound","floor":1.0},{"not_picked":["Beam Cell","Hello World"],"picked":"Rip and Tear","floor":2.0},{"not_picked":["Beam Cell","Gash"],"picked":"Ball Lightning","floor":5.0},{"not_picked":["Stack","Force Field"],"picked":"Self Repair","floor":6.0},{"not_picked":["Turbo","Multi-Cast","Blizzard"],"picked":"SKIP","floor":8.0}],"player_experience":1983582,"relics_obtained":[{"floor":6.0,"key":"Bottled Flame"},{"floor":8.0,"key":"Dodecahedron"},{"floor":9.0,"key":"Ornamental Fan"}],"event_choices":[{"damage_healed":0.0,"max_hp_gain":0.0,"max_hp_loss":0.0,"gold_gain":0.0,"event_name":"Scrap Ooze","player_choice":"Success","floor":3.0,"gold_loss":0.0,"damage_taken":7.0,"relics_obtained":["Darkstone Periapt"]},{"damage_healed":0.0,"max_hp_gain":0.0,"max_hp_loss":0.0,"gold_gain":0.0,"event_name":"Shining Light","player_choice":"Entered Light","floor":4.0,"gold_loss":0.0,"damage_taken":16.0,"cards_upgraded":["Strike_B","Dualcast"]}],"is_beta":false,"boss_relics":[],"items_purged_floors":[],"is_endless":false,"potions_floor_spawned":[1,6],"killed_by":"3 Louse","ascension_level":12}