{"gold_per_floor":[114,134,145,157,173,173,184,184,236,236,247,197,224,244,244,343,343,358,388,404,404,157,185,185,218,218,118,147,246,256,272,272,375,375,394,411,351,28,41,73,73,89,166,68,83,100,113,113,113,113],"floor_reached":51,"playtime":4434,"items_purged":["Strike_R","Strike_R","Spot Weakness"],"score":908,"play_id":"2488806a-e5f3-41e6-97b0-5ae44e0c12ff","local_time":"20190129233446","is_ascension_mode":false,"campfire_choices":[{"data":"Armaments","floor":6,"key":"SMITH"},{"floor":8,"key":"REST"},{"data":"Dropkick","floor":10,"key":"SMITH"},{"floor":15,"key":"REST"},{"floor":24,"key":"REST"},{"floor":32,"key":"REST"},{"floor":41,"key":"REST"},{"floor":49,"key":"REST"}],"neow_cost":"NONE","seed_source_timestamp":43192792008841,"circlet_count":0,"master_deck":["Defend_R","Defend_R","Defend_R","Defend_R","Bash","Dual Wield","Dropkick+1","Armaments+1","Corruption","Burning Pact+1","Thinking Ahead","Seeing Red+1"],"relics":["Runic Pyramid","Vajra","Odd Mushroom","Fusion Hammer","Red Mask","Bird Faced Urn","Mercury Hourglass","Kunai","Bronze Scales","HandDrill","Pen Nib","Ornamental Fan"],"potions_floor_usage":[5,18,20,33,36,47,50,50,50],"damage_taken":[{"damage":4,"enemies":"2 Louse","floor":1,"turns":5},{"damage":1,"enemies":"Jaw Worm","floor":2,"turns":5},{"damage":7,"enemies":"Small Slimes","floor":3,"turns":4},{"damage":1,"enemies":"Exordium Wildlife","floor":4,"turns":3},{"damage":3,"enemies":"Red Slaver","floor":5,"turns":3},{"damage":17,"enemies":"Large Slime","floor":7,"turns":5},{"damage":3,"enemies":"Exordium Thugs","floor":11,"turns":4},{"damage":18,"enemies":"The Mushroom Lair","floor":13,"turns":3},{"damage":4,"enemies":"Blue Slaver","floor":14,"turns":3},{"damage":16,"enemies":"Hexaghost","floor":16,"turns":3},{"damage":18,"enemies":"2 Thieves","floor":18,"turns":4},{"damage":25,"enemies":"Masked Bandits","floor":19,"turns":4},{"damage":20,"enemies":"Spheric Guardian","floor":20,"turns":4},{"damage":5,"enemies":"Book of Stabbing","floor":23,"turns":3},{"damage":14,"enemies":"Gremlin Leader","floor":25,"turns":3},{"damage":0,"enemies":"Book of Stabbing","floor":28,"turns":3},{"damage":0,"enemies":"Chosen and Byrds","floor":30,"turns":3},{"damage":0,"enemies":"Centurion and Healer","floor":31,"turns":3},{"damage":1,"enemies":"Automaton","floor":33,"turns":4},{"damage":2,"enemies":"3 Darklings","floor":35,"turns":4},{"damage":0,"enemies":"Orb Walker","floor":36,"turns":2},{"damage":0,"enemies":"Transient","floor":39,"turns":2},{"damage":0,"enemies":"Nemesis","floor":40,"turns":3},{"damage":1,"enemies":"3 Darklings","floor":42,"turns":3},{"damage":0,"enemies":"Spire Growth","floor":45,"turns":2},{"damage":17,"enemies":"4 Shapes","floor":46,"turns":3},{"damage":25,"enemies":"Sphere and 2 Shapes","floor":47,"turns":5},{"damage":0,"enemies":"Donu and Deca","floor":50,"turns":3}],"seed_played":"-245589737080400988","potions_obtained":[{"floor":1,"key":"Fire Potion"},{"floor":2,"key":"BloodPotion"},{"floor":13,"key":"GamblersBrew"},{"floor":14,"key":"Dexterity Potion"},{"floor":16,"key":"BloodPotion"},{"floor":18,"key":"LiquidBronze"},{"floor":28,"key":"Dexterity Potion"},{"floor":31,"key":"Weak Potion"},{"floor":33,"key":"Swift Potion"},{"floor":39,"key":"EssenceOfSteel"},{"floor":42,"key":"Block Potion"},{"floor":47,"key":"GamblersBrew"}],"is_trial":false,"path_per_floor":["?","?","M","?","?","?","?","M"],"character_chosen":"IRONCLAD","items_purchased":["Thinking Ahead","HandDrill","Swift Potion","FearPotion"],"campfire_rested":6,"item_purchase_floors":[22,38,44,44],"current_hp_per_floor":[76,75,68,67,64,64,47,71,71,71,68,68,50,46,70,54,80,70,45,33,33,33,28,52,40,40,40,42,42,44,46,70,71,80,78,80,80,80,80,80,80,80,80,80,80,63,40,40,64,66],"gold":113,"neow_bonus":"BOSS_RELIC","is_prod":false,"is_daily":false,"chose_seed":false,"campfire_upgraded":2,"win_rate":0.0,"timestamp":1548822886,"path_taken":["M","M","M","M","M","R","M","R","T","R","M","?","?","?","R","BOSS","M","?","M","?","$","E","R","E","T","$","E","?","M","M","R","BOSS","M","M","?","$","M","E","R","M","T","$","?","M","M","$","R","BOSS"],"build_version":"2019-01-23","purchased_purges":3,"victory":true,"max_hp_per_floor":[80,80,80,80,80,80,80,80,80,80,80,80,80,80,80,80,80,80,80,80,80,80,80,80,80,80,80,80,80,80,80,80,80,80,80,80,80,80,80,80,80,80,80,80,80,80,80,80,80,80],"card_choices":[{"not_picked":["Power Through","Carnage"],"picked":"Dual Wield","floor":1},{"not_picked":["Shrug It Off","Pommel Strike"],"picked":"Dropkick","floor":2},{"not_picked":["Heavy Blade","Cleave","Bloodletting"],"picked":"SKIP","floor":3},{"not_picked":["Warcry","Shrug It Off"],"picked":"Armaments","floor":4},{"not_picked":["Headbutt","Iron Wave","Cleave"],"picked":"SKIP","floor":5},{"not_picked":["Sword Boomerang","Blood for Blood"],"picked":"Spot Weakness","floor":7},{"not_picked":["Pummel","Flex","True Grit"],"picked":"SKIP","floor":11},{"not_picked":["Warcry","Impervious"],"picked":"Corruption","floor":13},{"not_picked":["Armaments","Cleave","Clash"],"picked":"SKIP","floor":14},{"not_picked":["Hemokinesis","Sever Soul+1"],"picked":"Burning Pact+1","floor":18},{"not_picked":["Rage","Corruption","Sever Soul+1"],"picked":"SKIP","floor":20},{"not_picked":["Fire Breathing","Flex","Spot Weakness"],"picked":"SKIP","floor":23},{"not_picked":["Seeing Red","Heavy Blade","Anger"],"picked":"SKIP","floor":25},{"not_picked":["Rage","Pummel","Limit Break"],"picked":"SKIP","floor":28},{"not_picked":["Iron Wave+1","Metallicize","True Grit"],"picked":"SKIP","floor":30},{"not_picked":["Pummel","Uppercut","Armaments"],"picked":"SKIP","floor":31},{"not_picked":["Perfected Strike+1","Clash+1"],"picked":"Seeing Red+1","floor":35},{"not_picked":["Hemokinesis+1","Armaments","Cleave"],"picked":"SKIP","floor":36},{"not_picked":["Body Slam","Battle Trance","Entrench+1"],"picked":"SKIP","floor":39},{"not_picked":["Armaments+1","Twin Strike+1","Entrench"],"picked":"SKIP","floor":40},{"not_picked":["Heavy Blade","Twin Strike","Whirlwind+1"],"picked":"SKIP","floor":42},{"not_picked":["Dual Wield","Reckless Charge+1","Battle Trance"],"picked":"SKIP","floor":45},{"not_picked":["Searing Blow+1","Clash","Cleave+1"],"picked":"SKIP","floor":46},{"not_picked":["Heavy Blade+1","Flame Barrier+1","Fire Breathing"],"picked":"SKIP","floor":47}],"player_experience":9440,"relics_obtained":[{"floor":9,"key":"Vajra"},{"floor":13,"key":"Odd Mushroom"},{"floor":19,"key":"Red Mask"},{"floor":23,"key":"Bird Faced Urn"},{"floor":25,"key":"Mercury Hourglass"},{"floor":26,"key":"Kunai"},{"floor":28,"key":"Bronze Scales"},{"floor":40,"key":"Pen Nib"},{"floor":43,"key":"Ornamental Fan"}],"event_choices":[{"cards_removed":["Strike_R"],"damage_healed":0,"gold_gain":0,"player_choice":"Card Removal","damage_taken":0,"max_hp_gain":0,"max_hp_loss":0,"event_name":"The Cleric","floor":12,"gold_loss":50},{"damage_healed":0,"gold_gain":0,"player_choice":"Fought Mushrooms","damage_taken":0,"max_hp_gain":0,"max_hp_loss":0,"event_name":"Mushrooms","floor":13,"gold_loss":0},{"damage_healed":0,"gold_gain":0,"player_choice":"Fought Bandits","damage_taken":0,"max_hp_gain":0,"max_hp_loss":0,"event_name":"Masked Bandits","floor":19,"gold_loss":0},{"cards_removed":["Strike_R"],"damage_healed":0,"gold_gain":0,"player_choice":"Elegance","damage_taken":0,"max_hp_gain":0,"max_hp_loss":0,"event_name":"Back to Basics","floor":21,"gold_loss":0},{"damage_healed":0,"gold_gain":99,"player_choice":"Stole From Cult","damage_taken":0,"max_hp_gain":0,"max_hp_loss":0,"event_name":"Nest","floor":29,"gold_loss":0},{"cards_removed":["Strike_R"],"damage_healed":0,"gold_gain":0,"player_choice":"Single Remove","damage_taken":0,"max_hp_gain":0,"max_hp_loss":0,"event_name":"Designer","floor":37,"gold_loss":60}],"is_beta":false,"boss_relics":[{"not_picked":["Mark of Pain","Orrery"],"picked":"Fusion Hammer"},{"not_picked":["Coffee Dripper","Sozu","Velvet Choker"]}],"items_purged_floors":[22,27,38],"is_endless":false,"potions_floor_spawned":[1,2,13,14,16,18,28,31,33,39,42,45,47],"ascension_level":0}