{"gold_per_floor":[114,114,130,130,144,144,180,180,180,180,194,227,250,264,264,264],"floor_reached":16,"playtime":756,"items_purged":[],"score":174,"play_id":"a57cd6d8-5a5b-4674-a601-c7044017203f","local_time":"20190312155454","is_ascension_mode":true,"campfire_choices":[{"data":"Whirlwind","floor":6,"key":"SMITH"},{"data":"True Grit","floor":8,"key":"SMITH"},{"data":"Bash","floor":10,"key":"SMITH"},{"data":"Juggernaut","floor":15,"key":"SMITH"}],"neow_cost":"NONE","seed_source_timestamp":940133374336572,"circlet_count":0,"master_deck":["AscendersBane","Strike_R","Strike_R","Strike_R","Strike_R","Strike_R","Defend_R","Defend_R","Defend_R","Defend_R","Bash+1","Whirlwind+1","Heavy Blade","Shrug It Off","True Grit+1","Flame Barrier","Juggernaut+1","Searing Blow"],"relics":["Burning Blood","Golden Idol","Meat on the Bone","Pear","Regal Pillow"],"potions_floor_usage":[7,16,16],"damage_taken":[{"damage":11,"enemies":"Jaw Worm","floor":1,"turns":5},{"damage":1,"enemies":"2 Louse","floor":3,"turns":3},{"damage":1,"enemies":"Cultist","floor":5,"turns":3},{"damage":27,"enemies":"Gremlin Nob","floor":7,"turns":5},{"damage":0,"enemies":"2 Fungi Beasts","floor":11,"turns":3},{"damage":44,"enemies":"Lagavulin","floor":12,"turns":9},{"damage":20,"enemies":"Exordium Thugs","floor":13,"turns":4},{"damage":12,"enemies":"Looter","floor":14,"turns":4},{"damage":64,"enemies":"The Guardian","floor":16,"turns":11}],"seed_played":"-1969609594423941537","potions_obtained":[{"floor":1,"key":"EssenceOfSteel"},{"floor":7,"key":"BloodPotion"},{"floor":13,"key":"FearPotion"}],"is_trial":false,"path_per_floor":["M","?","M","?","M","R","E","R","T","R","M","E","M","M","R","B"],"character_chosen":"IRONCLAD","items_purchased":[],"campfire_rested":0,"item_purchase_floors":[],"current_hp_per_floor":[75,75,80,80,81,81,60,60,70,70,76,50,48,54,54,0],"gold":264,"neow_bonus":"TEN_PERCENT_HP_BONUS","is_prod":false,"is_daily":false,"chose_seed":false,"campfire_upgraded":4,"win_rate":0,"timestamp":1552420494,"path_taken":["M","?","M","?","M","R","E","R","T","R","M","E","M","M","R","BOSS"],"build_version":"2019-01-23","purchased_purges":0,"victory":false,"max_hp_per_floor":[88,81,81,81,81,81,81,81,91,91,91,91,91,91,91,91],"card_choices":[{"not_picked":["Uppercut","Wild Strike"],"picked":"Whirlwind","floor":1},{"not_picked":["Evolve","Clash"],"picked":"Heavy Blade","floor":3},{"not_picked":["Sword Boomerang","Clash"],"picked":"Shrug It Off","floor":5},{"not_picked":["Whirlwind","Iron Wave"],"picked":"True Grit","floor":7},{"not_picked":["Reckless Charge","Shockwave"],"picked":"Flame Barrier","floor":11},{"not_picked":["Evolve","Thunderclap"],"picked":"Juggernaut","floor":12},{"not_picked":["Sword Boomerang","Havoc"],"picked":"Searing Blow","floor":13},{"not_picked":["Second Wind","Dual Wield","Entrench"],"picked":"SKIP","floor":14}],"player_experience":1832978,"relics_obtained":[{"floor":7,"key":"Meat on the Bone"},{"floor":9,"key":"Pear"},{"floor":12,"key":"Regal Pillow"}],"event_choices":[{"damage_healed":0,"gold_gain":0,"player_choice":"Lose Max HP","damage_taken":0,"relics_obtained":["Golden Idol"],"max_hp_gain":0,"max_hp_loss":7,"event_name":"Golden Idol","floor":2,"gold_loss":0},{"damage_healed":0,"gold_gain":0,"player_choice":"Ignored","damage_taken":0,"max_hp_gain":0,"max_hp_loss":0,"event_name":"Liars Game","floor":4,"gold_loss":0}],"is_beta":false,"boss_relics":[],"items_purged_floors":[],"is_endless":false,"potions_floor_spawned":[1,7,13],"killed_by":"The Guardian","ascension_level":11}