{"gold_per_floor":[112,26,43,43,43,43,75,75,75,87,109,148,85,117,129,141],"floor_reached":16,"playtime":376,"items_purged":[],"score":216,"play_id":"7411d8d3-a396-4376-879d-eebc239b212a","local_time":"20190209145237","is_ascension_mode":true,"campfire_choices":[{"floor":6.0,"key":"REST"},{"data":"Searing Blow","floor":8.0,"key":"SMITH"},{"data":"Spot Weakness","floor":15.0,"key":"SMITH"}],"neow_cost":"","seed_source_timestamp":598013220341224,"circlet_count":0,"master_deck":["AscendersBane","Strike_R+1","Strike_R","Strike_R","Strike_R","Defend_R","Defend_R","Defend_R","Defend_R","Bash+1","Wild Strike","Reckless Charge","Seeing Red","Searing Blow+1","Feel No Pain","Spot Weakness+1","Uppercut"],"special_seed":0,"relics":["Burning Blood","Self Forming Clay","MawBank","Boot"],"potions_floor_usage":[16],"damage_taken":[{"damage":6.0,"enemies":"Small Slimes","floor":1.0,"turns":4.0},{"damage":14.0,"enemies":"Jaw Worm","floor":3.0,"turns":4.0},{"damage":30.0,"enemies":"Gremlin Nob","floor":7.0,"turns":4.0},{"damage":1.0,"enemies":"Cultist","floor":11.0,"turns":3.0},{"damage":21.0,"enemies":"Lagavulin","floor":12.0,"turns":7.0},{"damage":11.0,"enemies":"Exordium Wildlife","floor":14.0,"turns":4.0},{"damage":31,"enemies":"The Guardian","floor":16,"turns":7}],"seed_played":"-3135328853976107116","potions_obtained":[{"floor":1.0,"key":"SpeedPotion"},{"floor":10.0,"key":"LiquidBronze"},{"floor":12.0,"key":"AttackPotion"}],"is_trial":true,"path_per_floor":["M","$","M","?","?","R","E","R","T","?","M","E","?","M","R","B"],"character_chosen":"IRONCLAD","items_purchased":["Reckless Charge"],"campfire_rested":1,"item_purchase_floors":[2],"current_hp_per_floor":[68,68,60,37,42,66,42,42,42,42,47,32,32,27,27,0],"gold":141,"neow_bonus":"","is_prod":false,"is_daily":false,"chose_seed":false,"campfire_upgraded":2,"win_rate":0,"timestamp":1549723957,"path_taken":["M","$","M","?","?","R","E","R","T","?","?","E","?","M","R","BOSS"],"build_version":"2019-01-23","purchased_purges":0,"victory":false,"max_hp_per_floor":[75,75,75,75,80,80,80,80,80,80,80,80,80,80,80,80],"card_choices":[{"not_picked":["Rampage","Twin Strike"],"picked":"Wild Strike","floor":1.0},{"not_picked":["Sword Boomerang","Heavy Blade"],"picked":"Seeing Red","floor":3.0},{"not_picked":["Metallicize","Corruption"],"picked":"Searing Blow","floor":7.0},{"not_picked":["Hemokinesis","Shrug It Off"],"picked":"Feel No Pain","floor":11.0},{"not_picked":["Disarm","Clothesline"],"picked":"Spot Weakness","floor":12.0},{"not_picked":["Sword Boomerang","Wild Strike"],"picked":"Uppercut","floor":14.0}],"player_experience":525674,"relics_obtained":[{"floor":7.0,"key":"Self Forming Clay"},{"floor":9.0,"key":"MawBank"},{"floor":12.0,"key":"Boot"}],"event_choices":[{"damage_healed":0.0,"max_hp_gain":0.0,"max_hp_loss":0.0,"gold_gain":0.0,"event_name":"Shining Light","player_choice":"Entered Light","floor":4.0,"gold_loss":0.0,"damage_taken":23.0,"cards_upgraded":["Strike_R","Bash"]},{"damage_healed":0.0,"max_hp_gain":5.0,"max_hp_loss":0.0,"gold_gain":0.0,"event_name":"Big Fish","player_choice":"Donut","floor":5.0,"gold_loss":0.0,"damage_taken":0.0},{"damage_healed":0.0,"max_hp_gain":0.0,"max_hp_loss":0.0,"gold_gain":0.0,"event_name":"Lab","player_choice":"Got Potions","floor":10.0,"gold_loss":0.0,"damage_taken":0.0},{"cards_removed":["Strike_R"],"damage_healed":0.0,"max_hp_gain":0.0,"max_hp_loss":0.0,"gold_gain":0.0,"event_name":"The Cleric","player_choice":"Card Removal","floor":13.0,"gold_loss":75.0,"damage_taken":0.0}],"is_beta":false,"boss_relics":[],"items_purged_floors":[],"is_endless":true,"potions_floor_spawned":[1,12],"killed_by":"The Guardian","ascension_level":20}