{"gold_per_floor":[118,134,154,154,2,31,48,76,76,76,89,124,124,140,140,245,245,263,277,277,0,11,44,64,89,89,89,115,115,141,141,141,243,243,253,299,313,325,344,373,11,21,102,134,134,163,163,193,193,193],"floor_reached":51,"playtime":4049,"items_purged":["Flying Knee","Writhe"],"score":1328,"play_id":"86f8d534-3425-4b57-9be7-9b5737381cf5","local_time":"20190325011649","is_ascension_mode":true,"campfire_choices":[{"floor":10.0,"key":"REST"},{"floor":13.0,"key":"REST"},{"floor":15.0,"key":"REST"},{"data":"Envenom","floor":27.0,"key":"SMITH"},{"floor":32.0,"key":"REST"},{"data":"Adrenaline","floor":45,"key":"SMITH"},{"data":"Infinite Blades","floor":49,"key":"SMITH"}],"neow_cost":"NONE","seed_source_timestamp":30080146002627,"circlet_count":0,"master_deck":["Survivor+1","Neutralize","Flechettes","Well Laid Plans","Acrobatics","Deadly Poison+1","Bane","Footwork","Malaise","Corpse Explosion","Adrenaline+1","Terror","Storm of Steel","Caltrops","Envenom+1","Venomology+1","Backflip","Envenom","Phantasmal Killer","Infinite Blades+1","Deflect+1","Backflip","Prepared+1","Acrobatics+1","Backflip+1","Catalyst","Doppelganger","Blade Dance+1","Cloak And Dagger","Blur","Cloak And Dagger","Shame","Madness","Madness"],"special_seed":0,"relics":["Ring of the Snake","NeowsBlessing","Anchor","Pear","Ninja Scroll","Mummified Hand","Centennial Puzzle","Pandora\u0027s Box","TheAbacus","Boot","Oddly Smooth Stone","Ginger","Mercury Hourglass","PreservedInsect","Pen Nib","Cursed Key","Dead Branch","Letter Opener","Bottled Tornado","Singing Bowl","Ornamental Fan","War Paint","Vajra"],"potions_floor_usage":[39,50,50,50,50],"damage_taken":[{"damage":0.0,"enemies":"Cultist","floor":1.0,"turns":1.0},{"damage":0.0,"enemies":"Jaw Worm","floor":2.0,"turns":1.0},{"damage":0.0,"enemies":"2 Louse","floor":3.0,"turns":1.0},{"damage":38.0,"enemies":"Gremlin Nob","floor":6.0,"turns":5.0},{"damage":0.0,"enemies":"2 Fungi Beasts","floor":7.0,"turns":3.0},{"damage":15.0,"enemies":"3 Sentries","floor":8.0,"turns":6.0},{"damage":10.0,"enemies":"Large Slime","floor":11.0,"turns":5.0},{"damage":19.0,"enemies":"Lagavulin","floor":12.0,"turns":6.0},{"damage":0.0,"enemies":"Blue Slaver","floor":14.0,"turns":4.0},{"damage":19.0,"enemies":"The Guardian","floor":16.0,"turns":10.0},{"damage":0.0,"enemies":"3 Byrds","floor":18.0,"turns":2.0},{"damage":11.0,"enemies":"Chosen","floor":19.0,"turns":4.0},{"damage":12.0,"enemies":"3 Cultists","floor":22.0,"turns":3.0},{"damage":5.0,"enemies":"Book of Stabbing","floor":23.0,"turns":3.0},{"damage":9.0,"enemies":"Centurion and Healer","floor":24.0,"turns":4.0},{"damage":0.0,"enemies":"Slavers","floor":25.0,"turns":1.0},{"damage":11.0,"enemies":"Book of Stabbing","floor":28.0,"turns":4.0},{"damage":10.0,"enemies":"Gremlin Leader","floor":30.0,"turns":3.0},{"damage":13.0,"enemies":"Collector","floor":33.0,"turns":9.0},{"damage":0.0,"enemies":"Orb Walker","floor":35.0,"turns":1.0},{"damage":4.0,"enemies":"2 Orb Walkers","floor":36.0,"turns":2.0},{"damage":0.0,"enemies":"3 Darklings","floor":37.0,"turns":3.0},{"damage":0.0,"enemies":"Maw","floor":38.0,"turns":3.0},{"damage":0,"enemies":"Writhing Mass","floor":39,"turns":2},{"damage":0,"enemies":"Giant Head","floor":40,"turns":3},{"damage":0,"enemies":"Jaw Worm Horde","floor":42,"turns":2},{"damage":0,"enemies":"Nemesis","floor":44,"turns":1},{"damage":0,"enemies":"Giant Head","floor":46,"turns":3},{"damage":0,"enemies":"Reptomancer","floor":48,"turns":2},{"damage":13,"enemies":"Donu and Deca","floor":50,"turns":4}],"seed_played":"-7530166410592717382","potions_obtained":[{"floor":2.0,"key":"FearPotion"},{"floor":6.0,"key":"PowerPotion"},{"floor":11.0,"key":"Ancient Potion"},{"floor":14.0,"key":"FearPotion"},{"floor":22.0,"key":"Swift Potion"},{"floor":23.0,"key":"SkillPotion"},{"floor":24.0,"key":"Energy Potion"},{"floor":37.0,"key":"EssenceOfSteel"},{"floor":44,"key":"Strength Potion"}],"is_trial":false,"path_per_floor":["M","M","M","?","$","E","M","E","T","R","M","E","R","M","R","B",null,"M","M","?","$","M","E","M","E","T","R","E","?","E","?","R","B",null,"M","?","M","M","M","E","$","M","T","E","R","E","?","E","R","B",null],"character_chosen":"THE_SILENT","items_purchased":["Anchor","TheAbacus","Bottled Tornado"],"campfire_rested":4,"item_purchase_floors":[5,21,41],"current_hp_per_floor":[63,63,63,49,49,21,21,6,6,30,20,1,25,25,49,30,68,68,57,57,57,45,40,31,31,31,31,20,20,10,10,34,21,65,65,61,61,61,61,61,61,61,61,63,63,65,54,56,56,43],"gold":193,"neow_bonus":"THREE_ENEMY_KILL","is_prod":false,"is_daily":false,"chose_seed":false,"campfire_upgraded":3,"win_rate":0,"timestamp":1553444209,"path_taken":["M","?","M","?","?","E","M","E","T","R","?","E","R","M","R","BOSS","M","?","?","$","M","E","M","E","T","R","E","?","E","?","R","BOSS","M","?","M","M","M","E","$","M","T","E","R","E","?","E","R","BOSS"],"build_version":"2019-01-23","purchased_purges":2,"victory":true,"max_hp_per_floor":[70,70,70,70,70,80,80,80,80,80,80,80,80,80,80,80,80,80,80,80,80,80,80,80,80,80,80,80,80,80,80,80,80,80,80,80,80,80,80,80,80,80,80,82,82,84,84,86,86,86],"card_choices":[{"not_picked":["Underhanded Strike","Flying Knee"],"picked":"Flechettes","floor":1.0},{"not_picked":["Heel Hook","Slice"],"picked":"Well Laid Plans","floor":2.0},{"not_picked":["Flying Knee","Quick Slash"],"picked":"Acrobatics","floor":3.0},{"not_picked":["Die Die Die","Slice"],"picked":"Deadly Poison","floor":6.0},{"not_picked":["Prepared","Setup"],"picked":"Bane","floor":7.0},{"not_picked":["Well Laid Plans","Setup"],"picked":"Footwork","floor":8.0},{"not_picked":["Expertise","Outmaneuver"],"picked":"Malaise","floor":11.0},{"not_picked":["Reflex","Deadly Poison"],"picked":"Corpse Explosion","floor":12.0},{"not_picked":["Dodge and Roll","Reflex"],"picked":"Flying Knee","floor":14.0},{"not_picked":["Venomology","Tools of the Trade"],"picked":"Adrenaline","floor":16.0},{"not_picked":["Endless Agony","All Out Attack"],"picked":"Deflect+1","floor":18.0},{"not_picked":["Bouncing Flask","Deadly Poison"],"picked":"Backflip","floor":19.0},{"not_picked":["Footwork","Outmaneuver"],"picked":"Prepared+1","floor":22.0},{"not_picked":["Choke+1","Predator"],"picked":"Acrobatics+1","floor":23.0},{"not_picked":["PiercingWail","Slice"],"picked":"Backflip+1","floor":24.0},{"not_picked":["Blade Dance","Masterful Stab","Dash"],"picked":"SKIP","floor":25.0},{"not_picked":["Wraith Form v2","Blade Dance"],"picked":"Catalyst","floor":28.0},{"not_picked":["Poisoned Stab+1","Bouncing Flask","PiercingWail"],"picked":"SKIP","floor":30.0},{"not_picked":["Bullet Time","Unload"],"picked":"Doppelganger","floor":33.0},{"not_picked":["Acrobatics+1","Dagger Spray"],"picked":"Blade Dance+1","floor":35.0},{"not_picked":["Underhanded Strike","Prepared"],"picked":"Cloak And Dagger","floor":37.0},{"not_picked":["Catalyst+1","Backstab+1","Choke"],"picked":"SKIP","floor":38},{"not_picked":["Night Terror","Quick Slash","Backflip+1"],"picked":"SKIP","floor":39},{"not_picked":["Deflect","Crippling Poison+1"],"picked":"Blur","floor":40},{"not_picked":["Prepared","Dodge and Roll+1"],"picked":"Cloak And Dagger","floor":42},{"not_picked":["Sucker Punch","Prepared+1","Deadly Poison"],"picked":"Singing Bowl","floor":44},{"not_picked":["Dash+1","Leg Sweep+1","Deadly Poison+1"],"picked":"Singing Bowl","floor":46},{"not_picked":["Acrobatics+1","PiercingWail+1","Slice"],"picked":"Singing Bowl","floor":48}],"player_experience":571179,"relics_obtained":[{"floor":6.0,"key":"Pear"},{"floor":8.0,"key":"Ninja Scroll"},{"floor":9.0,"key":"Mummified Hand"},{"floor":12.0,"key":"Centennial Puzzle"},{"floor":23.0,"key":"Boot"},{"floor":25.0,"key":"Oddly Smooth Stone"},{"floor":26.0,"key":"Ginger"},{"floor":28.0,"key":"Mercury Hourglass"},{"floor":30.0,"key":"PreservedInsect"},{"floor":36.0,"key":"Dead Branch"},{"floor":40,"key":"Letter Opener"},{"floor":43,"key":"Singing Bowl"},{"floor":44,"key":"Ornamental Fan"},{"floor":46,"key":"War Paint"},{"floor":48,"key":"Vajra"}],"event_choices":[{"damage_healed":0.0,"max_hp_gain":0.0,"max_hp_loss":0.0,"gold_gain":0.0,"event_name":"Shining Light","player_choice":"Entered Light","floor":4.0,"gold_loss":0.0,"damage_taken":14.0,"cards_upgraded":["Survivor","Defend_G"]},{"cards_removed":["Terror"],"damage_healed":0.0,"max_hp_gain":0.0,"max_hp_loss":0.0,"gold_gain":0.0,"event_name":"Back to Basics","player_choice":"Elegance","floor":20.0,"gold_loss":0.0,"damage_taken":0.0},{"damage_healed":0.0,"max_hp_gain":0.0,"max_hp_loss":0.0,"gold_gain":0.0,"event_name":"Vampires","player_choice":"Ignored","floor":29.0,"gold_loss":0.0,"damage_taken":0.0},{"damage_healed":0.0,"max_hp_gain":0.0,"max_hp_loss":0.0,"gold_gain":0.0,"event_name":"The Mausoleum","player_choice":"Opened","floor":31.0,"gold_loss":0.0,"damage_taken":0.0,"relics_obtained":["Pen Nib"],"cards_obtained":["Writhe"]},{"damage_healed":0.0,"max_hp_gain":0.0,"max_hp_loss":0.0,"gold_gain":0.0,"event_name":"Mysterious Sphere","player_choice":"Fight","floor":36.0,"gold_loss":0.0,"damage_taken":0.0},{"damage_healed":0,"gold_gain":0,"player_choice":"Embrace Madness","damage_taken":11,"max_hp_gain":0,"max_hp_loss":0,"event_name":"Winding Halls","floor":47,"gold_loss":0,"cards_obtained":["Madness","Madness"]}],"is_beta":false,"boss_relics":[{"not_picked":["Sozu","Orrery"],"picked":"Pandora\u0027s Box"},{"not_picked":["Runic Dome","Velvet Choker"],"picked":"Cursed Key"}],"items_purged_floors":[21,41],"is_endless":false,"potions_floor_spawned":[2,6,11,14,22,23,24,37,42,44,48],"ascension_level":7}