{"gold_per_floor":[109,184,200,150,150,150,170,197,197,10,27,27,43,59,59,156,156,166,266,266,0,0,0,34,34],"floor_reached":25,"playtime":1277,"items_purged":[],"score":230,"play_id":"8de15e38-9651-47f1-87bd-af83958311b9","local_time":"20190209154456","is_ascension_mode":true,"campfire_choices":[{"data":"Uppercut","floor":6.0,"key":"SMITH"},{"data":"Apotheosis","floor":12.0,"key":"SMITH"},{"data":"Armaments","floor":15.0,"key":"SMITH"},{"floor":23.0,"key":"REST"}],"neow_cost":"","seed_source_timestamp":598013220341224,"circlet_count":0,"master_deck":["Strike_R+1","Strike_R+1","Defend_R+1","Defend_R+1","Defend_R+1","Bash","Carnage","Uppercut+1","Armaments+1","Metallicize","Apotheosis+1","Body Slam","Limit Break","Rupture+1","Battle Trance+1","Clash+1","True Grit+1","Disarm+1","Inflame+1"],"special_seed":0,"relics":["Burning Blood","Pen Nib","Bottled Lightning","Astrolabe","Torii","Frozen Egg 2","Kunai"],"potions_floor_usage":[],"damage_taken":[{"damage":0.0,"enemies":"Small Slimes","floor":1.0,"turns":3.0},{"damage":6.0,"enemies":"2 Louse","floor":3.0,"turns":2.0},{"damage":11.0,"enemies":"Jaw Worm","floor":7.0,"turns":3.0},{"damage":27.0,"enemies":"Lagavulin","floor":8.0,"turns":7.0},{"damage":3.0,"enemies":"2 Fungi Beasts","floor":11.0,"turns":5.0},{"damage":0.0,"enemies":"Large Slime","floor":13.0,"turns":5.0},{"damage":4.0,"enemies":"Looter","floor":14.0,"turns":2.0},{"damage":14.0,"enemies":"Hexaghost","floor":16.0,"turns":7.0},{"damage":27.0,"enemies":"3 Byrds","floor":18.0,"turns":7.0},{"damage":26.0,"enemies":"Colosseum Slavers","floor":19.0,"turns":8.0},{"damage":51.0,"enemies":"Colosseum Nobs","floor":19.0,"turns":7.0},{"damage":30.0,"enemies":"Slavers","floor":24.0,"turns":6.0},{"damage":10,"enemies":"Spheric Guardian","floor":25,"turns":3}],"seed_played":"8680662685548923003","potions_obtained":[{"floor":1.0,"key":"AttackPotion"},{"floor":11.0,"key":"BloodPotion"},{"floor":13.0,"key":"SkillPotion"},{"floor":18.0,"key":"FearPotion"}],"is_trial":true,"path_per_floor":["M","?","M","?","?","R","M","E","T","$","M","R","M","M","R","B",null,"M","?","?","?","?","R","E","M"],"character_chosen":"IRONCLAD","items_purchased":["Apotheosis"],"campfire_rested":1,"item_purchase_floors":[10],"current_hp_per_floor":[80,69,69,69,74,74,69,48,48,48,51,51,57,59,59,51,85,64,7,7,7,7,32,8,0],"gold":34,"neow_bonus":"","is_prod":false,"is_daily":false,"chose_seed":false,"campfire_upgraded":3,"win_rate":0,"timestamp":1549727096,"path_taken":["M","?","M","?","?","R","M","E","T","$","M","R","M","M","R","BOSS","M","?","?","?","?","R","E","M"],"build_version":"2019-01-23","purchased_purges":0,"victory":false,"max_hp_per_floor":[80,80,80,80,85,85,85,85,85,85,85,85,85,85,85,85,85,85,85,85,85,85,85,85,85],"card_choices":[{"not_picked":["Cleave","Shrug It Off"],"picked":"Carnage","floor":1.0},{"not_picked":["Cleave","Wild Strike"],"picked":"Uppercut","floor":3.0},{"not_picked":["Clothesline","Burning Pact"],"picked":"Armaments","floor":7.0},{"not_picked":["Power Through","Reckless Charge"],"picked":"Metallicize","floor":8.0},{"not_picked":["Cleave","True Grit"],"picked":"Body Slam","floor":11.0},{"not_picked":["Searing Blow","Thunderclap","Uppercut"],"picked":"SKIP","floor":13.0},{"not_picked":["Anger","Body Slam","Bloodletting"],"picked":"SKIP","floor":14.0},{"not_picked":["Brutality","Dark Embrace"],"picked":"Limit Break","floor":16.0},{"not_picked":["Evolve","Dual Wield"],"picked":"True Grit+1","floor":18.0},{"not_picked":["Flex+1","Anger"],"picked":"Disarm+1","floor":19.0},{"not_picked":["Battle Trance+1","Uppercut"],"picked":"Inflame+1","floor":24.0}],"player_experience":527318,"relics_obtained":[{"floor":8.0,"key":"Pen Nib"},{"floor":9.0,"key":"Bottled Lightning"},{"floor":19.0,"key":"Torii"},{"floor":19.0,"key":"Frozen Egg 2"},{"floor":24.0,"key":"Kunai"}],"event_choices":[{"damage_healed":0.0,"max_hp_gain":0.0,"max_hp_loss":0.0,"gold_gain":75.0,"event_name":"World of Goop","player_choice":"Gather Gold","floor":2.0,"gold_loss":0.0,"damage_taken":11.0},{"cards_removed":["Strike_R"],"damage_healed":0.0,"max_hp_gain":0.0,"max_hp_loss":0.0,"gold_gain":0.0,"event_name":"The Cleric","player_choice":"Card Removal","floor":4.0,"gold_loss":50.0,"damage_taken":0.0},{"damage_healed":0.0,"max_hp_gain":5.0,"max_hp_loss":0.0,"gold_gain":0.0,"event_name":"Big Fish","player_choice":"Donut","floor":5.0,"gold_loss":0.0,"damage_taken":0.0},{"damage_healed":0.0,"max_hp_gain":0.0,"max_hp_loss":0.0,"gold_gain":0.0,"event_name":"Colosseum","player_choice":"Fight","floor":19.0,"gold_loss":0.0,"damage_taken":0.0},{"damage_healed":0.0,"max_hp_gain":0.0,"max_hp_loss":0.0,"gold_gain":0.0,"event_name":"Colosseum","player_choice":"Fought Nobs","floor":19.0,"gold_loss":0.0,"damage_taken":0.0},{"damage_healed":0.0,"max_hp_gain":0.0,"max_hp_loss":0.0,"gold_gain":0.0,"event_name":"Back to Basics","player_choice":"Simplicity","floor":20.0,"gold_loss":0.0,"damage_taken":0.0,"cards_upgraded":["Strike_R","Strike_R","Defend_R","Defend_R","Defend_R"]},{"damage_healed":0.0,"max_hp_gain":0.0,"max_hp_loss":0.0,"gold_gain":0.0,"event_name":"Masked Bandits","player_choice":"Paid Fearfully","floor":21.0,"gold_loss":266.0,"damage_taken":0.0},{"damage_healed":0.0,"max_hp_gain":0.0,"max_hp_loss":0.0,"gold_gain":0.0,"event_name":"Beggar","player_choice":"Ignored","floor":22.0,"gold_loss":0.0,"damage_taken":0.0}],"is_beta":false,"boss_relics":[{"not_picked":["Empty Cage","Lizard Tail"],"picked":"Astrolabe"}],"items_purged_floors":[],"is_endless":true,"potions_floor_spawned":[1,11,13,18,19],"killed_by":"Spheric Guardian","ascension_level":1}