{"gold_per_floor":[366,377,377,388,19,19,19,19,42,58,73,88,88,118,118,118],"floor_reached":16,"playtime":613,"items_purged":[],"score":204,"play_id":"5ea54b0c-6a7d-40c2-a606-eaffa2a992ca","local_time":"20190313125910","is_ascension_mode":true,"campfire_choices":[{"data":"Dagger Spray","floor":6,"key":"SMITH"},{"data":"Caltrops","floor":8,"key":"SMITH"},{"data":"Neutralize","floor":13,"key":"SMITH"},{"floor":15,"key":"REST"}],"neow_cost":"PERCENT_DAMAGE","seed_source_timestamp":588380421068232,"circlet_count":0,"master_deck":["AscendersBane","Defend_G","Defend_G","Defend_G","Defend_G","Defend_G","Strike_G","Strike_G","Strike_G","Strike_G","Survivor","Neutralize+1","Leg Sweep","Cloak And Dagger","Tools of the Trade","Dagger Spray+1","Caltrops+1","Backflip","Cloak And Dagger","Cloak And Dagger","After Image"],"relics":["Ring of the Snake","Centennial Puzzle","Bag of Preparation","Blood Vial"],"potions_floor_usage":[14,16],"damage_taken":[{"damage":7,"enemies":"Small Slimes","floor":1,"turns":4},{"damage":4,"enemies":"Cultist","floor":2,"turns":5},{"damage":1,"enemies":"Jaw Worm","floor":4,"turns":6},{"damage":0,"enemies":"Looter","floor":10,"turns":4},{"damage":0,"enemies":"Lots of Slimes","floor":11,"turns":3},{"damage":7,"enemies":"Large Slime","floor":12,"turns":8},{"damage":24,"enemies":"Lagavulin","floor":14,"turns":9},{"damage":27,"enemies":"Slime Boss","floor":16,"turns":7}],"seed_played":"-7205027369991676976","potions_obtained":[{"floor":1,"key":"Energy Potion"},{"floor":2,"key":"Swift Potion"}],"is_trial":false,"path_per_floor":["M","M","?","M","$","R","?","R","T","M","M","M","R","E","R","B"],"character_chosen":"THE_SILENT","items_purchased":["Dagger Spray","Caltrops","Centennial Puzzle","Backflip"],"campfire_rested":1,"item_purchase_floors":[5,5,5,5],"current_hp_per_floor":[37,33,33,32,32,32,32,32,32,32,32,25,25,1,20,0],"gold":118,"neow_bonus":"TWO_FIFTY_GOLD","is_prod":false,"is_daily":false,"chose_seed":false,"campfire_upgraded":3,"win_rate":0,"timestamp":1552478350,"path_taken":["M","M","?","M","$","R","?","R","T","M","M","?","R","E","R","BOSS"],"build_version":"2019-01-23","purchased_purges":0,"victory":false,"max_hp_per_floor":[66,66,66,66,66,66,66,66,66,66,66,66,66,66,66,66],"card_choices":[{"not_picked":["Slice","Choke"],"picked":"Leg Sweep","floor":1},{"not_picked":["Outmaneuver","Leg Sweep"],"picked":"Cloak And Dagger","floor":2},{"not_picked":["Flechettes","Sucker Punch"],"picked":"Tools of the Trade","floor":4},{"not_picked":["Deflect","Masterful Stab","Underhanded Strike"],"picked":"SKIP","floor":10},{"not_picked":["Underhanded Strike","Prepared"],"picked":"Cloak And Dagger","floor":11},{"not_picked":["Blur","Backflip"],"picked":"Cloak And Dagger","floor":12},{"not_picked":["Dash","Eviscerate"],"picked":"After Image","floor":14}],"player_experience":996430,"relics_obtained":[{"floor":9,"key":"Bag of Preparation"},{"floor":14,"key":"Blood Vial"}],"event_choices":[{"damage_healed":0,"gold_gain":0,"player_choice":"Leave","damage_taken":0,"max_hp_gain":0,"max_hp_loss":0,"event_name":"The Cleric","floor":3,"gold_loss":0},{"cards_removed":["Strike_G"],"damage_healed":0,"gold_gain":0,"player_choice":"Purged","damage_taken":0,"max_hp_gain":0,"max_hp_loss":0,"event_name":"Purifier","floor":7,"gold_loss":0}],"is_beta":false,"boss_relics":[],"items_purged_floors":[],"is_endless":false,"potions_floor_spawned":[1,2,10,11],"killed_by":"Slime Boss","ascension_level":20}