{"gold_per_floor":[112,112,187,112,58,92,92,105,105,117,143,162,162,181,181,181],"floor_reached":16,"playtime":492,"items_purged":[],"score":257,"play_id":"62466cef-9a17-47ba-abe8-5f083528d1ce","local_time":"20190309201328","is_ascension_mode":true,"campfire_choices":[{"data":"Go for the Eyes","floor":7,"key":"SMITH"},{"data":"Zap","floor":13,"key":"SMITH"},{"floor":15,"key":"REST"}],"neow_cost":"NONE","seed_source_timestamp":268956324728136,"circlet_count":0,"master_deck":["AscendersBane","Strike_B","Strike_B","Strike_B","Defend_B","Defend_B","Defend_B","Defend_B","Zap+1","Dualcast","Chill","Gash","Go for the Eyes+1","Chill","Beam Cell","Go for the Eyes","Recycle","Cold Snap"],"relics":["Cracked Core","NeowsBlessing","Turnip","Bottled Flame","PreservedInsect"],"potions_floor_usage":[11,16],"damage_taken":[{"damage":0,"enemies":"Jaw Worm","floor":1,"turns":1},{"damage":0,"enemies":"3 Sentries","floor":6,"turns":1},{"damage":0,"enemies":"2 Louse","floor":8,"turns":1},{"damage":1,"enemies":"Small Slimes","floor":10,"turns":4},{"damage":23,"enemies":"Lagavulin","floor":11,"turns":7},{"damage":4,"enemies":"Blue Slaver","floor":12,"turns":4},{"damage":24,"enemies":"Exordium Thugs","floor":14,"turns":7},{"damage":31,"enemies":"Hexaghost","floor":16,"turns":11}],"seed_played":"8590418418273188481","potions_obtained":[{"floor":1,"key":"FocusPotion"},{"floor":6,"key":"Dexterity Potion"}],"is_trial":false,"path_per_floor":["M","?","?","?","$","E","R","M","T","M","E","M","R","M","R","B"],"character_chosen":"DEFECT","items_purchased":["Gash"],"campfire_rested":1,"item_purchase_floors":[5],"current_hp_per_floor":[64,69,58,58,58,58,58,58,58,57,34,30,30,6,28,0],"gold":181,"neow_bonus":"THREE_ENEMY_KILL","is_prod":false,"is_daily":false,"chose_seed":false,"campfire_upgraded":2,"win_rate":0,"timestamp":1552158808,"path_taken":["M","?","?","?","?","E","R","M","T","M","E","M","R","M","R","BOSS"],"build_version":"2019-01-23","purchased_purges":0,"victory":false,"max_hp_per_floor":[71,76,76,76,76,76,76,76,76,76,76,76,76,76,76,76],"card_choices":[{"not_picked":["Leap","Hologram"],"picked":"Chill","floor":1},{"not_picked":["Compile Driver","Steam Power"],"picked":"Go for the Eyes","floor":6},{"not_picked":["Undo","Compile Driver"],"picked":"Chill","floor":8},{"not_picked":["Turbo","Redo"],"picked":"Beam Cell","floor":10},{"not_picked":["Turbo","Rainbow"],"picked":"Go for the Eyes","floor":11},{"not_picked":["Compile Driver","Coolheaded"],"picked":"Recycle","floor":12},{"not_picked":["Coolheaded","Ball Lightning"],"picked":"Cold Snap","floor":14}],"player_experience":954373,"relics_obtained":[{"floor":6,"key":"Turnip"},{"floor":9,"key":"Bottled Flame"},{"floor":11,"key":"PreservedInsect"}],"event_choices":[{"damage_healed":0,"gold_gain":0,"player_choice":"Donut","damage_taken":0,"max_hp_gain":5,"max_hp_loss":0,"event_name":"Big Fish","floor":2,"gold_loss":0},{"damage_healed":0,"gold_gain":75,"player_choice":"Gather Gold","damage_taken":11,"max_hp_gain":0,"max_hp_loss":0,"event_name":"World of Goop","floor":3,"gold_loss":0},{"cards_removed":["Strike_B"],"damage_healed":0,"gold_gain":0,"player_choice":"Card Removal","damage_taken":0,"max_hp_gain":0,"max_hp_loss":0,"event_name":"The Cleric","floor":4,"gold_loss":75}],"is_beta":false,"boss_relics":[],"items_purged_floors":[],"is_endless":false,"potions_floor_spawned":[1,6,8],"killed_by":"Hexaghost","ascension_level":18}