{"gold_per_floor":[119,119,119,45,63,63,97,113,113,133,133,150,41,76,76,76],"floor_reached":16,"playtime":927,"items_purged":["Strike_R"],"score":171,"play_id":"28d41dae-b388-4e45-a73f-7e505f1bf1e3","local_time":"20190312163704","is_ascension_mode":true,"campfire_choices":[{"data":"Perfected Strike","floor":6,"key":"SMITH"},{"data":"Bash","floor":11,"key":"SMITH"},{"floor":15,"key":"REST"}],"neow_cost":"NONE","seed_source_timestamp":942491202681887,"circlet_count":0,"master_deck":["AscendersBane","Strike_R","Strike_R","Strike_R","Defend_R","Defend_R","Defend_R","Defend_R","Bash+1","Pommel Strike","Twin Strike","Metallicize","Perfected Strike+1","Cleave","Cleave","Flame Barrier","Spot Weakness","True Grit"],"relics":["Burning Blood","Gambling Chip","Letter Opener","Frozen Egg 2","Gremlin Horn"],"potions_floor_usage":[7,14,16],"damage_taken":[{"damage":9,"enemies":"Jaw Worm","floor":1,"turns":5},{"damage":7,"enemies":"Small Slimes","floor":5,"turns":3},{"damage":26,"enemies":"Gremlin Nob","floor":7,"turns":4},{"damage":0,"enemies":"Cultist","floor":8,"turns":2},{"damage":9,"enemies":"3 Louse","floor":10,"turns":4},{"damage":10,"enemies":"Blue Slaver","floor":12,"turns":4},{"damage":17,"enemies":"3 Sentries","floor":14,"turns":7},{"damage":72,"enemies":"Slime Boss","floor":16,"turns":12}],"seed_played":"7720988871427219850","potions_obtained":[{"floor":1,"key":"AttackPotion"},{"floor":8,"key":"Energy Potion"},{"floor":12,"key":"Swift Potion"}],"is_trial":false,"path_per_floor":["M","?","?","$","M","R","E","M","T","M","R","M","$","E","R","B"],"character_chosen":"IRONCLAD","items_purchased":["Metallicize","Spot Weakness"],"campfire_rested":1,"item_purchase_floors":[4,13],"current_hp_per_floor":[77,74,74,74,73,73,53,59,59,56,56,52,52,41,67,0],"gold":76,"neow_bonus":"TEN_PERCENT_HP_BONUS","is_prod":false,"is_daily":false,"chose_seed":false,"campfire_upgraded":2,"win_rate":0,"timestamp":1552423024,"path_taken":["M","?","?","$","M","R","E","M","T","M","R","?","$","E","R","BOSS"],"build_version":"2019-01-23","purchased_purges":1,"victory":false,"max_hp_per_floor":[88,88,88,88,88,88,88,88,88,88,88,88,88,88,88,88],"card_choices":[{"not_picked":["Blood for Blood","Dual Wield"],"picked":"Pommel Strike","floor":1},{"not_picked":["Body Slam","Wild Strike"],"picked":"Perfected Strike","floor":5},{"not_picked":["Heavy Blade","Dropkick","Iron Wave"],"picked":"SKIP","floor":7},{"not_picked":["Sentinel","Bloodletting"],"picked":"Cleave","floor":8},{"not_picked":["Thunderclap","Clash"],"picked":"Cleave","floor":10},{"not_picked":["Warcry","Heavy Blade"],"picked":"Flame Barrier","floor":12},{"not_picked":["Pummel","Bloodletting"],"picked":"True Grit","floor":14}],"player_experience":1833734,"relics_obtained":[{"floor":7,"key":"Letter Opener"},{"floor":9,"key":"Frozen Egg 2"},{"floor":14,"key":"Gremlin Horn"}],"event_choices":[{"damage_healed":0,"gold_gain":0,"player_choice":"Success","damage_taken":3,"relics_obtained":["Gambling Chip"],"max_hp_gain":0,"max_hp_loss":0,"event_name":"Scrap Ooze","floor":2,"gold_loss":0},{"damage_healed":0,"gold_gain":0,"cards_transformed":["Strike_R"],"player_choice":"Transformed","damage_taken":0,"max_hp_gain":0,"max_hp_loss":0,"event_name":"Transmorgrifier","floor":3,"gold_loss":0,"cards_obtained":["Twin Strike"]}],"is_beta":false,"boss_relics":[],"items_purged_floors":[13],"is_endless":false,"potions_floor_spawned":[1,8,12],"killed_by":"Slime Boss","ascension_level":11}