{"gold_per_floor":[415,429,165,183,196,196,211,211,263,289,289,289,304,1,1,75,75,86,98,112,189,189,189,209,209,235,52,77,77,20,20,20,94,94,104,123,10,10,10,10,24,24],"floor_reached":42,"playtime":1885,"items_purged":["Parasite","Normality"],"score":790,"play_id":"354015a9-f8ff-44c7-8b7e-d8599ab0ccf3","local_time":"20190309000729","is_ascension_mode":true,"campfire_choices":[{"data":"Inflame","floor":6.0,"key":"SMITH"},{"floor":8.0,"key":"REST"},{"data":"Bash","floor":15.0,"key":"SMITH"},{"data":"Metallicize","floor":23,"key":"SMITH"},{"floor":25,"key":"REST"},{"data":"Inflame","floor":29,"key":"SMITH"},{"floor":32,"key":"REST"},{"data":"Juggernaut","floor":40,"key":"SMITH"}],"neow_cost":"PERCENT_DAMAGE","seed_source_timestamp":195149815081936,"circlet_count":0,"master_deck":["AscendersBane","Strike_R","Strike_R","Strike_R","Strike_R+1","Strike_R+1","Defend_R","Defend_R","Defend_R","Defend_R","Bash+1","Battle Trance","Cleave","True Grit","Inflame+1","Pommel Strike","Armaments+1","Ghostly Armor","Fiend Fire","Juggernaut+1","Metallicize+1","Regret","Inflame+1","Metallicize","Metallicize+1","Reaper+1","Discovery","Bash+1"],"special_seed":0,"relics":["Burning Blood","Old Coin","Mummified Hand","Boot","Bottled Lightning","Cursed Key","Molten Egg 2","MutagenicStrength","Oddly Smooth Stone","Whetstone","Eternal Feather"],"potions_floor_usage":[16,16,20,28,33,33,41,42],"damage_taken":[{"damage":1.0,"enemies":"Cultist","floor":1.0,"turns":3.0},{"damage":9.0,"enemies":"Jaw Worm","floor":2.0,"turns":4.0},{"damage":4.0,"enemies":"Small Slimes","floor":4.0,"turns":4.0},{"damage":17.0,"enemies":"3 Louse","floor":5.0,"turns":3.0},{"damage":19.0,"enemies":"Gremlin Gang","floor":7.0,"turns":5.0},{"damage":17.0,"enemies":"3 Sentries","floor":10.0,"turns":9.0},{"damage":6.0,"enemies":"Large Slime","floor":13.0,"turns":5.0},{"damage":11,"enemies":"Slime Boss","floor":16,"turns":7},{"damage":16,"enemies":"Shell Parasite","floor":18,"turns":5},{"damage":22,"enemies":"2 Thieves","floor":19,"turns":5},{"damage":4,"enemies":"Centurion and Healer","floor":20,"turns":5},{"damage":33,"enemies":"Cultist and Chosen","floor":24,"turns":7},{"damage":39,"enemies":"Book of Stabbing","floor":28,"turns":5},{"damage":27,"enemies":"Collector","floor":33,"turns":8},{"damage":25,"enemies":"3 Shapes","floor":35,"turns":5},{"damage":18,"enemies":"3 Darklings","floor":36,"turns":6},{"damage":29,"enemies":"Maw","floor":41,"turns":7},{"damage":73,"enemies":"Giant Head","floor":42,"turns":6}],"seed_played":"2834452311723002018","potions_obtained":[{"floor":1.0,"key":"Swift Potion"},{"floor":4.0,"key":"Dexterity Potion"},{"floor":5.0,"key":"Weak Potion"},{"floor":13.0,"key":"LiquidBronze"},{"floor":19,"key":"BloodPotion"},{"floor":24,"key":"LiquidBronze"},{"floor":28,"key":"BloodPotion"},{"floor":35,"key":"Weak Potion"}],"is_trial":false,"path_per_floor":["M","M","$","M","M","R","M","R","T","E","?","?","M","$","R","B",null,"M","M","M","T","?","R","M","R","T","$","E","R","$","?","R","B",null,"M","M","$","?","?","R","M","E"],"character_chosen":"IRONCLAD","items_purchased":["Mummified Hand","Fiend Fire","SteroidPotion","Metallicize","PowerPotion","PowerPotion","Energy Potion"],"campfire_rested":3,"item_purchase_floors":[3,14,14,27,30,37,37],"current_hp_per_floor":[55,52,52,54,43,43,30,52,52,41,59,59,59,59,59,54,68,58,42,51,51,51,51,24,45,45,45,12,12,12,12,33,19,59,61,71,71,71,71,72,49,0],"gold":24,"neow_bonus":"ONE_RARE_RELIC","is_prod":false,"is_daily":false,"chose_seed":false,"campfire_upgraded":5,"win_rate":0,"timestamp":1552086449,"path_taken":["M","M","$","M","M","R","M","R","T","E","?","?","M","$","R","BOSS","M","M","M","?","?","R","M","R","T","$","E","R","$","?","R","BOSS","M","?","$","?","?","R","?","E"],"build_version":"2019-01-23","purchased_purges":2,"victory":false,"max_hp_per_floor":[75,75,75,75,75,75,75,75,75,75,75,75,75,72,72,72,72,72,72,72,72,72,72,72,72,72,72,72,72,72,72,72,72,72,72,72,72,72,72,72,72,72],"card_choices":[{"not_picked":["Shrug It Off","Clothesline"],"picked":"Battle Trance","floor":1.0},{"not_picked":["Twin Strike","Second Wind"],"picked":"Cleave","floor":2.0},{"not_picked":["Sword Boomerang","Hemokinesis"],"picked":"True Grit","floor":4.0},{"not_picked":["Clash","Headbutt"],"picked":"Inflame","floor":5.0},{"not_picked":["Thunderclap","Searing Blow"],"picked":"Pommel Strike","floor":7.0},{"not_picked":["Dark Embrace","Juggernaut"],"picked":"Armaments","floor":10.0},{"not_picked":["Body Slam","Reckless Charge"],"picked":"Ghostly Armor","floor":13.0},{"not_picked":["Brutality","Barricade"],"picked":"Juggernaut","floor":16},{"not_picked":["Cleave","Sever Soul","Blood for Blood"],"picked":"SKIP","floor":18},{"not_picked":["Entrench","Searing Blow"],"picked":"Metallicize","floor":19},{"not_picked":["Thunderclap+1","Sever Soul","Iron Wave"],"picked":"SKIP","floor":20},{"not_picked":["Seeing Red","Sword Boomerang+1"],"picked":"Inflame","floor":24},{"not_picked":["Berserk","Perfected Strike+1","Wild Strike+1"],"picked":"SKIP","floor":28},{"not_picked":["Double Tap","Feed+1"],"picked":"Reaper+1","floor":33},{"not_picked":["Sword Boomerang+1","True Grit","Infernal Blade"],"picked":"SKIP","floor":35},{"not_picked":["Pommel Strike+1","Warcry","Twin Strike+1"],"picked":"SKIP","floor":36},{"not_picked":["Blind","Dark Shackles"],"picked":"Discovery","floor":38},{"not_picked":["Wild Strike+1","Pommel Strike+1","Entrench"],"picked":"SKIP","floor":41}],"player_experience":950948,"relics_obtained":[{"floor":9.0,"key":"Boot"},{"floor":10.0,"key":"Bottled Lightning"},{"floor":21,"key":"Molten Egg 2"},{"floor":26,"key":"Oddly Smooth Stone"},{"floor":28,"key":"Whetstone"}],"event_choices":[{"damage_healed":18.0,"max_hp_gain":0.0,"max_hp_loss":0.0,"gold_gain":0.0,"event_name":"Mushrooms","player_choice":"Healed and dodged fight","floor":11.0,"gold_loss":0.0,"damage_taken":0.0,"cards_obtained":["Parasite"]},{"damage_healed":0.0,"max_hp_gain":0.0,"max_hp_loss":0.0,"gold_gain":0.0,"event_name":"Accursed Blacksmith","player_choice":"Forge","floor":12.0,"gold_loss":0.0,"damage_taken":0.0,"cards_upgraded":["Armaments"]},{"damage_healed":0,"gold_gain":0,"player_choice":"Inject Mutagens","damage_taken":0,"relics_obtained":["MutagenicStrength"],"max_hp_gain":0,"max_hp_loss":0,"event_name":"Drug Dealer","floor":22,"gold_loss":0},{"damage_healed":0,"gold_gain":0,"player_choice":"Copied","damage_taken":0,"max_hp_gain":0,"max_hp_loss":0,"event_name":"Duplicator","floor":31,"gold_loss":0,"cards_obtained":["Metallicize"]},{"damage_healed":0,"gold_gain":0,"player_choice":"Memory 1","damage_taken":0,"max_hp_gain":0,"max_hp_loss":0,"event_name":"SensoryStone","floor":38,"gold_loss":0},{"damage_healed":0,"gold_gain":0,"player_choice":"1 cards matched","damage_taken":0,"max_hp_gain":0,"max_hp_loss":0,"event_name":"Match and Keep!","floor":39,"gold_loss":0,"cards_obtained":["Bash"]}],"is_beta":false,"boss_relics":[{"not_picked":["White Beast Statue","Busted Crown"],"picked":"Cursed Key"},{"not_picked":["Runic Dome","Pandora\u0027s Box"],"picked":"Eternal Feather"}],"items_purged_floors":[14,27],"is_endless":false,"potions_floor_spawned":[1,4,5,13,19,24,28,35],"killed_by":"Giant Head","ascension_level":18}