{"gold_per_floor":[110,110,128,142,142,169,169,197,197,0,24,34,34,34,34,134,134,144,144,144,44,44,71,71,101,176,201,201,216,216,316,316,413,413,424,424,424,443,453,453],"floor_reached":40,"playtime":1559,"items_purged":["Pain","Pain"],"score":606,"play_id":"8a888291-6b93-4a74-a9a3-96035088471a","local_time":"20190209143719","is_ascension_mode":true,"campfire_choices":[{"data":"Beam Cell","floor":7.0,"key":"SMITH"},{"data":"Zap","floor":13.0,"key":"SMITH"},{"data":"Loop","floor":15.0,"key":"SMITH"},{"floor":24.0,"key":"REST"},{"data":"Capacitor","floor":28.0,"key":"SMITH"},{"floor":30.0,"key":"REST"},{"floor":32.0,"key":"REST"}],"neow_cost":"NONE","seed_source_timestamp":598013220341224,"circlet_count":0,"master_deck":["Strike_B+1","Strike_B+1","Strike_B","Defend_B","Defend_B","Defend_B","Defend_B","Zap+1","Dualcast","Reinforced Body","Steam","Beam Cell+1","BootSequence","Echo Form","Loop+1","Hologram","Core Surge","Coolheaded+1","Sunder+1","Regret","Capacitor+1","Darkness","Chill","Echo Form","Steam+1","Coolheaded+1","Ball Lightning+1","Hologram+1"],"special_seed":0,"relics":["Cracked Core","NeowsBlessing","WarpedTongs","Darkstone Periapt","Odd Mushroom","Mango","Whetstone","Cursed Key","Pear","MutagenicStrength","Potion Belt","Boot","DataDisk","Girya","Gremlin Horn","Velvet Choker"],"potions_floor_usage":[40],"damage_taken":[{"damage":0.0,"enemies":"2 Louse","floor":1.0,"turns":1.0},{"damage":0.0,"enemies":"Cultist","floor":3.0,"turns":1.0},{"damage":0.0,"enemies":"Jaw Worm","floor":4.0,"turns":1.0},{"damage":30.0,"enemies":"Lagavulin","floor":6.0,"turns":8.0},{"damage":5.0,"enemies":"The Mushroom Lair","floor":8.0,"turns":5.0},{"damage":3.0,"enemies":"3 Louse","floor":12.0,"turns":3.0},{"damage":23.0,"enemies":"The Guardian","floor":16.0,"turns":10.0},{"damage":17.0,"enemies":"2 Thieves","floor":18.0,"turns":4.0},{"damage":30.0,"enemies":"Gremlin Leader","floor":23.0,"turns":10.0},{"damage":8.0,"enemies":"Book of Stabbing","floor":25.0,"turns":7.0},{"damage":46.0,"enemies":"Slavers","floor":27.0,"turns":6.0},{"damage":19.0,"enemies":"3 Byrds","floor":29.0,"turns":4.0},{"damage":14.0,"enemies":"Colosseum Slavers","floor":31.0,"turns":3.0},{"damage":0.0,"enemies":"Colosseum Nobs","floor":31.0,"turns":4.0},{"damage":17.0,"enemies":"Champ","floor":33.0,"turns":11.0},{"damage":73.0,"enemies":"3 Shapes","floor":35.0,"turns":4.0},{"damage":3.0,"enemies":"Orb Walker","floor":38.0,"turns":3.0},{"damage":10,"enemies":"Sphere and 2 Shapes","floor":39,"turns":7},{"damage":25,"enemies":"Nemesis","floor":40,"turns":3}],"seed_played":"-3867045827111129767","potions_obtained":[{"floor":1.0,"key":"SkillPotion"},{"floor":4.0,"key":"SpeedPotion"},{"floor":6.0,"key":"EssenceOfSteel"},{"floor":12.0,"key":"GamblersBrew"},{"floor":14.0,"key":"Block Potion"},{"floor":14.0,"key":"AttackPotion"},{"floor":18.0,"key":"Dexterity Potion"},{"floor":27.0,"key":"Explosive Potion"},{"floor":33.0,"key":"Strength Potion"},{"floor":38.0,"key":"GamblersBrew"}],"is_trial":false,"path_per_floor":["M","?","M","M","?","E","R","?","T","$","T","M","R","?","R","B",null,"M","T","?","$","?","E","R","E","T","E","R","M","R","?","R","B",null,"M","?","?","M","M","E"],"character_chosen":"DEFECT","items_purchased":["Loop","Hologram"],"campfire_rested":3,"item_purchase_floors":[10,10],"current_hp_per_floor":[75,75,75,75,68,38,38,33,47,47,47,44,44,44,44,21,89,72,88,88,88,88,58,89,81,87,41,41,22,55,41,74,57,111,38,38,38,35,25,0],"gold":453,"neow_bonus":"THREE_ENEMY_KILL","is_prod":false,"is_daily":false,"chose_seed":false,"campfire_upgraded":4,"win_rate":0,"timestamp":1549723039,"path_taken":["M","?","?","M","?","E","R","?","T","$","?","?","R","?","R","BOSS","M","?","?","$","?","E","R","E","T","E","R","M","R","?","R","BOSS","M","?","?","M","M","E"],"build_version":"2019-01-23","purchased_purges":2,"victory":false,"max_hp_per_floor":[75,75,75,75,75,75,75,75,89,89,89,89,89,89,89,89,89,89,105,105,105,105,105,105,105,111,111,111,111,111,111,111,111,111,111,111,111,111,111,111],"card_choices":[{"not_picked":["Steam Power","Steam"],"picked":"Reinforced Body","floor":1.0},{"not_picked":["Auto Shields","Gash"],"picked":"Steam","floor":3.0},{"not_picked":["Lockon","Turbo"],"picked":"Beam Cell","floor":4.0},{"not_picked":["Steam","Static Discharge"],"picked":"BootSequence","floor":6.0},{"not_picked":["Reinforced Body","Sunder"],"picked":"Echo Form","floor":8.0},{"not_picked":["Redo","Beam Cell","Storm"],"picked":"SKIP","floor":12.0},{"not_picked":["All For One","Seek"],"picked":"Core Surge","floor":16.0},{"not_picked":["FTL","Steam Power"],"picked":"Coolheaded+1","floor":18.0},{"not_picked":["Reinforced Body","Stack","Gash+1"],"picked":"SKIP","floor":23.0},{"not_picked":["Steam","Streamline"],"picked":"Sunder+1","floor":25.0},{"not_picked":["Cold Snap","Leap+1"],"picked":"Capacitor","floor":27.0},{"not_picked":["Amplify","Streamline"],"picked":"Darkness","floor":29.0},{"not_picked":["Beam Cell","Genetic Algorithm"],"picked":"Chill","floor":31.0},{"not_picked":["Hyperbeam","Core Surge"],"picked":"Echo Form","floor":33.0},{"not_picked":["Auto Shields","Turbo"],"picked":"Steam+1","floor":35.0},{"not_picked":["FTL","Go for the Eyes+1"],"picked":"Ball Lightning+1","floor":38.0},{"not_picked":["Double Energy","Melter"],"picked":"Hologram+1","floor":39}],"player_experience":523885,"relics_obtained":[{"floor":6.0,"key":"Darkstone Periapt"},{"floor":8.0,"key":"Odd Mushroom"},{"floor":9.0,"key":"Mango"},{"floor":11.0,"key":"Whetstone"},{"floor":19.0,"key":"Pear"},{"floor":23.0,"key":"Potion Belt"},{"floor":25.0,"key":"Boot"},{"floor":27.0,"key":"DataDisk"},{"floor":31.0,"key":"Girya"},{"floor":31.0,"key":"Gremlin Horn"}],"event_choices":[{"damage_healed":0.0,"max_hp_gain":0.0,"max_hp_loss":0.0,"gold_gain":0.0,"event_name":"Accursed Blacksmith","player_choice":"Rummage","floor":2.0,"gold_loss":0.0,"damage_taken":0.0,"relics_obtained":["WarpedTongs"],"cards_obtained":["Pain"]},{"cards_removed":["Strike_B"],"damage_healed":0.0,"max_hp_gain":0.0,"max_hp_loss":0.0,"gold_gain":0.0,"event_name":"Golden Wing","player_choice":"Card Removal","floor":5.0,"gold_loss":0.0,"damage_taken":7.0},{"damage_healed":0.0,"max_hp_gain":0.0,"max_hp_loss":0.0,"gold_gain":0.0,"event_name":"Mushrooms","player_choice":"Fought Mushrooms","floor":8.0,"gold_loss":0.0,"damage_taken":0.0},{"damage_healed":0.0,"max_hp_gain":0.0,"max_hp_loss":0.0,"gold_gain":0.0,"event_name":"Lab","player_choice":"Got Potions","floor":14.0,"gold_loss":0.0,"damage_taken":0.0},{"damage_healed":0.0,"max_hp_gain":0.0,"max_hp_loss":0.0,"gold_gain":0.0,"event_name":"Beggar","player_choice":"Ignored","floor":20.0,"gold_loss":0.0,"damage_taken":0.0},{"damage_healed":0.0,"max_hp_gain":0.0,"max_hp_loss":0.0,"gold_gain":0.0,"event_name":"Drug Dealer","player_choice":"Inject Mutagens","floor":22.0,"gold_loss":0.0,"damage_taken":0.0,"relics_obtained":["MutagenicStrength"]},{"damage_healed":0.0,"max_hp_gain":0.0,"max_hp_loss":0.0,"gold_gain":0.0,"event_name":"Colosseum","player_choice":"Fight","floor":31.0,"gold_loss":0.0,"damage_taken":0.0},{"damage_healed":0.0,"max_hp_gain":0.0,"max_hp_loss":0.0,"gold_gain":0.0,"event_name":"Colosseum","player_choice":"Fought Nobs","floor":31.0,"gold_loss":0.0,"damage_taken":0.0},{"damage_healed":0.0,"max_hp_gain":0.0,"max_hp_loss":0.0,"gold_gain":0.0,"event_name":"SensoryStone","player_choice":"Memory 1","floor":36.0,"gold_loss":0.0,"damage_taken":0.0},{"damage_healed":0.0,"max_hp_gain":0.0,"max_hp_loss":0.0,"gold_gain":0.0,"event_name":"Duplicator","player_choice":"Copied","floor":37.0,"gold_loss":0.0,"damage_taken":0.0,"cards_obtained":["Coolheaded"]}],"is_beta":false,"boss_relics":[{"not_picked":["Astrolabe","Philosopher\u0027s Stone"],"picked":"Cursed Key"},{"not_picked":["Busted Crown","Runic Dome"],"picked":"Velvet Choker"}],"items_purged_floors":[10,21],"is_endless":false,"potions_floor_spawned":[1,4,6,12,16,18,27,31,33,38],"killed_by":"Nemesis","ascension_level":4}