{"gold_per_floor":[116,116,136,136,154,154,186,186,186,15,31,61,76,87,87,183,183,201,217,233,333,333],"floor_reached":22,"playtime":1068,"items_purged":[],"score":307,"play_id":"4144445d-3485-415f-ac9e-85e44d2c43ab","local_time":"20190312172528","is_ascension_mode":true,"campfire_choices":[{"data":"Whirlwind","floor":6,"key":"SMITH"},{"data":"Iron Wave","floor":8,"key":"SMITH"},{"data":"Inflame","floor":15,"key":"SMITH"}],"neow_cost":"NONE","seed_source_timestamp":945252957681179,"circlet_count":0,"master_deck":["AscendersBane","Strike_R","Strike_R","Strike_R","Strike_R","Strike_R","Defend_R","Defend_R","Defend_R","Defend_R","Bash+1","Pommel Strike","Whirlwind+1","Headbutt","Iron Wave+1","Inflame+1","Battle Trance","Infernal Blade","Shockwave","Inflame","Offering","Headbutt+1","Rage"],"relics":["Burning Blood","NeowsBlessing","The Courier","Self Forming Clay","Pen Nib","Pantograph","Sozu"],"potions_floor_usage":[20],"damage_taken":[{"damage":0,"enemies":"Jaw Worm","floor":1,"turns":1},{"damage":0,"enemies":"Cultist","floor":3,"turns":1},{"damage":0,"enemies":"Small Slimes","floor":5,"turns":1},{"damage":40,"enemies":"Lagavulin","floor":7,"turns":6},{"damage":13,"enemies":"Exordium Thugs","floor":11,"turns":5},{"damage":8,"enemies":"Gremlin Nob","floor":12,"turns":3},{"damage":12,"enemies":"Looter","floor":13,"turns":4},{"damage":7,"enemies":"Exordium Wildlife","floor":14,"turns":3},{"damage":33,"enemies":"Hexaghost","floor":16,"turns":8},{"damage":21,"enemies":"Shell Parasite","floor":18,"turns":3},{"damage":23,"enemies":"Spheric Guardian","floor":19,"turns":4},{"damage":23,"enemies":"Shelled Parasite and Fungi","floor":20,"turns":3},{"damage":18,"enemies":"Cultist and Chosen","floor":22,"turns":1}],"seed_played":"-27596093651228099","potions_obtained":[{"floor":3,"key":"FearPotion"},{"floor":11,"key":"GamblersBrew"},{"floor":16,"key":"Fire Potion"}],"is_trial":false,"path_per_floor":["M","?","M","?","M","R","E","R","T","$","M","E","M","M","R","B",null,"M","M","M","?","M"],"character_chosen":"IRONCLAD","items_purchased":["Inflame","Pen Nib"],"campfire_rested":0,"item_purchase_floors":[10,10],"current_hp_per_floor":[78,78,80,80,80,80,46,46,46,46,39,37,31,30,30,28,67,52,35,18,18,0],"gold":333,"neow_bonus":"THREE_ENEMY_KILL","is_prod":false,"is_daily":false,"chose_seed":false,"campfire_upgraded":3,"win_rate":0,"timestamp":1552425928,"path_taken":["M","?","?","?","M","R","E","R","T","$","M","E","M","M","R","BOSS","M","M","M","?","M"],"build_version":"2019-01-23","purchased_purges":0,"victory":false,"max_hp_per_floor":[80,80,80,80,80,80,80,80,80,80,80,80,80,80,80,80,80,80,80,80,80,80],"card_choices":[{"not_picked":["Pummel","Havoc"],"picked":"Pommel Strike","floor":1},{"not_picked":["Shrug It Off","Perfected Strike"],"picked":"Whirlwind","floor":3},{"not_picked":["Flex","Seeing Red"],"picked":"Headbutt","floor":5},{"not_picked":["Sentinel","Flex"],"picked":"Iron Wave","floor":7},{"not_picked":["Uppercut","Reckless Charge"],"picked":"Battle Trance","floor":11},{"not_picked":["True Grit","Cleave"],"picked":"Infernal Blade","floor":12},{"not_picked":["True Grit","Warcry"],"picked":"Shockwave","floor":13},{"not_picked":["Cleave","Warcry"],"picked":"Inflame","floor":14},{"not_picked":["Berserk","Juggernaut"],"picked":"Offering","floor":16},{"not_picked":["Perfected Strike","Heavy Blade"],"picked":"Headbutt+1","floor":18},{"not_picked":["Clothesline","Dual Wield","Flex+1"],"picked":"SKIP","floor":19},{"not_picked":["Second Wind","True Grit"],"picked":"Rage","floor":20}],"player_experience":1836467,"relics_obtained":[{"floor":7,"key":"The Courier"},{"floor":9,"key":"Self Forming Clay"},{"floor":12,"key":"Pantograph"}],"event_choices":[{"damage_healed":0,"gold_gain":0,"player_choice":"Upgraded","damage_taken":0,"max_hp_gain":0,"max_hp_loss":0,"event_name":"Upgrade Shrine","floor":2,"gold_loss":0,"cards_upgraded":["Bash"]},{"damage_healed":0,"gold_gain":0,"player_choice":"Ignored","damage_taken":0,"max_hp_gain":0,"max_hp_loss":0,"event_name":"Liars Game","floor":4,"gold_loss":0},{"damage_healed":0,"gold_gain":100,"player_choice":"Pray","damage_taken":0,"max_hp_gain":0,"max_hp_loss":0,"event_name":"Golden Shrine","floor":21,"gold_loss":0}],"is_beta":false,"boss_relics":[{"not_picked":["White Beast Statue","Runic Cube"],"picked":"Sozu"}],"items_purged_floors":[],"is_endless":false,"potions_floor_spawned":[3,11,14,16,20],"killed_by":"Cultist and Chosen","ascension_level":11}