{"gold_per_floor":[361,243,202,34,45,78,96,96,120,144,156],"floor_reached":11,"playtime":391,"items_purged":[],"score":146,"play_id":"80b453ab-4184-4002-a441-c2f9131d4318","local_time":"20190312164541","is_ascension_mode":true,"campfire_choices":[{"floor":8,"key":"REST"}],"neow_cost":"PERCENT_DAMAGE","seed_source_timestamp":515793234386719,"circlet_count":0,"master_deck":["AscendersBane","Defend_G","Defend_G","Defend_G","Defend_G","Defend_G","Strike_G","Strike_G","Strike_G","Strike_G","Strike_G","Survivor","Neutralize","Cloak And Dagger","Noxious Fumes","Catalyst","Crippling Poison","Crippling Poison","Deadly Poison","Well Laid Plans","Backflip"],"relics":["Ring of the Snake","Vajra","MawBank"],"potions_floor_usage":[6,6,10,11],"damage_taken":[{"damage":35,"enemies":"Jaw Worm","floor":1,"turns":10},{"damage":0,"enemies":"2 Louse","floor":5,"turns":4},{"damage":5,"enemies":"3 Sentries","floor":6,"turns":6},{"damage":0,"enemies":"Cultist","floor":7,"turns":3},{"damage":14,"enemies":"Exordium Wildlife","floor":10,"turns":4},{"damage":14,"enemies":"Exordium Thugs","floor":11,"turns":4}],"seed_played":"2398696212721716529","potions_obtained":[{"floor":5,"key":"Dexterity Potion"},{"floor":6,"key":"GamblersBrew"},{"floor":10,"key":"GamblersBrew"}],"is_trial":false,"path_per_floor":["M","$","?","$","M","E","M","R","T","M","M"],"character_chosen":"THE_SILENT","items_purchased":["Noxious Fumes","Catalyst","Crippling Poison","GhostInAJar"],"campfire_rested":1,"item_purchase_floors":[2,2,4,4],"current_hp_per_floor":[9,9,9,9,9,4,4,23,23,9,0],"gold":156,"neow_bonus":"TWO_FIFTY_GOLD","is_prod":false,"is_daily":false,"chose_seed":false,"campfire_upgraded":0,"win_rate":0,"timestamp":1552405541,"path_taken":["M","$","?","$","M","E","M","R","T","M","M"],"build_version":"2019-01-23","purchased_purges":0,"victory":false,"max_hp_per_floor":[66,66,66,66,66,66,66,66,66,66,66],"card_choices":[{"not_picked":["Dodge and Roll","Tactician"],"picked":"Cloak And Dagger","floor":1},{"not_picked":["Concentrate","Prepared"],"picked":"Crippling Poison","floor":5},{"not_picked":["Wraith Form v2","Outmaneuver"],"picked":"Deadly Poison","floor":6},{"not_picked":["Poisoned Stab","Prepared"],"picked":"Well Laid Plans","floor":7},{"not_picked":["Deflect","Dagger Spray"],"picked":"Backflip","floor":10}],"player_experience":987104,"relics_obtained":[{"floor":6,"key":"Vajra"},{"floor":9,"key":"MawBank"}],"event_choices":[{"damage_healed":0,"gold_gain":0,"player_choice":"Left Gold","damage_taken":0,"max_hp_gain":0,"max_hp_loss":0,"event_name":"World of Goop","floor":3,"gold_loss":41}],"is_beta":false,"boss_relics":[],"items_purged_floors":[],"is_endless":false,"potions_floor_spawned":[5,6,10],"killed_by":"Exordium Thugs","ascension_level":20}