{"gold_per_floor":[213,230,69,85,105,105,139,139,139,158,158,158,192,209,209,286,336,346,346,261,277,38,38],"floor_reached":23,"playtime":716,"items_purged":["Strike_B","Strike_B"],"score":402,"play_id":"341b4f22-4dcd-4ac6-b7ce-80839d0e55cf","local_time":"20190315202224","is_ascension_mode":true,"campfire_choices":[{"data":"Streamline","floor":6.0,"key":"SMITH"},{"floor":8.0,"key":"REST"},{"data":"Zap","floor":11.0,"key":"SMITH"},{"data":"Coolheaded","floor":15.0,"key":"SMITH"}],"neow_cost":"NONE","seed_source_timestamp":177125105158691,"circlet_count":0,"master_deck":["AscendersBane","Strike_B","Strike_B","Defend_B","Defend_B","Defend_B","Defend_B","Zap+1","Dualcast","Ball Lightning","Reinforced Body","Gash+1","Coolheaded+1","Streamline+1","Leap","Cold Snap","Decay","Machine Learning","Scrape","Core Surge","Gash","Decay","Conserve Battery+1","Sunder","Hologram"],"special_seed":0,"relics":["Cracked Core","Ice Cream","Letter Opener","Pantograph","Tiny House","Symbiotic Virus"],"potions_floor_usage":[23,23],"damage_taken":[{"damage":2.0,"enemies":"2 Louse","floor":1.0,"turns":3.0},{"damage":0.0,"enemies":"Cultist","floor":2.0,"turns":3.0},{"damage":3.0,"enemies":"Small Slimes","floor":4.0,"turns":3.0},{"damage":4.0,"enemies":"2 Fungi Beasts","floor":5.0,"turns":4.0},{"damage":17.0,"enemies":"Lagavulin","floor":7.0,"turns":5.0},{"damage":12.0,"enemies":"Red Slaver","floor":10.0,"turns":3.0},{"damage":22.0,"enemies":"Gremlin Nob","floor":13.0,"turns":4.0},{"damage":1.0,"enemies":"3 Louse","floor":14.0,"turns":3.0},{"damage":18.0,"enemies":"The Guardian","floor":16.0,"turns":10.0},{"damage":35.0,"enemies":"Chosen","floor":18.0,"turns":4.0},{"damage":11.0,"enemies":"Spheric Guardian","floor":21.0,"turns":4.0},{"damage":28,"enemies":"Gremlin Leader","floor":23,"turns":5}],"seed_played":"8271083486756262462","potions_obtained":[{"floor":4.0,"key":"Poison Potion"},{"floor":7.0,"key":"SpeedPotion"},{"floor":10.0,"key":"Strength Potion"},{"floor":14.0,"key":"Block Potion"},{"floor":17.0,"key":"Explosive Potion"}],"is_trial":false,"path_per_floor":["M","M","$","M","M","R","E","R","T","M","R","?","E","M","R","B",null,"M","?","?","M","$","E"],"character_chosen":"DEFECT","items_purchased":["Gash","Coolheaded","Sunder","Hologram"],"campfire_rested":1,"item_purchase_floors":[3,3,22,22],"current_hp_per_floor":[62,62,62,59,55,55,38,59,59,47,47,47,25,24,24,31,66,31,31,31,20,20,0],"gold":38,"neow_bonus":"HUNDRED_GOLD","is_prod":false,"is_daily":false,"chose_seed":false,"campfire_upgraded":3,"win_rate":0,"timestamp":1552681344,"path_taken":["M","M","$","M","M","R","E","R","T","M","R","?","E","?","R","BOSS","M","?","?","M","$","E"],"build_version":"2019-01-23","purchased_purges":2,"victory":false,"max_hp_per_floor":[71,71,71,71,71,71,71,71,71,71,71,71,71,71,71,71,76,76,76,76,76,76,76],"card_choices":[{"not_picked":["Cold Snap","Conserve Battery"],"picked":"Ball Lightning","floor":1.0},{"not_picked":["Redo","Heatsinks"],"picked":"Reinforced Body","floor":2.0},{"not_picked":["Compile Driver","Force Field","Steam"],"picked":"SKIP","floor":4.0},{"not_picked":["Seek","Skim"],"picked":"Streamline","floor":5.0},{"not_picked":["Barrage","Sweeping Beam"],"picked":"Leap","floor":7.0},{"not_picked":["Multi-Cast","Go for the Eyes"],"picked":"Cold Snap","floor":10.0},{"not_picked":["Beam Cell","Reprogram"],"picked":"Machine Learning","floor":13.0},{"not_picked":["Barrage","Leap"],"picked":"Scrape","floor":14.0},{"not_picked":["Reboot","Creative AI"],"picked":"Core Surge","floor":16.0},{"not_picked":["Reprogram","Barrage"],"picked":"Gash","floor":17.0},{"not_picked":["Rebound","Heatsinks","Compile Driver"],"picked":"SKIP","floor":18.0},{"not_picked":["Aggregate","Self Repair"],"picked":"Conserve Battery+1","floor":21.0}],"player_experience":555835,"relics_obtained":[{"floor":7.0,"key":"Ice Cream"},{"floor":9.0,"key":"Letter Opener"},{"floor":13.0,"key":"Pantograph"}],"event_choices":[{"damage_healed":0.0,"max_hp_gain":0.0,"max_hp_loss":0.0,"gold_gain":0.0,"event_name":"Wheel of Change","player_choice":"Cursed","floor":12.0,"gold_loss":0.0,"damage_taken":0.0,"cards_obtained":["Decay"]},{"damage_healed":0.0,"max_hp_gain":0.0,"max_hp_loss":0.0,"gold_gain":0.0,"event_name":"Forgotten Altar","player_choice":"Smashed Altar","floor":19.0,"gold_loss":0.0,"damage_taken":0.0,"cards_obtained":["Decay"]},{"damage_healed":0.0,"max_hp_gain":0.0,"max_hp_loss":0.0,"gold_gain":0.0,"event_name":"Addict","player_choice":"Obtained Relic","floor":20.0,"gold_loss":85.0,"damage_taken":0.0,"relics_obtained":["Symbiotic Virus"]}],"is_beta":false,"boss_relics":[{"not_picked":["Philosopher\u0027s Stone","Empty Cage"],"picked":"Tiny House"}],"items_purged_floors":[3,22],"is_endless":false,"potions_floor_spawned":[4,7,10,13,14,18,21],"killed_by":"Gremlin Leader","ascension_level":20}