{"gold_per_floor":[20,30,46,64,74,74,105,255,255,255,330,7,26,26,26,99,99,117,217,217,217,38,38,69,69,69,69,82,82,82,111,111,111],"floor_reached":33,"playtime":875,"items_purged":["Doubt","Writhe"],"score":581,"play_id":"539f6e9e-6a77-4962-a8fb-91f9de110123","local_time":"20190313111647","is_ascension_mode":true,"campfire_choices":[{"data":"Immolate","floor":6.0,"key":"SMITH"},{"floor":15.0,"key":"REST"},{"data":"Metallicize","floor":23,"key":"SMITH"},{"data":"True Grit","floor":25,"key":"SMITH"},{"data":"Discovery","floor":27,"key":"SMITH"},{"data":"Bash","floor":29,"key":"SMITH"},{"floor":32,"key":"REST"}],"neow_cost":"NO_GOLD","seed_source_timestamp":581810579917271,"circlet_count":0,"master_deck":["AscendersBane","Strike_R","Strike_R","Strike_R","Strike_R","Strike_R","Defend_R","Defend_R","Defend_R","Defend_R","Bash+1","Immolate+1","Shrug It Off","Seeing Red","Twin Strike","True Grit+1","Feed+1","Whirlwind+1","Discovery+1","Perfected Strike+1","Fiend Fire+1","Perfected Strike+1","Twin Strike+1","Thunderclap+1","Metallicize+1","Warcry+1","RitualDagger+1","Inflame"],"special_seed":0,"relics":["Burning Blood","Molten Egg 2","PreservedInsect","Sozu","Charon\u0027s Ashes","Gremlin Horn","Centennial Puzzle","Meat on the Bone","Lantern","Dodecahedron"],"potions_floor_usage":[16,16],"damage_taken":[{"damage":0.0,"enemies":"2 Louse","floor":1.0,"turns":2.0},{"damage":0.0,"enemies":"Small Slimes","floor":2.0,"turns":2.0},{"damage":4.0,"enemies":"Jaw Worm","floor":3.0,"turns":2.0},{"damage":13.0,"enemies":"2 Fungi Beasts","floor":4.0,"turns":4.0},{"damage":9.0,"enemies":"Blue Slaver","floor":5.0,"turns":5.0},{"damage":28.0,"enemies":"Lagavulin","floor":7.0,"turns":6.0},{"damage":8.0,"enemies":"Large Slime","floor":13.0,"turns":3.0},{"damage":7,"enemies":"Slime Boss","floor":16,"turns":5},{"damage":11,"enemies":"2 Thieves","floor":18,"turns":3},{"damage":17,"enemies":"Colosseum Slavers","floor":19,"turns":3},{"damage":7,"enemies":"Colosseum Nobs","floor":19,"turns":2},{"damage":0,"enemies":"Gremlin Leader","floor":24,"turns":3},{"damage":7,"enemies":"Spheric Guardian","floor":28,"turns":3},{"damage":18,"enemies":"Book of Stabbing","floor":31,"turns":3},{"damage":72,"enemies":"Automaton","floor":33,"turns":8}],"seed_played":"854922840290378012","potions_obtained":[{"floor":3.0,"key":"Dexterity Potion"},{"floor":5.0,"key":"Poison Potion"},{"floor":7.0,"key":"SkillPotion"}],"is_trial":false,"path_per_floor":["M","M","M","M","M","R","E","?","T","?","?","$","M","?","R","B",null,"M","?","?","?","$","R","E","R","T","R","M","R","?","E","R","B"],"character_chosen":"IRONCLAD","items_purchased":["Whirlwind+1","Discovery","PowerPotion","Metallicize"],"campfire_rested":2,"item_purchase_floors":[12,12,12,22],"current_hp_per_floor":[74,75,75,68,65,65,43,43,43,43,32,32,30,4,26,25,63,58,50,50,50,50,50,56,56,56,56,55,55,49,49,72,0],"gold":111,"neow_bonus":"THREE_RARE_CARDS","is_prod":false,"is_daily":false,"chose_seed":false,"campfire_upgraded":5,"win_rate":0,"timestamp":1552472207,"path_taken":["M","M","M","M","M","R","E","?","T","?","?","$","M","?","R","BOSS","M","?","?","?","$","R","E","R","T","R","M","R","?","E","R","BOSS"],"build_version":"2019-01-23","purchased_purges":2,"victory":false,"max_hp_per_floor":[75,75,75,75,75,75,75,75,75,75,75,75,75,75,75,75,75,75,79,79,79,79,79,79,79,79,79,79,79,79,79,79,79],"card_choices":[{"not_picked":["Double Tap","Dark Embrace"],"picked":"Immolate","floor":0.0},{"not_picked":["Sword Boomerang","Blood for Blood","Warcry"],"picked":"SKIP","floor":1.0},{"not_picked":["Clash","Searing Blow"],"picked":"Shrug It Off","floor":2.0},{"not_picked":["Perfected Strike","Reckless Charge"],"picked":"Seeing Red","floor":3.0},{"not_picked":["Hemokinesis","Iron Wave"],"picked":"Twin Strike","floor":4.0},{"not_picked":["Carnage","Armaments"],"picked":"True Grit","floor":5.0},{"not_picked":["Iron Wave","Armaments"],"picked":"Feed","floor":7.0},{"not_picked":["Heavy Blade+1","Perfected Strike+1","Armaments"],"picked":"SKIP","floor":13.0},{"not_picked":["Heavy Blade+1","Armaments"],"picked":"Perfected Strike+1","floor":13.0},{"not_picked":["Juggernaut","Brutality"],"picked":"Fiend Fire+1","floor":16},{"not_picked":["Searing Blow+1","Shockwave"],"picked":"Perfected Strike+1","floor":18},{"not_picked":["Ghostly Armor","Wild Strike+1"],"picked":"Twin Strike+1","floor":19},{"not_picked":["Dropkick+1","Rampage+1","Wild Strike+1"],"picked":"SKIP","floor":24},{"not_picked":["Shrug It Off","Anger+1"],"picked":"Warcry+1","floor":28},{"not_picked":["Flame Barrier","True Grit"],"picked":"Inflame","floor":31}],"player_experience":995299,"relics_obtained":[{"floor":7.0,"key":"Molten Egg 2"},{"floor":9.0,"key":"PreservedInsect"},{"floor":19,"key":"Charon\u0027s Ashes"},{"floor":19,"key":"Gremlin Horn"},{"floor":24,"key":"Meat on the Bone"},{"floor":26,"key":"Lantern"},{"floor":31,"key":"Dodecahedron"}],"event_choices":[{"damage_healed":0.0,"max_hp_gain":0.0,"max_hp_loss":0.0,"gold_gain":150.0,"event_name":"Liars Game","player_choice":"AGREE","floor":8.0,"gold_loss":0.0,"damage_taken":0.0,"cards_obtained":["Doubt"]},{"damage_healed":0.0,"max_hp_gain":0.0,"max_hp_loss":0.0,"gold_gain":0.0,"event_name":"Dead Adventurer","player_choice":"Searched \u00271\u0027 times","floor":10.0,"gold_loss":0.0,"damage_taken":0.0},{"damage_healed":0.0,"max_hp_gain":0.0,"max_hp_loss":0.0,"gold_gain":75.0,"event_name":"World of Goop","player_choice":"Gather Gold","floor":11.0,"gold_loss":0.0,"damage_taken":11.0},{"damage_healed":0.0,"max_hp_gain":0.0,"max_hp_loss":0.0,"gold_gain":0.0,"event_name":"Scrap Ooze","player_choice":"Fled","floor":14.0,"gold_loss":0.0,"damage_taken":26.0},{"damage_healed":0,"gold_gain":0,"player_choice":"Fight","damage_taken":0,"max_hp_gain":0,"max_hp_loss":0,"event_name":"Colosseum","floor":19,"gold_loss":0},{"damage_healed":0,"gold_gain":0,"player_choice":"Fought Nobs","damage_taken":0,"max_hp_gain":0,"max_hp_loss":0,"event_name":"Colosseum","floor":19,"gold_loss":0},{"damage_healed":0,"gold_gain":0,"player_choice":"Opened","damage_taken":0,"relics_obtained":["Centennial Puzzle"],"max_hp_gain":0,"max_hp_loss":0,"event_name":"The Mausoleum","floor":20,"gold_loss":0,"cards_obtained":["Writhe"]},{"damage_healed":0,"gold_gain":0,"player_choice":"Read","damage_taken":0,"max_hp_gain":0,"max_hp_loss":0,"event_name":"The Library","floor":21,"gold_loss":0,"cards_obtained":["Thunderclap"]},{"damage_healed":0,"gold_gain":0,"player_choice":"Joined the Cult","damage_taken":6,"max_hp_gain":0,"max_hp_loss":0,"event_name":"Nest","floor":30,"gold_loss":0,"cards_obtained":["RitualDagger"]}],"is_beta":false,"boss_relics":[{"not_picked":["Lizard Tail","Runic Pyramid"],"picked":"Sozu"}],"items_purged_floors":[12,22],"is_endless":false,"potions_floor_spawned":[3,5,7,19,28,31],"killed_by":"Automaton","ascension_level":18}