{"gold_per_floor":[114,114,114,114,133,133,172,152,198,123,148,163,183,196,196,289,289,307,288,288,288,308,308,308],"floor_reached":24,"playtime":677,"items_purged":["Strike_G"],"score":396,"play_id":"706d2f7b-aaf2-4a7a-b98d-1cc0128c7d2a","local_time":"20190323204946","is_ascension_mode":true,"campfire_choices":[{"floor":6.0,"key":"REST"},{"floor":15.0,"key":"REST"},{"floor":23,"key":"REST"}],"neow_cost":"NONE","seed_source_timestamp":186372561488941,"circlet_count":0,"master_deck":["AscendersBane","Defend_G+1","Defend_G+1","Defend_G+1","Defend_G+1","Defend_G+1","Strike_G+1","Strike_G+1","Strike_G+1","Strike_G+1","Survivor","Neutralize","Flying Knee+1","Flying Knee","Skewer","Cloak And Dagger","Bouncing Flask","Leg Sweep","Adrenaline","Cloak And Dagger","Catalyst","Terror","Footwork","Backstab","Deflect+1"],"special_seed":0,"relics":["Ring of the Snake","Boot","Golden Idol","FossilizedHelix","Strawberry","Orrery"],"potions_floor_usage":[22],"damage_taken":[{"damage":8.0,"enemies":"2 Louse","floor":1.0,"turns":3.0},{"damage":0.0,"enemies":"Cultist","floor":5.0,"turns":3.0},{"damage":29.0,"enemies":"3 Sentries","floor":7.0,"turns":11.0},{"damage":0.0,"enemies":"Jaw Worm","floor":11.0,"turns":2.0},{"damage":0.0,"enemies":"Large Slime","floor":12.0,"turns":5.0},{"damage":0.0,"enemies":"Looter","floor":13.0,"turns":2.0},{"damage":0.0,"enemies":"Red Slaver","floor":14.0,"turns":3.0},{"damage":15.0,"enemies":"The Guardian","floor":16.0,"turns":12.0},{"damage":17.0,"enemies":"3 Byrds","floor":18.0,"turns":6.0},{"damage":6.0,"enemies":"2 Thieves","floor":19.0,"turns":4.0},{"damage":24,"enemies":"3 Cultists","floor":22,"turns":8},{"damage":28,"enemies":"Book of Stabbing","floor":24,"turns":5}],"seed_played":"32115933350631344","potions_obtained":[{"floor":1.0,"key":"PowerPotion"},{"floor":7.0,"key":"AttackPotion"},{"floor":8.0,"key":"Ancient Potion"},{"floor":13.0,"key":"Poison Potion"},{"floor":19.0,"key":"EssenceOfSteel"}],"is_trial":false,"path_per_floor":["M","?","?","?","M","R","E","?","T","$","M","M","M","M","R","B",null,"M","M","?","?","M","R","E"],"character_chosen":"THE_SILENT","items_purchased":[],"campfire_rested":3,"item_purchase_floors":[],"current_hp_per_floor":[51,16,16,16,16,34,5,5,12,12,12,12,12,12,32,17,55,38,32,32,32,8,28,0],"gold":308,"neow_bonus":"THREE_CARDS","is_prod":false,"is_daily":false,"chose_seed":false,"campfire_upgraded":0,"win_rate":0,"timestamp":1553374186,"path_taken":["M","?","?","?","?","R","E","?","T","$","M","M","M","?","R","BOSS","M","M","?","?","M","R","E"],"build_version":"2019-01-23","purchased_purges":1,"victory":false,"max_hp_per_floor":[66,66,60,60,60,60,60,60,67,67,67,67,67,67,67,67,67,67,67,67,67,67,67,67],"card_choices":[{"not_picked":["Riddle With Holes","Dagger Throw"],"picked":"Flying Knee","floor":0.0},{"not_picked":["Masterful Stab","Eviscerate"],"picked":"Flying Knee","floor":1.0},{"not_picked":["Flying Knee","Quick Slash"],"picked":"Skewer","floor":5.0},{"not_picked":["Acrobatics","Expertise","Poisoned Stab"],"picked":"SKIP","floor":7.0},{"not_picked":["Expertise","Prepared","Blade Dance"],"picked":"SKIP","floor":11.0},{"not_picked":["All Out Attack","Escape Plan"],"picked":"Cloak And Dagger","floor":12.0},{"not_picked":["Deadly Poison","Blade Dance"],"picked":"Bouncing Flask","floor":13.0},{"not_picked":["Dagger Spray","Backflip"],"picked":"Leg Sweep","floor":14.0},{"not_picked":["Bullet Time","Night Terror"],"picked":"Adrenaline","floor":16.0},{"not_picked":["Phantasmal Killer","Flying Knee"],"picked":"Cloak And Dagger","floor":17.0},{"not_picked":["Crippling Poison","Tactician"],"picked":"Catalyst","floor":17.0},{"not_picked":["Reflex","Dodge and Roll"],"picked":"Terror","floor":18.0},{"not_picked":["Terror","Slice"],"picked":"Footwork","floor":19.0},{"not_picked":["Setup","Prepared+1"],"picked":"Deflect+1","floor":22}],"player_experience":569637,"relics_obtained":[{"floor":7.0,"key":"FossilizedHelix"},{"floor":9.0,"key":"Strawberry"}],"event_choices":[{"damage_healed":0.0,"max_hp_gain":0.0,"max_hp_loss":0.0,"gold_gain":0.0,"event_name":"Scrap Ooze","player_choice":"Success","floor":2.0,"gold_loss":0.0,"damage_taken":35.0,"relics_obtained":["Boot"]},{"damage_healed":0.0,"max_hp_gain":0.0,"max_hp_loss":6.0,"gold_gain":0.0,"event_name":"Golden Idol","player_choice":"Lose Max HP","floor":3.0,"gold_loss":0.0,"damage_taken":0.0,"relics_obtained":["Golden Idol"]},{"damage_healed":0.0,"max_hp_gain":0.0,"max_hp_loss":0.0,"gold_gain":0.0,"event_name":"Accursed Blacksmith","player_choice":"Forge","floor":4.0,"gold_loss":0.0,"damage_taken":0.0,"cards_upgraded":["Flying Knee"]},{"damage_healed":0.0,"max_hp_gain":0.0,"max_hp_loss":0.0,"gold_gain":0.0,"event_name":"The Woman in Blue","player_choice":"Bought 1 Potion","floor":8.0,"gold_loss":0.0,"damage_taken":0.0},{"damage_healed":0.0,"max_hp_gain":0.0,"max_hp_loss":0.0,"gold_gain":0.0,"event_name":"Back to Basics","player_choice":"Simplicity","floor":20.0,"gold_loss":0.0,"damage_taken":0.0,"cards_upgraded":["Defend_G","Defend_G","Defend_G","Defend_G","Defend_G","Strike_G","Strike_G","Strike_G","Strike_G"]},{"damage_healed":0.0,"max_hp_gain":0.0,"max_hp_loss":0.0,"gold_gain":0.0,"event_name":"The Library","player_choice":"Read","floor":21.0,"gold_loss":0.0,"damage_taken":0.0,"cards_obtained":["Backstab"]}],"is_beta":false,"boss_relics":[{"not_picked":["White Beast Statue","Eternal Feather"],"picked":"Orrery"}],"items_purged_floors":[10],"is_endless":false,"potions_floor_spawned":[1,7,11,13,19],"killed_by":"Book of Stabbing","ascension_level":20}