{"gold_per_floor":[118,131,131,148,47,74,74,104,155,168,179,192,218,235,235,330,330,343,343,41,61,160,188,207,221,245,109,109,129,145,164,164,261,261,272,2,2,2,0,0,0,16,316,316,327,327,119,144,144,144],"floor_reached":51,"playtime":1950,"items_purged":[],"score":1059,"play_id":"6054af18-e717-4312-874a-86d2848065b3","local_time":"20190316131225","daily_mods":["Cursed Run","Hoarder","Terminal"],"is_ascension_mode":false,"campfire_choices":[{"data":"Noxious Fumes","floor":7,"key":"SMITH"},{"data":"Noxious Fumes","floor":15,"key":"SMITH"},{"data":"Wraith Form v2","floor":28,"key":"SMITH"},{"data":"Wraith Form v2","floor":32,"key":"SMITH"},{"data":"Catalyst","floor":40,"key":"SMITH"},{"data":"Catalyst","floor":44,"key":"SMITH"},{"floor":49,"key":"REST"}],"neow_cost":"","seed_source_timestamp":0,"circlet_count":0,"master_deck":["Defend_G","Defend_G","Defend_G","Defend_G","Strike_G","Strike_G","Survivor","Neutralize","Cloak And Dagger","Cloak And Dagger","Cloak And Dagger","Deadly Poison","Deadly Poison","Deadly Poison","Noxious Fumes+1","Noxious Fumes+1","Noxious Fumes","PiercingWail","PiercingWail","PiercingWail","Leg Sweep","Leg Sweep","Leg Sweep","Normality","Normality","Normality","Footwork","Footwork","Footwork","Crippling Poison","Crippling Poison","Crippling Poison","Decay","Decay","Decay","Wraith Form v2+1","Wraith Form v2+1","Wraith Form v2","Noxious Fumes+1","Noxious Fumes+1","Noxious Fumes+1","Clumsy","Clumsy","Clumsy","Wraith Form v2","Wraith Form v2","Wraith Form v2","Shame","Shame","Shame","Catalyst+1","Catalyst+1","Catalyst"],"relics":["Cursed Key","Darkstone Periapt","Du-Vu Doll","Ornamental Fan","Blood Vial","Vajra","Odd Mushroom","Empty Cage","Juzu Bracelet","Anchor","Singing Bowl","Pen Nib","Velvet Choker","Omamori","Red Mask","Old Coin","Strange Spoon","Orichalcum"],"potions_floor_usage":[16,16,33,33,33,50],"damage_taken":[{"damage":0,"enemies":"Cultist","floor":1,"turns":4},{"damage":0,"enemies":"2 Louse","floor":2,"turns":3},{"damage":0,"enemies":"Small Slimes","floor":4,"turns":4},{"damage":0,"enemies":"Lagavulin","floor":6,"turns":7},{"damage":0,"enemies":"3 Sentries","floor":8,"turns":6},{"damage":0,"enemies":"Looter","floor":10,"turns":4},{"damage":0,"enemies":"Red Slaver","floor":11,"turns":3},{"damage":0,"enemies":"Exordium Wildlife","floor":12,"turns":5},{"damage":9,"enemies":"The Mushroom Lair","floor":13,"turns":7},{"damage":0,"enemies":"Looter","floor":14,"turns":3},{"damage":2,"enemies":"Slime Boss","floor":16,"turns":8},{"damage":1,"enemies":"Spheric Guardian","floor":18,"turns":5},{"damage":0,"enemies":"3 Byrds","floor":21,"turns":5},{"damage":15,"enemies":"Slavers","floor":23,"turns":8},{"damage":1,"enemies":"Centurion and Healer","floor":24,"turns":6},{"damage":2,"enemies":"Snake Plant","floor":25,"turns":5},{"damage":2,"enemies":"Chosen and Byrds","floor":29,"turns":7},{"damage":6,"enemies":"Snecko","floor":30,"turns":6},{"damage":1,"enemies":"Centurion and Healer","floor":31,"turns":9},{"damage":6,"enemies":"Champ","floor":33,"turns":12},{"damage":0,"enemies":"3 Darklings","floor":35,"turns":5},{"damage":0,"enemies":"Orb Walker","floor":42,"turns":4},{"damage":0,"enemies":"Writhing Mass","floor":45,"turns":4},{"damage":24,"enemies":"Nemesis","floor":48,"turns":7},{"damage":0,"enemies":"Time Eater","floor":50,"turns":13}],"seed_played":"-5018336874261966511","potions_obtained":[{"floor":1,"key":"Block Potion"},{"floor":6,"key":"Ancient Potion"},{"floor":8,"key":"Strength Potion"},{"floor":18,"key":"FearPotion"},{"floor":21,"key":"Strength Potion"},{"floor":31,"key":"Regen Potion"},{"floor":37,"key":"EntropicBrew"},{"floor":37,"key":"SteroidPotion"},{"floor":45,"key":"GhostInAJar"}],"is_trial":true,"path_per_floor":["M","M","?","M","$","E","R","E","T","M","M","M","?","M","R","B",null,"M","?","$","M","?","E","M","M","T","$","R","M","M","M","R","B",null,"M","$","?","$","?","R","?","M","T","R","M","?","$","E","R","B",null],"character_chosen":"THE_SILENT","items_purchased":["Noxious Fumes","PiercingWail","Juzu Bracelet","Anchor","Wraith Form v2","Catalyst","Omamori","Energy Potion","Strange Spoon"],"campfire_rested":1,"item_purchase_floors":[5,5,20,20,27,36,36,36,47],"current_hp_per_floor":[68,67,66,65,64,63,62,61,66,65,64,63,54,56,56,62,64,63,62,61,60,59,44,47,49,55,55,55,57,55,58,58,69,71,72,71,70,69,68,67,63,64,63,62,63,62,61,39,57,59],"gold":144,"neow_bonus":"","is_prod":false,"is_daily":false,"chose_seed":false,"campfire_upgraded":6,"win_rate":0,"timestamp":1552738345,"path_taken":["M","M","?","M","$","E","R","E","T","M","?","M","?","M","R","BOSS","M","?","$","M","?","E","M","M","T","$","R","M","M","M","R","BOSS","M","$","?","?","?","R","?","M","T","R","M","?","$","E","R","BOSS"],"build_version":"2019-01-23","purchased_purges":0,"victory":true,"max_hp_per_floor":[68,67,66,65,64,63,62,61,66,65,64,63,62,61,60,65,64,63,62,61,60,59,58,59,60,65,64,63,64,65,66,65,72,71,72,71,70,69,68,67,63,64,63,62,63,62,61,62,61,60],"card_choices":[{"not_picked":["Concentrate","Dagger Throw","Underhanded Strike"],"picked":"SKIP","floor":1},{"not_picked":["Blade Dance","Tactician"],"picked":"Cloak And Dagger","floor":2},{"not_picked":["Riddle With Holes","Flying Knee"],"picked":"Deadly Poison","floor":4},{"not_picked":["Riddle With Holes","Acrobatics","Night Terror"],"picked":"SKIP","floor":6},{"not_picked":["Dagger Throw","Dash"],"picked":"Leg Sweep","floor":8},{"not_picked":["Reflex","Slice","Masterful Stab"],"picked":"SKIP","floor":10},{"not_picked":["Acrobatics","Deadly Poison","Riddle With Holes"],"picked":"SKIP","floor":11},{"not_picked":["Quick Slash","Deadly Poison"],"picked":"Footwork","floor":12},{"not_picked":["PiercingWail","Dagger Spray"],"picked":"Crippling Poison","floor":14},{"not_picked":["Night Terror","Unload"],"picked":"Wraith Form v2","floor":16},{"not_picked":["Acrobatics","Poisoned Stab+1","Dagger Throw"],"picked":"SKIP","floor":18},{"not_picked":["Cloak And Dagger+1","Endless Agony","Deflect"],"picked":"SKIP","floor":21},{"not_picked":["Outmaneuver","Backstab"],"picked":"Noxious Fumes+1","floor":23},{"not_picked":["Backflip","Sucker Punch","Deflect"],"picked":"Singing Bowl","floor":24},{"not_picked":["Quick Slash","Deadly Poison","Phantasmal Killer"],"picked":"Singing Bowl","floor":25},{"not_picked":["Deadly Poison","Bane","Slice+1"],"picked":"Singing Bowl","floor":29},{"not_picked":["Outmaneuver","Dodge and Roll+1","Cloak And Dagger"],"picked":"Singing Bowl","floor":30},{"not_picked":["Flying Knee","Well Laid Plans","Choke"],"picked":"Singing Bowl","floor":31},{"not_picked":["Die Die Die","Grand Finale","Unload"],"picked":"Singing Bowl","floor":33},{"not_picked":["Flying Knee+1","Choke+1","Blade Dance+1"],"picked":"Singing Bowl","floor":35},{"not_picked":["Flying Knee","Quick Slash+1","Dodge and Roll"],"picked":"Singing Bowl","floor":42},{"not_picked":["Sucker Punch","Footwork+1","Endless Agony"],"picked":"Singing Bowl","floor":45},{"not_picked":["Setup","Prepared+1","Distraction"],"picked":"Singing Bowl","floor":48}],"player_experience":1034416,"relics_obtained":[{"floor":6,"key":"Ornamental Fan"},{"floor":8,"key":"Blood Vial"},{"floor":9,"key":"Vajra"},{"floor":13,"key":"Odd Mushroom"},{"floor":23,"key":"Singing Bowl"},{"floor":26,"key":"Pen Nib"},{"floor":43,"key":"Old Coin"},{"floor":48,"key":"Orichalcum"}],"event_choices":[{"cards_removed":["Defend_G"],"damage_healed":0,"gold_gain":0,"player_choice":"Purged","damage_taken":0,"max_hp_gain":0,"max_hp_loss":0,"event_name":"Purifier","floor":3,"gold_loss":0},{"damage_healed":0,"gold_gain":0,"player_choice":"Fought Mushrooms","damage_taken":0,"max_hp_gain":0,"max_hp_loss":0,"event_name":"Mushrooms","floor":13,"gold_loss":0},{"damage_healed":0,"gold_gain":0,"player_choice":"Ignored","damage_taken":0,"max_hp_gain":0,"max_hp_loss":0,"event_name":"Vampires","floor":19,"gold_loss":0},{"damage_healed":0,"gold_gain":99,"player_choice":"Stole From Cult","damage_taken":0,"max_hp_gain":0,"max_hp_loss":0,"event_name":"Nest","floor":22,"gold_loss":0},{"damage_healed":0,"gold_gain":0,"player_choice":"Got Potions","damage_taken":0,"max_hp_gain":0,"max_hp_loss":0,"event_name":"Lab","floor":37,"gold_loss":0},{"damage_healed":0,"gold_gain":0,"player_choice":"Paid","damage_taken":0,"relics_obtained":["Red Mask"],"max_hp_gain":0,"max_hp_loss":0,"event_name":"Tomb of Lord Red Mask","floor":39,"gold_loss":2},{"damage_healed":0,"gold_gain":0,"player_choice":"Max HP","damage_taken":0,"max_hp_gain":0,"max_hp_loss":3,"event_name":"Winding Halls","floor":41,"gold_loss":0},{"cards_removed":["Strike_G"],"damage_healed":0,"gold_gain":0,"player_choice":"Removed Attack","damage_taken":0,"max_hp_gain":0,"max_hp_loss":0,"event_name":"Falling","floor":46,"gold_loss":0}],"is_beta":false,"boss_relics":[{"not_picked":["WristBlade","Orrery"],"picked":"Empty Cage"},{"not_picked":["Calling Bell","Runic Pyramid"],"picked":"Velvet Choker"}],"items_purged_floors":[],"is_endless":false,"potions_floor_spawned":[1,6,8,18,21,25,30,31,45,48],"ascension_level":0}