{"gold_per_floor":[113,113,128,147,147,147,179,179,179,196,214,214,47,47,47,47],"floor_reached":16,"playtime":321,"items_purged":[],"score":200,"play_id":"7c53b270-2489-44f2-82d5-bb73665c8d79","local_time":"20190222162158","is_ascension_mode":true,"campfire_choices":[{"data":"Armaments","floor":6.0,"key":"SMITH"},{"floor":8.0,"key":"REST"},{"floor":15.0,"key":"REST"}],"neow_cost":"NONE","seed_source_timestamp":56466276423807,"circlet_count":0,"master_deck":["AscendersBane","Strike_R","Strike_R","Strike_R","Strike_R","Strike_R+1","Defend_R","Defend_R","Defend_R","Defend_R+1","Bash","Wild Strike","Armaments+1"],"special_seed":0,"relics":["Burning Blood","Frozen Egg 2","Singing Bowl","Oddly Smooth Stone","Pen Nib","Bag of Marbles"],"potions_floor_usage":[],"damage_taken":[{"damage":7.0,"enemies":"2 Louse","floor":1.0,"turns":2.0},{"damage":2.0,"enemies":"Jaw Worm","floor":3.0,"turns":4.0},{"damage":6.0,"enemies":"Small Slimes","floor":4.0,"turns":3.0},{"damage":41.0,"enemies":"Lagavulin","floor":7.0,"turns":8.0},{"damage":7.0,"enemies":"Blue Slaver","floor":10.0,"turns":4.0},{"damage":0.0,"enemies":"Large Slime","floor":11.0,"turns":1.0},{"damage":88,"enemies":"The Guardian","floor":16,"turns":12}],"seed_played":"2852824593245650521","potions_obtained":[{"floor":1.0,"key":"Fire Potion"},{"floor":10.0,"key":"AttackPotion"}],"is_trial":false,"path_per_floor":["M","?","M","M","T","R","E","R","T","M","M","?","$","?","R","B"],"character_chosen":"IRONCLAD","items_purchased":["Bag of Marbles"],"campfire_rested":2,"item_purchase_floors":[13],"current_hp_per_floor":[67,44,48,48,48,48,15,38,38,39,47,29,29,29,53,0],"gold":47,"neow_bonus":"THREE_CARDS","is_prod":false,"is_daily":false,"chose_seed":false,"campfire_upgraded":1,"win_rate":0,"timestamp":1550852518,"path_taken":["M","?","M","M","?","R","E","R","T","M","M","?","?","?","R","BOSS"],"build_version":"2019-01-23","purchased_purges":0,"victory":false,"max_hp_per_floor":[75,75,75,75,75,75,77,77,77,79,81,81,81,81,81,81],"card_choices":[{"not_picked":["Shrug It Off","Iron Wave"],"picked":"Wild Strike","floor":0.0},{"not_picked":["Blood for Blood","Sword Boomerang"],"picked":"Armaments","floor":1.0},{"not_picked":["Iron Wave","Wild Strike","Sword Boomerang"],"picked":"SKIP","floor":3.0},{"not_picked":["Twin Strike","Havoc","Clash"],"picked":"SKIP","floor":4.0},{"not_picked":["Wild Strike","Uppercut","Sword Boomerang"],"picked":"Singing Bowl","floor":7.0},{"not_picked":["Heavy Blade","Seeing Red","Thunderclap"],"picked":"Singing Bowl","floor":10.0},{"not_picked":["True Grit","Perfected Strike","Clothesline"],"picked":"Singing Bowl","floor":11.0}],"player_experience":536718,"relics_obtained":[{"floor":5.0,"key":"Frozen Egg 2"},{"floor":7.0,"key":"Singing Bowl"},{"floor":9.0,"key":"Oddly Smooth Stone"}],"event_choices":[{"damage_healed":0.0,"max_hp_gain":0.0,"max_hp_loss":0.0,"gold_gain":0.0,"event_name":"Shining Light","player_choice":"Entered Light","floor":2.0,"gold_loss":0.0,"damage_taken":23.0,"cards_upgraded":["Strike_R","Defend_R"]},{"damage_healed":0.0,"max_hp_gain":0.0,"max_hp_loss":0.0,"gold_gain":0.0,"event_name":"Scrap Ooze","player_choice":"Success","floor":12.0,"gold_loss":0.0,"damage_taken":18.0,"relics_obtained":["Pen Nib"]},{"damage_healed":0.0,"max_hp_gain":0.0,"max_hp_loss":0.0,"gold_gain":0.0,"event_name":"Golden Idol","player_choice":"Ignored","floor":14.0,"gold_loss":0.0,"damage_taken":0.0}],"is_beta":false,"boss_relics":[],"items_purged_floors":[],"is_endless":false,"potions_floor_spawned":[1,10],"killed_by":"The Guardian","ascension_level":20}