{"gold_per_floor":[114,114,114,64,83,83,83,123,208,227,247,280,61,86,86,217,217,236,236,22,37,58,58,74,115,167,182,220,220,238,273,273,392,392,411,69,69,16,39,39,58,99,99,99,99],"floor_reached":45,"playtime":5970,"items_purged":["Strike_B","Strike_B","Strike_B"],"score":991,"play_id":"a741631d-7322-43b6-aa66-5d0394452795","local_time":"20190320093746","is_ascension_mode":true,"campfire_choices":[{"data":"Dualcast","floor":6.0,"key":"SMITH"},{"data":"Genetic Algorithm","floor":15.0,"key":"SMITH"},{"data":"Ghostly","floor":23,"key":"SMITH"},{"data":"Ghostly","floor":29,"key":"SMITH"},{"data":"Ghostly","floor":32,"key":"SMITH"},{"data":"Hologram","floor":40,"key":"SMITH"}],"neow_cost":"NONE","seed_source_timestamp":0,"circlet_count":0,"master_deck":["AscendersBane","Strike_B","Defend_B+1","Defend_B+1","Defend_B","Defend_B","Zap+1","Dualcast+1","Cold Snap","Cold Snap","Rebound","Genetic Algorithm+1","Ball Lightning","Electrodynamics","Steam","Ghostly","Ghostly","Ghostly+1","Ghostly+1","Ghostly+1","Capacitor","FTL","Barrage","Static Discharge+1","Coolheaded","Stack","Coolheaded","Doom and Gloom","All For One","Redo+1","Dark Shackles","Loop","Hologram+1","Chill","Parasite","FTL"],"special_seed":0,"relics":["Cracked Core","NeowsBlessing","Golden Idol","War Paint","Strawberry","Tiny Chest","Vajra","PreservedInsect","Velvet Choker","Bronze Scales","Blood Vial","Emotion Chip","Bag of Marbles","White Beast Statue","Happy Flower"],"potions_floor_usage":[33,33,41,45],"damage_taken":[{"damage":0.0,"enemies":"2 Louse","floor":1.0,"turns":1.0},{"damage":0.0,"enemies":"Small Slimes","floor":5.0,"turns":1.0},{"damage":0.0,"enemies":"Lagavulin","floor":8.0,"turns":1.0},{"damage":2.0,"enemies":"Cultist","floor":10.0,"turns":3.0},{"damage":0.0,"enemies":"3 Louse","floor":11.0,"turns":3.0},{"damage":10.0,"enemies":"3 Sentries","floor":12.0,"turns":6.0},{"damage":3.0,"enemies":"2 Fungi Beasts","floor":14.0,"turns":3.0},{"damage":25.0,"enemies":"Slime Boss","floor":16.0,"turns":11.0},{"damage":0.0,"enemies":"Chosen","floor":18.0,"turns":3.0},{"damage":8,"enemies":"3 Byrds","floor":21,"turns":5},{"damage":0,"enemies":"3 Cultists","floor":22,"turns":6},{"damage":4,"enemies":"Snake Plant","floor":24,"turns":5},{"damage":1,"enemies":"Slavers","floor":25,"turns":3},{"damage":3,"enemies":"Snecko","floor":27,"turns":6},{"damage":0,"enemies":"Gremlin Leader","floor":28,"turns":6},{"damage":4,"enemies":"Centurion and Healer","floor":30,"turns":3},{"damage":1,"enemies":"Slavers","floor":31,"turns":5},{"damage":19,"enemies":"Champ","floor":33,"turns":15},{"damage":11,"enemies":"3 Darklings","floor":35,"turns":5},{"damage":1,"enemies":"Orb Walker","floor":39,"turns":3},{"damage":0,"enemies":"Writhing Mass","floor":41,"turns":9},{"damage":0,"enemies":"Reptomancer","floor":42,"turns":6},{"damage":52,"enemies":"Giant Head","floor":45,"turns":10}],"seed_played":"-4482863760760628924","potions_obtained":[{"floor":5.0,"key":"Block Potion"},{"floor":8.0,"key":"PowerPotion"},{"floor":11.0,"key":"Dexterity Potion"},{"floor":22,"key":"Block Potion"},{"floor":24,"key":"Block Potion"},{"floor":35,"key":"Poison Potion"},{"floor":39,"key":"LiquidBronze"},{"floor":41,"key":"PowerPotion"}],"is_trial":false,"path_per_floor":["M","?","?","$","M","R","?","E","T","M","M","E","$","M","R","B",null,"M","?","$","M","M","R","M","E","T","M","E","R","M","E","R","B",null,"M","$","?","$","M","R","M","E","T","?","E"],"character_chosen":"DEFECT","items_purchased":["Cold Snap","PreservedInsect","Capacitor","FTL","Dark Shackles","Loop","PowerPotion","Hologram"],"campfire_rested":0,"item_purchase_floors":[4,13,20,20,36,36,36,38],"current_hp_per_floor":[68,68,68,68,68,68,68,75,75,73,73,63,63,60,60,35,66,66,38,38,30,30,30,26,25,25,24,26,26,24,25,25,8,31,22,22,22,22,23,23,25,27,27,27,0],"gold":99,"neow_bonus":"THREE_ENEMY_KILL","is_prod":false,"is_daily":false,"chose_seed":false,"campfire_upgraded":6,"win_rate":0,"timestamp":1553089066,"path_taken":["M","?","?","$","M","R","?","E","T","?","M","E","$","M","R","BOSS","M","?","$","M","M","R","M","E","T","M","E","R","M","E","R","BOSS","M","$","?","?","?","R","M","E","T","?","E"],"build_version":"2019-01-23","purchased_purges":3,"victory":false,"max_hp_per_floor":[75,75,69,69,69,69,69,76,76,76,76,76,76,76,76,76,76,76,38,38,38,38,38,38,38,38,38,38,38,38,38,38,38,38,38,38,38,38,38,38,38,38,38,36,36],"card_choices":[{"not_picked":["Go for the Eyes","Defragment"],"picked":"Cold Snap","floor":1.0},{"not_picked":["Conserve Battery","Scrape","Chaos"],"picked":"SKIP","floor":5.0},{"not_picked":["Skim","Amplify"],"picked":"Rebound","floor":8.0},{"not_picked":["Reinforced Body","Ball Lightning"],"picked":"Genetic Algorithm","floor":10.0},{"not_picked":["Conserve Battery","Steam","Turbo"],"picked":"SKIP","floor":11.0},{"not_picked":["Redo","Reprogram","Storm"],"picked":"SKIP","floor":12.0},{"not_picked":["Go for the Eyes","Sweeping Beam"],"picked":"Ball Lightning","floor":14.0},{"not_picked":["Core Surge","All For One"],"picked":"Electrodynamics","floor":16.0},{"not_picked":["Melter","Streamline"],"picked":"Steam","floor":18.0},{"not_picked":["Hello World","Turbo+1"],"picked":"Barrage","floor":21},{"not_picked":["Barrage","Gash"],"picked":"Static Discharge+1","floor":22},{"not_picked":["Streamline","BootSequence"],"picked":"Coolheaded","floor":24},{"not_picked":["Sunder","Ball Lightning"],"picked":"Stack","floor":25},{"not_picked":["Hello World+1","Barrage","Redo"],"picked":"SKIP","floor":27},{"not_picked":["Go for the Eyes","Beam Cell"],"picked":"Coolheaded","floor":28},{"not_picked":["Sweeping Beam","Sunder","Rebound"],"picked":"SKIP","floor":30},{"not_picked":["Biased Cognition","Genetic Algorithm"],"picked":"Doom and Gloom","floor":31},{"not_picked":["Rainbow","Hyperbeam"],"picked":"All For One","floor":33},{"not_picked":["Reprogram","Sweeping Beam+1"],"picked":"Redo+1","floor":35},{"not_picked":["Skim+1","Barrage"],"picked":"Chill","floor":39},{"not_picked":["Fusion","Sweeping Beam"],"picked":"FTL","floor":41},{"not_picked":["Melter+1","Beam Cell+1","Leap"],"picked":"SKIP","floor":42}],"player_experience":1946314,"relics_obtained":[{"floor":8.0,"key":"Strawberry"},{"floor":9.0,"key":"Tiny Chest"},{"floor":12.0,"key":"Vajra"},{"floor":25,"key":"Bronze Scales"},{"floor":26,"key":"Blood Vial"},{"floor":28,"key":"Emotion Chip"},{"floor":31,"key":"Bag of Marbles"},{"floor":42,"key":"Happy Flower"}],"event_choices":[{"damage_healed":0.0,"max_hp_gain":0.0,"max_hp_loss":0.0,"gold_gain":0.0,"event_name":"Living Wall","player_choice":"Grow","floor":2.0,"gold_loss":0.0,"damage_taken":0.0,"cards_upgraded":["Zap"]},{"damage_healed":0.0,"max_hp_gain":0.0,"max_hp_loss":6.0,"gold_gain":0.0,"event_name":"Golden Idol","player_choice":"Lose Max HP","floor":3.0,"gold_loss":0.0,"damage_taken":0.0,"relics_obtained":["Golden Idol"]},{"damage_healed":0.0,"max_hp_gain":0.0,"max_hp_loss":0.0,"gold_gain":0.0,"event_name":"WeMeetAgain","player_choice":"Gave Potion","floor":7.0,"gold_loss":0.0,"damage_taken":0.0,"relics_obtained":["War Paint"]},{"damage_healed":0.0,"max_hp_gain":0.0,"max_hp_loss":38.0,"gold_gain":0.0,"event_name":"Ghosts","player_choice":"Became a Ghost","floor":19.0,"gold_loss":0.0,"damage_taken":0.0,"cards_obtained":["Ghostly","Ghostly","Ghostly","Ghostly","Ghostly"]},{"damage_healed":0,"gold_gain":0,"player_choice":"Ignored","damage_taken":0,"max_hp_gain":0,"max_hp_loss":0,"event_name":"SecretPortal","floor":37,"gold_loss":0},{"damage_healed":0,"gold_gain":0,"player_choice":"Max HP","damage_taken":0,"max_hp_gain":0,"max_hp_loss":2,"event_name":"Winding Halls","floor":44,"gold_loss":0}],"is_beta":false,"boss_relics":[{"not_picked":["Calling Bell","Nuclear Battery"],"picked":"Velvet Choker"},{"not_picked":["Runic Dome","Coffee Dripper"],"picked":"White Beast Statue"}],"items_purged_floors":[13,20,36],"is_endless":false,"potions_floor_spawned":[5,8,11,22,24,27,28,35,39,41,42],"killed_by":"Giant Head","ascension_level":12}