{"gold_per_floor":[115,115,115,126,146,146,176,186,186,216,235,235,235,262,262,365,365,384,384,384,30,46,46,59,59],"floor_reached":25,"playtime":2787,"items_purged":[],"score":338,"play_id":"782f3f08-ad6b-4b11-a633-d6ccbaa9835b","local_time":"20190316170649","is_ascension_mode":true,"campfire_choices":[{"data":"Go for the Eyes","floor":6,"key":"SMITH"},{"floor":13,"key":"REST"},{"floor":15,"key":"REST"},{"floor":23,"key":"REST"}],"neow_cost":"NONE","seed_source_timestamp":219871357245833,"circlet_count":0,"master_deck":["AscendersBane","Strike_B+1","Defend_B","Defend_B","Defend_B","Defend_B","Zap+1","Dualcast","Go for the Eyes+1","Rebound","FTL","Rip and Tear","Chill","Core Surge","Redo+1","Buffer+1","Genetic Algorithm+1","Loop+1","Aggregate+1","Conserve Battery+1","Stack+1"],"relics":["Cracked Core","Oddly Smooth Stone","Dodecahedron","Toxic Egg 2","Frozen Egg 2","Matryoshka","Nuclear Battery","Nilry\u0027s Codex","OrangePellets","Ancient Tea Set"],"potions_floor_usage":[7,14],"damage_taken":[{"damage":0,"enemies":"Small Slimes","floor":1,"turns":4},{"damage":0,"enemies":"2 Louse","floor":4,"turns":3},{"damage":0,"enemies":"Jaw Worm","floor":5,"turns":3},{"damage":24,"enemies":"3 Sentries","floor":7,"turns":6},{"damage":12,"enemies":"3 Louse","floor":8,"turns":3},{"damage":13,"enemies":"Blue Slaver","floor":11,"turns":2},{"damage":24,"enemies":"Lagavulin","floor":14,"turns":6},{"damage":16,"enemies":"The Guardian","floor":16,"turns":11},{"damage":0,"enemies":"Chosen","floor":18,"turns":6},{"damage":6,"enemies":"3 Byrds","floor":22,"turns":6},{"damage":17,"enemies":"Snake Plant","floor":24,"turns":4},{"damage":49,"enemies":"Book of Stabbing","floor":25,"turns":7}],"seed_played":"1175141997224269845","potions_obtained":[{"floor":1,"key":"PowerPotion"},{"floor":5,"key":"Energy Potion"},{"floor":7,"key":"AttackPotion"}],"is_trial":false,"path_per_floor":["M","?","?","M","M","R","E","M","T","?","M","?","R","E","R","B",null,"M","?","?","$","M","R","M","E"],"character_chosen":"DEFECT","items_purchased":["OrangePellets","Ancient Tea Set"],"campfire_rested":3,"item_purchase_floors":[21,21],"current_hp_per_floor":[68,53,58,58,58,58,34,22,22,22,9,9,33,9,33,17,64,64,64,48,48,42,66,49,0],"gold":59,"neow_bonus":"RANDOM_COMMON_RELIC","is_prod":false,"is_daily":false,"chose_seed":false,"campfire_upgraded":1,"win_rate":0,"timestamp":1552770409,"path_taken":["M","?","?","M","M","R","E","M","T","?","M","?","R","E","R","BOSS","M","?","?","$","M","R","M","E"],"build_version":"2019-01-23","purchased_purges":0,"victory":false,"max_hp_per_floor":[75,75,80,80,80,80,80,80,80,80,80,80,80,80,80,80,80,80,80,80,80,80,80,80,80],"card_choices":[{"not_picked":["Defragment","Blizzard"],"picked":"Go for the Eyes","floor":1},{"not_picked":["Aggregate","Beam Cell"],"picked":"Rebound","floor":4},{"not_picked":["Rebound","Redo"],"picked":"FTL","floor":5},{"not_picked":["Machine Learning","Hologram"],"picked":"Rip and Tear","floor":7},{"not_picked":["Skim","Steam"],"picked":"Chill","floor":8},{"not_picked":["Compile Driver","Stack+1"],"picked":"Core Surge","floor":11},{"not_picked":["Sunder","Rebound"],"picked":"Redo+1","floor":14},{"not_picked":["Thunder Strike","Hyperbeam"],"picked":"Buffer+1","floor":16},{"not_picked":["Redo+1","FTL"],"picked":"Genetic Algorithm+1","floor":18},{"not_picked":["Loop+1","Cold Snap"],"picked":"Conserve Battery+1","floor":22},{"not_picked":["Streamline","Redo+1"],"picked":"Stack+1","floor":24}],"player_experience":1921318,"relics_obtained":[{"floor":7,"key":"Dodecahedron"},{"floor":9,"key":"Toxic Egg 2"},{"floor":14,"key":"Matryoshka"},{"floor":20,"key":"Nilry\u0027s Codex"}],"event_choices":[{"damage_healed":0,"gold_gain":0,"player_choice":"Entered Light","damage_taken":15,"max_hp_gain":0,"max_hp_loss":0,"event_name":"Shining Light","floor":2,"gold_loss":0,"cards_upgraded":["Strike_B","Zap"]},{"damage_healed":0,"gold_gain":0,"player_choice":"Donut","damage_taken":0,"max_hp_gain":5,"max_hp_loss":0,"event_name":"Big Fish","floor":3,"gold_loss":0},{"damage_healed":0,"gold_gain":30,"player_choice":"Searched \u00273\u0027 times","damage_taken":0,"relics_obtained":["Frozen Egg 2"],"max_hp_gain":0,"max_hp_loss":0,"event_name":"Dead Adventurer","floor":10,"gold_loss":0},{"cards_removed":["Strike_B"],"damage_healed":0,"gold_gain":0,"player_choice":"Forget","damage_taken":0,"max_hp_gain":0,"max_hp_loss":0,"event_name":"Living Wall","floor":12,"gold_loss":0},{"damage_healed":0,"gold_gain":0,"cards_transformed":["Strike_B","Strike_B"],"player_choice":"Became Test Subject","damage_taken":0,"max_hp_gain":0,"max_hp_loss":0,"event_name":"Drug Dealer","floor":19,"gold_loss":0,"cards_obtained":["Loop","Aggregate"]},{"damage_healed":0,"gold_gain":0,"player_choice":"Obtained Book","damage_taken":16,"max_hp_gain":0,"max_hp_loss":0,"event_name":"Cursed Tome","floor":20,"gold_loss":0}],"is_beta":false,"boss_relics":[{"not_picked":["Runic Pyramid","Lizard Tail"],"picked":"Nuclear Battery"}],"items_purged_floors":[],"is_endless":false,"potions_floor_spawned":[1,5,7],"killed_by":"Book of Stabbing","ascension_level":12}