{"gold_per_floor":[109,128,128,140,215,215,215,215,261,296,312,312,324,158,158,158],"floor_reached":16,"playtime":240,"items_purged":["Strike_G"],"score":195,"play_id":"99c54162-17cf-40f3-ba1f-32f29801624a","local_time":"20190119185532","is_ascension_mode":true,"campfire_choices":[{"data":"Noxious Fumes","floor":6,"key":"SMITH"},{"data":"Poisoned Stab","floor":8,"key":"SMITH"},{"data":"Dash","floor":12,"key":"SMITH"},{"floor":15,"key":"REST"}],"neow_cost":"NONE","seed_source_timestamp":30041051991608,"circlet_count":0,"master_deck":["AscendersBane","Defend_G","Defend_G","Defend_G","Defend_G","Defend_G","Strike_G","Strike_G","Strike_G","Survivor","Neutralize","Noxious Fumes+1","Dash+1","Poisoned Stab+1","Prepared","Dodge and Roll","Bane","Flash of Steel"],"special_seed":0,"relics":["Ring of the Snake","NeowsBlessing","CultistMask","Bronze Scales","Strawberry"],"potions_floor_usage":[11,16],"damage_taken":[{"damage":0.0,"enemies":"Small Slimes","floor":1.0,"turns":1.0},{"damage":0.0,"enemies":"Cultist","floor":2.0,"turns":1.0},{"damage":0,"enemies":"2 Louse","floor":4,"turns":1},{"damage":20,"enemies":"Lagavulin","floor":10,"turns":6},{"damage":0,"enemies":"Lots of Slimes","floor":11,"turns":2},{"damage":1,"enemies":"Red Slaver","floor":13,"turns":3},{"damage":55,"enemies":"Slime Boss","floor":16,"turns":9}],"seed_played":"-1183129653007383759","potions_obtained":[{"floor":1.0,"key":"Fire Potion"},{"floor":2,"key":"Explosive Potion"}],"is_trial":false,"path_per_floor":["M","M","?","M","?","R","?","R","T","E","M","R","M","$","R","B"],"character_chosen":"THE_SILENT","items_purchased":["Flash of Steel"],"campfire_rested":1,"item_purchase_floors":[14],"current_hp_per_floor":[59,59,59,59,48,48,48,48,48,35,35,35,34,34,55,0],"gold":158,"neow_bonus":"THREE_ENEMY_KILL","is_prod":false,"is_daily":false,"chose_seed":false,"campfire_upgraded":3,"win_rate":0,"timestamp":1547924132,"path_taken":["M","M","?","?","?","R","?","R","T","E","M","R","?","?","R","BOSS"],"build_version":"2019-01-17v2","purchased_purges":1,"victory":false,"max_hp_per_floor":[66,66,66,66,66,66,66,66,66,73,73,73,73,73,73,73],"card_choices":[{"not_picked":["Endless Agony","Poisoned Stab"],"picked":"Noxious Fumes","floor":1.0},{"not_picked":["Backflip","Acrobatics"],"picked":"Dash","floor":2},{"not_picked":["Blade Dance","Accuracy"],"picked":"Prepared","floor":4},{"not_picked":["Dodge and Roll","Unload","Sucker Punch"],"picked":"SKIP","floor":10},{"not_picked":["Unload","Sucker Punch"],"picked":"Dodge and Roll","floor":10},{"not_picked":["Dagger Throw","Cloak And Dagger"],"picked":"Bane","floor":11},{"not_picked":["Bane","Dash","Sucker Punch"],"picked":"SKIP","floor":13}],"player_experience":508634,"relics_obtained":[{"floor":9,"key":"Bronze Scales"},{"floor":10,"key":"Strawberry"}],"event_choices":[{"damage_healed":0,"gold_gain":0,"cards_transformed":["Strike_G"],"player_choice":"Transformed","damage_taken":0,"max_hp_gain":0,"max_hp_loss":0,"event_name":"Transmorgrifier","floor":3,"gold_loss":0,"cards_obtained":["Poisoned Stab"]},{"damage_healed":0,"gold_gain":75,"player_choice":"Gather Gold","damage_taken":11,"max_hp_gain":0,"max_hp_loss":0,"event_name":"World of Goop","floor":5,"gold_loss":0},{"damage_healed":0,"gold_gain":0,"player_choice":"Trade","damage_taken":0,"relics_obtained":["CultistMask"],"max_hp_gain":0,"max_hp_loss":0,"event_name":"FaceTrader","floor":7,"gold_loss":0}],"is_beta":false,"boss_relics":[],"items_purged_floors":[14],"is_endless":false,"potions_floor_spawned":[1,2,10],"killed_by":"Slime Boss","ascension_level":19}