{"gold_per_floor":[116,116,134,134,59,71,101,101,101,118,118,130,147,176,176,273,273,289,315,144,157,157,190,190,206,206,240,256,256,256,269,269,373,373,384,384,399,413,513,513,540,540,540,540,540,540,557,588,588,588],"floor_reached":51,"playtime":3319,"items_purged":["Strike_R","Strike_R"],"score":1070,"play_id":"932185fc-ad84-43b5-8050-424dc4f14cba","local_time":"20190325000318","is_ascension_mode":false,"campfire_choices":[{"data":"Corruption","floor":8.0,"key":"SMITH"},{"data":"Sentinel","floor":15.0,"key":"SMITH"},{"data":"Dark Embrace","floor":24.0,"key":"SMITH"},{"data":"Body Slam","floor":30.0,"key":"SMITH"},{"data":"Warcry","floor":32.0,"key":"SMITH"},{"data":"Second Wind","floor":40.0,"key":"SMITH"},{"data":"Sentinel","floor":42.0,"key":"SMITH"},{"data":"Burning Pact","floor":45.0,"key":"SMITH"},{"data":"Offering","floor":49.0,"key":"SMITH"}],"neow_cost":"NONE","seed_source_timestamp":0,"circlet_count":0,"master_deck":["Defend_R","Defend_R","Defend_R","Defend_R","Bash","Inflame","Whirlwind","Corruption+1","Ghostly Armor","Sentinel+1","Flame Barrier","Intimidate","Burning Pact+1","Dark Embrace+1","Feel No Pain","Sentinel+1","Shrug It Off+1","Second Wind+1","Body Slam+1","Entrench+1","Warcry+1","Sentinel+1","True Grit+1","Madness","Madness","Offering+1","Fiend Fire"],"special_seed":0,"relics":["Burning Blood","Dead Branch","Odd Mushroom","Bottled Tornado","WarpedTongs","Blood Vial","Empty Cage","Red Mask","Prayer Wheel","Singing Bowl","Lantern","Sozu","FossilizedHelix","Regal Pillow","Ginger","Thread and Needle"],"potions_floor_usage":[],"damage_taken":[{"damage":1.0,"enemies":"Jaw Worm","floor":1.0,"turns":5.0},{"damage":7.0,"enemies":"Small Slimes","floor":3.0,"turns":3.0},{"damage":8.0,"enemies":"Cultist","floor":6.0,"turns":5.0},{"damage":13.0,"enemies":"The Mushroom Lair","floor":7.0,"turns":4.0},{"damage":7.0,"enemies":"Large Slime","floor":10.0,"turns":2.0},{"damage":0.0,"enemies":"Looter","floor":12.0,"turns":2.0},{"damage":9.0,"enemies":"Gremlin Gang","floor":13.0,"turns":2.0},{"damage":3.0,"enemies":"Gremlin Nob","floor":14.0,"turns":3.0},{"damage":4.0,"enemies":"Slime Boss","floor":16.0,"turns":3.0},{"damage":3.0,"enemies":"Shell Parasite","floor":18.0,"turns":1.0},{"damage":5.0,"enemies":"Masked Bandits","floor":19.0,"turns":3.0},{"damage":3.0,"enemies":"Spheric Guardian","floor":21.0,"turns":1.0},{"damage":3.0,"enemies":"Book of Stabbing","floor":23.0,"turns":3.0},{"damage":0.0,"enemies":"Cultist and Chosen","floor":25.0,"turns":3.0},{"damage":6.0,"enemies":"Slavers","floor":27.0,"turns":2.0},{"damage":0.0,"enemies":"Snake Plant","floor":28.0,"turns":1.0},{"damage":0.0,"enemies":"Centurion and Healer","floor":31.0,"turns":2.0},{"damage":7.0,"enemies":"Collector","floor":33.0,"turns":2.0},{"damage":13.0,"enemies":"3 Shapes","floor":35.0,"turns":2.0},{"damage":0.0,"enemies":"Orb Walker","floor":37.0,"turns":1.0},{"damage":6.0,"enemies":"3 Darklings","floor":38.0,"turns":2.0},{"damage":0.0,"enemies":"Mind Bloom Boss Battle","floor":39.0,"turns":1.0},{"damage":0.0,"enemies":"Giant Head","floor":41.0,"turns":2.0},{"damage":0.0,"enemies":"Transient","floor":47.0,"turns":2.0},{"damage":50.0,"enemies":"Nemesis","floor":48.0,"turns":5.0},{"damage":9,"enemies":"Donu and Deca","floor":50,"turns":1}],"seed_played":"-7222171487183915833","potions_obtained":[{"floor":1.0,"key":"SteroidPotion"},{"floor":7.0,"key":"Strength Potion"},{"floor":16.0,"key":"Fire Potion"}],"is_trial":false,"path_per_floor":["M","?","M","?","$","M","?","R","T","M","?","M","M","E","R","B",null,"M","?","$","M","?","E","R","M","T","E","M","?","R","M","R","B",null,"M","?","M","M","?","R","E","R","T","?","R","?","M","E","R","B",null],"character_chosen":"IRONCLAD","items_purchased":["Feel No Pain"],"campfire_rested":0,"item_purchase_floors":[20],"current_hp_per_floor":[80,80,79,76,76,74,67,67,67,66,66,72,69,72,72,76,80,80,80,80,80,80,80,80,80,80,80,82,82,82,86,86,87,88,85,85,94,98,100,100,102,102,102,89,89,89,99,57,57,56],"gold":588,"neow_bonus":"TRANSFORM_CARD","is_prod":false,"is_daily":false,"chose_seed":false,"campfire_upgraded":9,"win_rate":0,"timestamp":1553439798,"path_taken":["M","?","M","?","$","M","?","R","T","M","?","?","M","E","R","BOSS","M","?","$","M","?","E","R","M","T","E","?","?","R","M","R","BOSS","M","?","M","M","?","R","E","R","T","?","R","?","?","E","R","BOSS"],"build_version":"2019-01-23","purchased_purges":2,"victory":true,"max_hp_per_floor":[80,80,80,80,80,80,80,80,80,80,80,80,80,80,80,80,80,80,80,80,80,80,80,80,80,80,80,82,82,82,86,86,88,88,92,92,94,98,100,100,102,102,102,102,102,102,104,104,104,104],"card_choices":[{"not_picked":["Pommel Strike","Havoc"],"picked":"Whirlwind","floor":1.0},{"not_picked":["Pommel Strike","Second Wind"],"picked":"Corruption","floor":3.0},{"not_picked":["Anger","Inflame"],"picked":"Ghostly Armor","floor":6.0},{"not_picked":["Clash","Wild Strike"],"picked":"Sentinel","floor":7.0},{"not_picked":["Entrench","Thunderclap"],"picked":"Flame Barrier","floor":10.0},{"not_picked":["Anger","Thunderclap"],"picked":"Intimidate","floor":12.0},{"not_picked":["Cleave","Havoc"],"picked":"Burning Pact","floor":13.0},{"not_picked":["Fire Breathing","Combust","Hemokinesis"],"picked":"SKIP","floor":14.0},{"not_picked":["Fiend Fire","Feed"],"picked":"Dark Embrace","floor":16.0},{"not_picked":["Twin Strike","Clothesline","Body Slam"],"picked":"SKIP","floor":18.0},{"not_picked":["Clothesline","Headbutt+1"],"picked":"Evolve","floor":21.0},{"not_picked":["Inflame","Clash"],"picked":"Shrug It Off+1","floor":23.0},{"not_picked":["Headbutt","Power Through"],"picked":"Second Wind","floor":25.0},{"not_picked":["Reckless Charge+1","Battle Trance"],"picked":"Body Slam","floor":25.0},{"not_picked":["Reckless Charge","Sword Boomerang"],"picked":"Entrench+1","floor":27.0},{"not_picked":["Immolate","Heavy Blade","Iron Wave+1"],"picked":"Singing Bowl","floor":28.0},{"not_picked":["Flame Barrier","Feel No Pain+1"],"picked":"Warcry","floor":28.0},{"not_picked":["Thunderclap+1","Armaments","Infernal Blade"],"picked":"Singing Bowl","floor":31.0},{"not_picked":["Anger+1","Power Through+1","Headbutt+1"],"picked":"Singing Bowl","floor":31.0},{"not_picked":["Double Tap","Exhume","Berserk"],"picked":"Singing Bowl","floor":33.0},{"not_picked":["Headbutt","Anger","Pommel Strike"],"picked":"Singing Bowl","floor":35.0},{"not_picked":["Headbutt+1","Anger","Searing Blow+1"],"picked":"Singing Bowl","floor":35.0},{"not_picked":["Sever Soul","Clothesline"],"picked":"True Grit+1","floor":37.0},{"not_picked":["Whirlwind","Cleave","Combust"],"picked":"Singing Bowl","floor":37.0},{"not_picked":["True Grit","Armaments","Clash+1"],"picked":"Singing Bowl","floor":38.0},{"not_picked":["Dropkick","Inflame+1","Heavy Blade"],"picked":"Singing Bowl","floor":38.0},{"not_picked":["Perfected Strike","Rage+1","Rupture+1"],"picked":"Singing Bowl","floor":39.0},{"not_picked":["Sever Soul","Hemokinesis","Reckless Charge"],"picked":"Singing Bowl","floor":41.0},{"not_picked":["Second Wind+1","Blood for Blood"],"picked":"Offering","floor":47.0},{"not_picked":["Cleave+1","Sword Boomerang","Heavy Blade"],"picked":"SKIP","floor":47.0},{"not_picked":["Cleave+1","Sword Boomerang","Heavy Blade"],"picked":"Singing Bowl","floor":47.0},{"not_picked":["Shockwave+1","True Grit+1"],"picked":"Fiend Fire","floor":48.0}],"player_experience":567860,"relics_obtained":[{"floor":7.0,"key":"Odd Mushroom"},{"floor":9.0,"key":"Bottled Tornado"},{"floor":14.0,"key":"Blood Vial"},{"floor":19.0,"key":"Red Mask"},{"floor":23.0,"key":"Prayer Wheel"},{"floor":26.0,"key":"Singing Bowl"},{"floor":27.0,"key":"Lantern"},{"floor":39.0,"key":"FossilizedHelix"},{"floor":41.0,"key":"Regal Pillow"},{"floor":43.0,"key":"Ginger"},{"floor":48.0,"key":"Thread and Needle"}],"event_choices":[{"cards_removed":["Strike_R"],"damage_healed":0.0,"max_hp_gain":0.0,"max_hp_loss":0.0,"gold_gain":0.0,"event_name":"Living Wall","player_choice":"Forget","floor":2.0,"gold_loss":0.0,"damage_taken":0.0},{"damage_healed":0.0,"max_hp_gain":0.0,"max_hp_loss":0.0,"gold_gain":0.0,"event_name":"Scrap Ooze","player_choice":"Success","floor":4.0,"gold_loss":0.0,"damage_taken":3.0,"relics_obtained":["Dead Branch"]},{"damage_healed":0.0,"max_hp_gain":0.0,"max_hp_loss":0.0,"gold_gain":0.0,"event_name":"Mushrooms","player_choice":"Fought Mushrooms","floor":7.0,"gold_loss":0.0,"damage_taken":0.0},{"damage_healed":0.0,"max_hp_gain":0.0,"max_hp_loss":0.0,"gold_gain":0.0,"event_name":"Accursed Blacksmith","player_choice":"Rummage","floor":11.0,"gold_loss":0.0,"damage_taken":0.0,"relics_obtained":["WarpedTongs"],"cards_obtained":["Pain"]},{"damage_healed":0.0,"max_hp_gain":0.0,"max_hp_loss":0.0,"gold_gain":0.0,"event_name":"Masked Bandits","player_choice":"Fought Bandits","floor":19.0,"gold_loss":0.0,"damage_taken":0.0},{"damage_healed":0.0,"max_hp_gain":0.0,"max_hp_loss":0.0,"gold_gain":0.0,"event_name":"Duplicator","player_choice":"Copied","floor":22.0,"gold_loss":0.0,"damage_taken":0.0,"cards_obtained":["Sentinel"]},{"damage_healed":0.0,"max_hp_gain":0.0,"max_hp_loss":0.0,"gold_gain":0.0,"event_name":"The Library","player_choice":"Read","floor":29.0,"gold_loss":0.0,"damage_taken":0.0,"cards_obtained":["Sentinel"]},{"cards_removed":["Evolve"],"damage_healed":0.0,"max_hp_gain":0.0,"max_hp_loss":0.0,"gold_gain":0.0,"event_name":"Falling","player_choice":"Removed Power","floor":36.0,"gold_loss":0.0,"damage_taken":0.0},{"damage_healed":0.0,"max_hp_gain":0.0,"max_hp_loss":0.0,"gold_gain":0.0,"event_name":"MindBloom","player_choice":"Fight","floor":39.0,"gold_loss":0.0,"damage_taken":0.0},{"damage_healed":0.0,"max_hp_gain":0.0,"max_hp_loss":0.0,"gold_gain":0.0,"event_name":"Winding Halls","player_choice":"Embrace Madness","floor":44.0,"gold_loss":0.0,"damage_taken":13.0,"cards_obtained":["Madness","Madness"]},{"damage_healed":0.0,"max_hp_gain":0.0,"max_hp_loss":0.0,"gold_gain":0.0,"event_name":"The Woman in Blue","player_choice":"Bought 0 Potions","floor":46.0,"gold_loss":0.0,"damage_taken":0.0}],"is_beta":false,"boss_relics":[{"not_picked":["Cursed Key","Busted Crown"],"picked":"Empty Cage"},{"not_picked":["Tiny House","Runic Cube"],"picked":"Sozu"}],"items_purged_floors":[5,20],"is_endless":false,"potions_floor_spawned":[1,7,16,23,27,28,31,38,39,47],"ascension_level":0}