{"gold_per_floor":[116,116,132,25,41,41,53,76,158,186,196,271,271,281,281,358,358,377,377,18,28,28,28],"floor_reached":23,"playtime":799,"items_purged":["Defend_R"],"score":382,"play_id":"63fabee1-09da-4986-af0b-28a1b28c5a81","local_time":"20190324181656","is_ascension_mode":true,"campfire_choices":[{"data":"Metallicize","floor":6,"key":"SMITH"},{"data":"Entrench","floor":13,"key":"SMITH"},{"floor":15,"key":"REST"}],"neow_cost":"TEN_PERCENT_HP_LOSS","seed_source_timestamp":370754014482283,"circlet_count":0,"master_deck":["AscendersBane","Strike_R","Strike_R","Strike_R","Strike_R","Strike_R","Defend_R","Defend_R","Defend_R","Bash+1","Flame Barrier","Entrench+1","Metallicize+1","Iron Wave","Battle Trance","Cleave","Inflame","Shockwave","Juggernaut"],"relics":["Burning Blood","StoneCalendar","Odd Mushroom","Dream Catcher","Fusion Hammer","FaceOfCleric","Matryoshka"],"potions_floor_usage":[7,8,10,16,23],"damage_taken":[{"damage":13,"enemies":"Small Slimes","floor":1,"turns":5},{"damage":2,"enemies":"Jaw Worm","floor":3,"turns":6},{"damage":8,"enemies":"2 Louse","floor":5,"turns":4},{"damage":24,"enemies":"Exordium Thugs","floor":7,"turns":7},{"damage":19,"enemies":"The Mushroom Lair","floor":8,"turns":6},{"damage":11,"enemies":"Lagavulin","floor":10,"turns":7},{"damage":8,"enemies":"3 Louse","floor":11,"turns":3},{"damage":3,"enemies":"2 Fungi Beasts","floor":14,"turns":4},{"damage":20,"enemies":"Slime Boss","floor":16,"turns":9},{"damage":9,"enemies":"Chosen","floor":18,"turns":5},{"damage":14,"enemies":"Shell Parasite","floor":21,"turns":5},{"damage":53,"enemies":"Book of Stabbing","floor":23,"turns":5}],"seed_played":"-8680743338922504039","potions_obtained":[{"floor":1,"key":"FearPotion"},{"floor":3,"key":"BloodPotion"},{"floor":7,"key":"EssenceOfSteel"},{"floor":11,"key":"EssenceOfSteel"},{"floor":16,"key":"FearPotion"},{"floor":18,"key":"Weak Potion"}],"is_trial":false,"path_per_floor":["M","?","M","$","M","R","M","?","T","E","M","?","R","M","R","B",null,"M","?","$","M","$","E"],"character_chosen":"IRONCLAD","items_purchased":["Metallicize","Iron Wave","Matryoshka"],"campfire_rested":1,"item_purchase_floors":[4,4,20],"current_hp_per_floor":[61,61,65,65,63,63,45,32,32,33,31,20,20,23,43,29,58,55,55,55,48,48,0],"gold":28,"neow_bonus":"ONE_RARE_RELIC","is_prod":false,"is_daily":false,"chose_seed":false,"campfire_upgraded":2,"win_rate":0,"timestamp":1553447816,"path_taken":["M","?","M","$","M","R","M","?","T","E","M","?","R","M","R","BOSS","M","?","$","M","?","E"],"build_version":"2019-01-23","purchased_purges":1,"victory":false,"max_hp_per_floor":[68,68,68,68,68,68,68,68,68,68,68,68,68,68,68,68,68,68,68,68,69,69,69],"card_choices":[{"not_picked":["Disarm","Armaments"],"picked":"Flame Barrier","floor":1},{"not_picked":["Dual Wield","Bloodletting"],"picked":"Entrench","floor":3},{"not_picked":["Heavy Blade","Warcry"],"picked":"Battle Trance","floor":5},{"not_picked":["Headbutt","Thunderclap"],"picked":"Cleave","floor":7},{"not_picked":["Headbutt","Power Through"],"picked":"Inflame","floor":8},{"not_picked":["Heavy Blade","Thunderclap","Headbutt"],"picked":"SKIP","floor":10},{"not_picked":["Carnage","Bloodletting"],"picked":"Shockwave","floor":11},{"not_picked":["Wild Strike","Battle Trance","Bludgeon"],"picked":"SKIP","floor":14},{"not_picked":["Bludgeon","Offering"],"picked":"Juggernaut","floor":16},{"not_picked":["Sword Boomerang","Flex","Clash"],"picked":"SKIP","floor":18},{"not_picked":["Pummel","Searing Blow","Bloodletting"],"picked":"SKIP","floor":21}],"player_experience":1104722,"relics_obtained":[{"floor":8,"key":"Odd Mushroom"},{"floor":10,"key":"Dream Catcher"}],"event_choices":[{"damage_healed":0,"gold_gain":0,"player_choice":"Grow","damage_taken":0,"max_hp_gain":0,"max_hp_loss":0,"event_name":"Living Wall","floor":2,"gold_loss":0,"cards_upgraded":["Bash"]},{"damage_healed":0,"gold_gain":0,"player_choice":"Fought Mushrooms","damage_taken":0,"max_hp_gain":0,"max_hp_loss":0,"event_name":"Mushrooms","floor":8,"gold_loss":0},{"damage_healed":0,"gold_gain":75,"player_choice":"Gather Gold","damage_taken":11,"max_hp_gain":0,"max_hp_loss":0,"event_name":"World of Goop","floor":12,"gold_loss":0},{"damage_healed":0,"gold_gain":0,"player_choice":"Trade","damage_taken":0,"relics_obtained":["FaceOfCleric"],"max_hp_gain":0,"max_hp_loss":0,"event_name":"FaceTrader","floor":19,"gold_loss":0}],"is_beta":false,"boss_relics":[{"not_picked":["Orrery","Runic Dome"],"picked":"Fusion Hammer"}],"items_purged_floors":[20],"is_endless":false,"potions_floor_spawned":[1,3,7,11,16,18],"killed_by":"Book of Stabbing","ascension_level":20}