{"gold_per_floor":[115,130,141,158,5,5,25,59,59,9,9,37,54,54,54,154,154,165,182,182,196,40,75,75,75,122,96,106,106,124,157,157,157],"floor_reached":33,"playtime":1117,"items_purged":["Strike_R"],"score":322,"play_id":"39faaa5e-a45d-4cc7-b49f-4bb2a7b65def","local_time":"20190307160751","is_ascension_mode":false,"campfire_choices":[{"data":"Fiend Fire","floor":6.0,"key":"SMITH"},{"data":"Whirlwind","floor":11,"key":"SMITH"},{"data":"Inflame","floor":15,"key":"SMITH"},{"data":"True Grit","floor":24,"key":"SMITH"},{"floor":32,"key":"REST"}],"neow_cost":"TEN_PERCENT_HP_LOSS","seed_source_timestamp":80761618839555,"circlet_count":0,"master_deck":["Strike_R+1","Strike_R+1","Strike_R+1","Defend_R+1","Defend_R+1","Defend_R+1","Defend_R+1","Bash","Fiend Fire+1","Twin Strike","True Grit+1","Inflame+1","Metallicize","Shrug It Off","Whirlwind+1","Seeing Red","Impervious","Exhume","Intimidate+1","Inflame","Writhe","Clumsy","Heavy Blade","Shockwave"],"special_seed":0,"relics":["Burning Blood","Bottled Flame","Sundial","PreservedInsect","Du-Vu Doll","Cursed Key","Bag of Marbles","Champion Belt","Question Card","Boot","Happy Flower"],"potions_floor_usage":[16,16,23,33],"damage_taken":[{"damage":7.0,"enemies":"2 Louse","floor":1.0,"turns":3.0},{"damage":7.0,"enemies":"Small Slimes","floor":2.0,"turns":5.0},{"damage":1.0,"enemies":"Cultist","floor":3.0,"turns":3.0},{"damage":2.0,"enemies":"2 Fungi Beasts","floor":4.0,"turns":4.0},{"damage":8.0,"enemies":"Large Slime","floor":7.0,"turns":4.0},{"damage":1.0,"enemies":"3 Sentries","floor":8.0,"turns":12.0},{"damage":8,"enemies":"Gremlin Nob","floor":12,"turns":3},{"damage":7,"enemies":"Looter","floor":13,"turns":2},{"damage":65,"enemies":"Hexaghost","floor":16,"turns":12},{"damage":15,"enemies":"Spheric Guardian","floor":18,"turns":6},{"damage":32,"enemies":"2 Thieves","floor":19,"turns":4},{"damage":8,"enemies":"Centurion and Healer","floor":21,"turns":7},{"damage":11,"enemies":"Book of Stabbing","floor":23,"turns":3},{"damage":15,"enemies":"Snecko","floor":28,"turns":3},{"damage":12,"enemies":"Shelled Parasite and Fungi","floor":30,"turns":2},{"damage":0,"enemies":"Slavers","floor":31,"turns":1},{"damage":45,"enemies":"Automaton","floor":33,"turns":6}],"seed_played":"-5626362024430461119","potions_obtained":[{"floor":4.0,"key":"EssenceOfSteel"},{"floor":12,"key":"LiquidBronze"},{"floor":13,"key":"Dexterity Potion"},{"floor":16,"key":"PowerPotion"},{"floor":28,"key":"Energy Potion"},{"floor":30,"key":"GamblersBrew"}],"is_trial":false,"path_per_floor":["M","M","M","M","$","R","M","E","T","?","R","E","M","?","R","B",null,"M","M","$","M","$","E","R","?","T","$","M","?","M","E","R","B"],"character_chosen":"IRONCLAD","items_purchased":["Metallicize","Bag of Marbles","Heavy Blade"],"campfire_rested":1,"item_purchase_floors":[5,22,27],"current_hp_per_floor":[71,70,72,72,72,72,70,72,72,72,72,70,69,69,69,10,72,63,37,37,35,35,30,30,30,30,30,21,21,15,21,42,0],"gold":157,"neow_bonus":"THREE_RARE_CARDS","is_prod":false,"is_daily":false,"chose_seed":false,"campfire_upgraded":4,"win_rate":0,"timestamp":1551971271,"path_taken":["M","M","M","M","$","R","M","E","T","?","R","E","M","?","R","BOSS","M","M","$","M","?","E","R","?","T","$","M","?","M","E","R","BOSS"],"build_version":"2019-01-23","purchased_purges":1,"victory":false,"max_hp_per_floor":[72,72,72,72,72,72,72,72,72,72,72,72,72,72,72,72,72,72,72,72,72,72,72,72,72,72,72,72,72,72,72,72,72],"card_choices":[{"not_picked":["Brutality","Berserk"],"picked":"Fiend Fire","floor":0.0},{"not_picked":["Perfected Strike","Clash"],"picked":"Twin Strike","floor":1.0},{"not_picked":["Body Slam","Pummel","Perfected Strike"],"picked":"SKIP","floor":2.0},{"not_picked":["Armaments","Perfected Strike"],"picked":"True Grit","floor":3.0},{"not_picked":["Anger","Spot Weakness"],"picked":"Inflame","floor":4.0},{"not_picked":["Blood for Blood","Flex"],"picked":"Shrug It Off","floor":7.0},{"not_picked":["Spot Weakness","Headbutt"],"picked":"Whirlwind","floor":8},{"not_picked":["Havoc","Whirlwind"],"picked":"Seeing Red","floor":12},{"not_picked":["Fire Breathing","Headbutt"],"picked":"Impervious","floor":13},{"not_picked":["Dark Embrace","Bludgeon"],"picked":"Exhume","floor":16},{"not_picked":["Perfected Strike","Dual Wield+1","Warcry"],"picked":"SKIP","floor":18},{"not_picked":["Ghostly Armor","Body Slam"],"picked":"Intimidate+1","floor":19},{"not_picked":["Whirlwind","Perfected Strike+1"],"picked":"Inflame","floor":21},{"not_picked":["Infernal Blade","Headbutt","Twin Strike"],"picked":"SKIP","floor":23},{"not_picked":["Iron Wave","Body Slam","Infernal Blade","Anger"],"picked":"SKIP","floor":28},{"not_picked":["Thunderclap+1","Pommel Strike","Havoc+1","Anger+1"],"picked":"SKIP","floor":30},{"not_picked":["Anger","Berserk","Flex"],"picked":"Shockwave","floor":31}],"player_experience":923169,"relics_obtained":[{"floor":8,"key":"Bottled Flame"},{"floor":9,"key":"Sundial"},{"floor":12,"key":"PreservedInsect"},{"floor":14,"key":"Du-Vu Doll"},{"floor":23,"key":"Champion Belt"},{"floor":26,"key":"Boot"},{"floor":31,"key":"Happy Flower"}],"event_choices":[{"cards_removed":["Strike_R"],"damage_healed":0,"gold_gain":0,"player_choice":"Card Removal","damage_taken":0,"max_hp_gain":0,"max_hp_loss":0,"event_name":"The Cleric","floor":10,"gold_loss":50},{"damage_healed":0,"gold_gain":0,"player_choice":"Relic","damage_taken":0,"max_hp_gain":0,"max_hp_loss":0,"event_name":"Wheel of Change","floor":14,"gold_loss":0},{"damage_healed":0,"gold_gain":0,"player_choice":"Opened","damage_taken":0,"relics_obtained":["Question Card"],"max_hp_gain":0,"max_hp_loss":0,"event_name":"The Mausoleum","floor":25,"gold_loss":0,"cards_obtained":["Writhe"]},{"damage_healed":0,"gold_gain":0,"player_choice":"Simplicity","damage_taken":0,"max_hp_gain":0,"max_hp_loss":0,"event_name":"Back to Basics","floor":29,"gold_loss":0,"cards_upgraded":["Strike_R","Strike_R","Strike_R","Defend_R","Defend_R","Defend_R","Defend_R"]}],"is_beta":false,"boss_relics":[{"not_picked":["Black Blood","White Beast Statue"],"picked":"Cursed Key"}],"items_purged_floors":[5],"is_endless":false,"potions_floor_spawned":[4,12,13,16,28,30],"killed_by":"Automaton","ascension_level":0}