{"gold_per_floor":[217,217,367,377,27,56,56,56,56,67,122,136,136,166,166,166],"floor_reached":16,"playtime":613,"items_purged":["Doubt"],"score":200,"play_id":"2acfce2a-9417-43e6-9f84-74875d4c27e1","local_time":"20190317220744","is_ascension_mode":true,"campfire_choices":[{"floor":7,"key":"REST"},{"data":"Poisoned Stab","floor":13,"key":"SMITH"},{"data":"Corpse Explosion","floor":15,"key":"SMITH"}],"neow_cost":"NONE","seed_source_timestamp":447319669901617,"circlet_count":0,"master_deck":["AscendersBane","Defend_G","Defend_G","Defend_G","Defend_G","Defend_G","Strike_G","Strike_G","Strike_G","Strike_G","Strike_G","Survivor","Neutralize+1","Deadly Poison","Leg Sweep","Well Laid Plans","Poisoned Stab+1","Corpse Explosion+1"],"relics":["Ring of the Snake","Sling","Pen Nib","Question Card","Tiny Chest","PreservedInsect"],"potions_floor_usage":[6,16,16],"damage_taken":[{"damage":8,"enemies":"Small Slimes","floor":1,"turns":6},{"damage":2,"enemies":"2 Louse","floor":4,"turns":3},{"damage":22,"enemies":"3 Sentries","floor":6,"turns":13},{"damage":0,"enemies":"Jaw Worm","floor":10,"turns":5},{"damage":0,"enemies":"Blue Slaver","floor":12,"turns":5},{"damage":6,"enemies":"Gremlin Nob","floor":14,"turns":4},{"damage":42,"enemies":"Slime Boss","floor":16,"turns":7}],"seed_played":"-2513937439805597832","potions_obtained":[{"floor":6,"key":"Swift Potion"},{"floor":12,"key":"SkillPotion"}],"is_trial":false,"path_per_floor":["M","?","?","M","$","E","R","$","T","M","T","M","R","E","R","B"],"character_chosen":"THE_SILENT","items_purchased":["Sling","Block Potion"],"campfire_rested":1,"item_purchase_floors":[5,5],"current_hp_per_floor":[51,51,51,49,49,27,46,46,46,46,46,46,46,40,40,0],"gold":166,"neow_bonus":"HUNDRED_GOLD","is_prod":false,"is_daily":false,"chose_seed":false,"campfire_upgraded":2,"win_rate":0,"timestamp":1552874864,"path_taken":["M","?","?","M","$","E","R","?","T","M","?","M","R","E","R","BOSS"],"build_version":"2019-01-23","purchased_purges":1,"victory":false,"max_hp_per_floor":[66,66,66,66,66,66,66,66,66,66,66,66,66,66,66,66],"card_choices":[{"not_picked":["Prepared","Deflect"],"picked":"Deadly Poison","floor":1},{"not_picked":["Cloak And Dagger","Eviscerate","Setup"],"picked":"SKIP","floor":4},{"not_picked":["Bane","Caltrops"],"picked":"Leg Sweep","floor":6},{"not_picked":["Accuracy","Dagger Throw","Storm of Steel"],"picked":"Well Laid Plans","floor":10},{"not_picked":["Endless Agony","Dagger Spray","Quick Slash"],"picked":"Poisoned Stab","floor":12},{"not_picked":["Crippling Poison","Accuracy","Deflect"],"picked":"Corpse Explosion","floor":14}],"player_experience":578658,"relics_obtained":[{"floor":6,"key":"Pen Nib"},{"floor":9,"key":"Question Card"},{"floor":11,"key":"Tiny Chest"},{"floor":14,"key":"PreservedInsect"}],"event_choices":[{"damage_healed":0,"gold_gain":0,"player_choice":"Grow","damage_taken":0,"max_hp_gain":0,"max_hp_loss":0,"event_name":"Living Wall","floor":2,"gold_loss":0,"cards_upgraded":["Neutralize"]},{"damage_healed":0,"gold_gain":150,"player_choice":"AGREE","damage_taken":0,"max_hp_gain":0,"max_hp_loss":0,"event_name":"Liars Game","floor":3,"gold_loss":0,"cards_obtained":["Doubt"]}],"is_beta":false,"boss_relics":[],"items_purged_floors":[5],"is_endless":false,"potions_floor_spawned":[6,12],"killed_by":"Slime Boss","ascension_level":17}