{"gold_per_floor":[112,126,126,126,126,126,165,17,41,64,14,14,47,66,66,66],"floor_reached":16,"playtime":688,"items_purged":["Strike_B"],"score":200,"play_id":"7d5f5d89-9227-44eb-8e0d-e79fcfb0bef1","local_time":"20190311145736","is_ascension_mode":true,"campfire_choices":[{"data":"Zap","floor":6,"key":"SMITH"},{"data":"Seek","floor":12,"key":"SMITH"},{"data":"Genetic Algorithm","floor":15,"key":"SMITH"}],"neow_cost":"NONE","seed_source_timestamp":850360314409915,"circlet_count":0,"master_deck":["AscendersBane","Strike_B","Strike_B","Strike_B","Defend_B","Defend_B","Defend_B","Defend_B","Zap+1","Dualcast","Rip and Tear","Ball Lightning","Glacier","Seek+1","Coolheaded","Genetic Algorithm+1","Conserve Battery"],"relics":["Cracked Core","NeowsBlessing","Art of War","Golden Idol","Ancient Tea Set","Smiling Mask","PreservedInsect"],"potions_floor_usage":[13,16],"damage_taken":[{"damage":0,"enemies":"Cultist","floor":1,"turns":1},{"damage":0,"enemies":"2 Louse","floor":2,"turns":1},{"damage":0,"enemies":"Lagavulin","floor":7,"turns":1},{"damage":1,"enemies":"Jaw Worm","floor":10,"turns":2},{"damage":6,"enemies":"Gremlin Nob","floor":13,"turns":3},{"damage":13,"enemies":"Lots of Slimes","floor":14,"turns":4},{"damage":30,"enemies":"Hexaghost","floor":16,"turns":11}],"seed_played":"3815332401575008708","potions_obtained":[{"floor":1,"key":"Poison Potion"},{"floor":7,"key":"Explosive Potion"},{"floor":10,"key":"LiquidBronze"},{"floor":14,"key":"Fire Potion"}],"is_trial":false,"path_per_floor":["M","M","?","?","T","R","E","$","T","M","$","R","E","M","R","B"],"character_chosen":"DEFECT","items_purchased":["Seek"],"campfire_rested":0,"item_purchase_floors":[8],"current_hp_per_floor":[68,68,50,50,50,50,50,50,50,49,49,49,43,30,30,0],"gold":66,"neow_bonus":"THREE_ENEMY_KILL","is_prod":false,"is_daily":false,"chose_seed":false,"campfire_upgraded":3,"win_rate":0,"timestamp":1552330656,"path_taken":["M","M","?","?","?","R","E","$","T","M","$","R","E","M","R","BOSS"],"build_version":"2019-01-23","purchased_purges":1,"victory":false,"max_hp_per_floor":[75,75,75,69,69,69,69,69,69,69,69,69,69,69,69,69],"card_choices":[{"not_picked":["Loop","Beam Cell"],"picked":"Rip and Tear","floor":1},{"not_picked":["Redo","Compile Driver"],"picked":"Ball Lightning","floor":2},{"not_picked":["Stack","Tempest"],"picked":"Glacier","floor":7},{"not_picked":["Sweeping Beam","Steam"],"picked":"Coolheaded","floor":10},{"not_picked":["Streamline","Steam Power"],"picked":"Genetic Algorithm","floor":13},{"not_picked":["Chaos","Hologram"],"picked":"Conserve Battery","floor":14}],"player_experience":1804015,"relics_obtained":[{"floor":7,"key":"Ancient Tea Set"},{"floor":9,"key":"Smiling Mask"},{"floor":13,"key":"PreservedInsect"}],"event_choices":[{"damage_healed":0,"gold_gain":0,"player_choice":"Success","damage_taken":18,"relics_obtained":["Art of War"],"max_hp_gain":0,"max_hp_loss":0,"event_name":"Scrap Ooze","floor":3,"gold_loss":0},{"damage_healed":0,"gold_gain":0,"player_choice":"Lose Max HP","damage_taken":0,"relics_obtained":["Golden Idol"],"max_hp_gain":0,"max_hp_loss":6,"event_name":"Golden Idol","floor":4,"gold_loss":0}],"is_beta":false,"boss_relics":[],"items_purged_floors":[11],"is_endless":false,"potions_floor_spawned":[1,7,10,14],"killed_by":"Hexaghost","ascension_level":10}