{"gold_per_floor":[113,113,113,113,63,94,110,35,105,122,139,139,139,58,58,159,159,176,76,76,94,94,94,94,121,121,147,147,179,196,210,210,313,313,328,328,328,345,152,152,186,186,231,34,34,48,83,83,83,83],"floor_reached":50,"playtime":895,"items_purged":["Defend_B","Dualcast","Zap+1"],"score":743,"play_id":"fa56227e-0c9b-4136-819e-80adf60288c5","local_time":"20190209183939","is_ascension_mode":true,"campfire_choices":[{"floor":12,"key":"REST"},{"data":"Scrape","floor":15,"key":"SMITH"},{"data":"Seek","floor":24,"key":"SMITH"},{"data":"Gash","floor":28,"key":"SMITH"},{"floor":32,"key":"REST"},{"data":"Gash","floor":40,"key":"SMITH"},{"data":"Scrape","floor":42,"key":"SMITH"},{"floor":45,"key":"REST"},{"floor":49,"key":"RECALL"}],"neow_cost":"NONE","seed_source_timestamp":613300932268166,"circlet_count":0,"master_deck":["Gash+1","Scrape+1","Gash+1","Hologram+1","All For One+1","Seek+1","All For One+1","Meteor Strike+1","FTL+1","Turbo+1","Turbo+1","Gash+1","Gash+1","Reboot+1","Gash+1","Gash+1","Gash+1","Gash+1","Scrape+1","Gash+1"],"special_seed":0,"relics":["Shuriken","Boot","Blue Candle","Pandora\u0027s Box","Nloth\u0027s Gift","MutagenicStrength","Red Mask","Symbiotic Virus","Singing Bowl","Torii","Lizard Tail","Mark of the Bloom","Lantern","Whetstone","Lee\u0027s Waffle","Smiling Mask"],"potions_floor_usage":[16,50],"damage_taken":[{"damage":6.0,"enemies":"2 Louse","floor":1.0,"turns":3.0},{"damage":26.0,"enemies":"Lagavulin","floor":6.0,"turns":8.0},{"damage":2.0,"enemies":"Jaw Worm","floor":7.0,"turns":2.0},{"damage":0,"enemies":"Small Slimes","floor":10,"turns":2},{"damage":7,"enemies":"Exordium Wildlife","floor":11,"turns":3},{"damage":28,"enemies":"The Guardian","floor":16,"turns":7},{"damage":0,"enemies":"Spheric Guardian","floor":18,"turns":1},{"damage":12,"enemies":"Chosen","floor":21,"turns":2},{"damage":12,"enemies":"Masked Bandits","floor":25,"turns":2},{"damage":11,"enemies":"Slavers","floor":27,"turns":2},{"damage":10,"enemies":"Book of Stabbing","floor":29,"turns":2},{"damage":0,"enemies":"Centurion and Healer","floor":30,"turns":1},{"damage":0,"enemies":"Snake Plant","floor":31,"turns":2},{"damage":10,"enemies":"Champ","floor":33,"turns":3},{"damage":9,"enemies":"3 Darklings","floor":35,"turns":2},{"damage":0,"enemies":"Orb Walker","floor":38,"turns":1},{"damage":9,"enemies":"Giant Head","floor":41,"turns":3},{"damage":0,"enemies":"Spire Growth","floor":46,"turns":1},{"damage":0,"enemies":"Reptomancer","floor":47,"turns":2},{"damage":63,"enemies":"Time Eater","floor":50,"turns":3}],"seed_played":"-3235049719221506496","potions_obtained":[{"floor":6.0,"key":"GamblersBrew"},{"floor":7,"key":"AttackPotion"},{"floor":10,"key":"Fire Potion"},{"floor":18,"key":"SteroidPotion"}],"is_trial":false,"path_per_floor":["M","?","?","?","?","E","M","$","T","M","M","R","?","$","R","B",null,"M","$","?","M","?","?","R","?","T","E","R","E","M","M","R","B",null,"M","?","?","M","$","R","E","R","T","$","R","M","E","?","R","B"],"character_chosen":"DEFECT","items_purchased":["Echo Form","Scrape","Lee\u0027s Waffle"],"campfire_rested":3,"item_purchase_floors":[14,39,44],"current_hp_per_floor":[69,62,62,47,47,21,19,19,19,19,12,34,34,34,34,6,75,75,75,75,63,63,63,63,51,51,40,40,32,32,32,55,47,79,70,70,70,70,70,70,61,61,61,61,61,61,61,61,61,0],"gold":83,"neow_bonus":"REMOVE_CARD","is_prod":false,"is_daily":false,"chose_seed":false,"campfire_upgraded":5,"win_rate":0,"timestamp":1549737579,"path_taken":["M","?","?","?","?","E","?","?","T","M","M","R","?","$","R","BOSS","M","?","?","?","?","?","R","?","T","E","R","E","M","M","R","BOSS","M","?","?","M","$","R","E","R","T","$","R","M","E","?","R","BOSS"],"build_version":"2019-01-23","purchased_purges":3,"victory":false,"max_hp_per_floor":[75,75,75,75,75,75,75,75,75,75,75,75,75,75,75,75,75,75,75,75,75,75,75,75,75,75,75,75,77,77,77,77,79,79,79,79,79,79,79,79,81,81,81,88,88,88,90,92,92,92],"card_choices":[{"not_picked":["Turbo","Ball Lightning"],"picked":"Gash","floor":1.0},{"not_picked":["FTL","Turbo"],"picked":"Scrape","floor":6.0},{"not_picked":["Ball Lightning","FTL"],"picked":"Gash","floor":7},{"not_picked":["Turbo","Ball Lightning"],"picked":"Hologram","floor":10},{"not_picked":["Ball Lightning","Turbo","Hologram"],"picked":"SKIP","floor":11},{"not_picked":["Seek","Echo Form"],"picked":"All For One","floor":16},{"not_picked":["Ball Lightning+1","Hologram"],"picked":"Turbo+1","floor":18},{"not_picked":["FTL","Scrape"],"picked":"Gash","floor":21},{"not_picked":["FTL","Steam Power+1"],"picked":"Gash+1","floor":25},{"not_picked":["Seek","Hologram+1"],"picked":"Reboot","floor":27},{"not_picked":["Recycle","Hologram","Ball Lightning"],"picked":"Singing Bowl","floor":29},{"not_picked":["Ball Lightning+1","Hologram"],"picked":"Gash","floor":30},{"not_picked":["Hologram","All For One"],"picked":"Gash","floor":31},{"not_picked":["Reboot","All For One","Echo Form"],"picked":"Singing Bowl","floor":33},{"not_picked":["Turbo","Ball Lightning+1"],"picked":"Gash+1","floor":35},{"not_picked":["Ball Lightning","Turbo"],"picked":"Gash","floor":38},{"not_picked":["All For One","Ball Lightning","Turbo"],"picked":"Singing Bowl","floor":41},{"not_picked":["Echo Form","Hologram"],"picked":"Gash+1","floor":46},{"not_picked":["Hologram","All For One","Turbo+1"],"picked":"Singing Bowl","floor":47},{"not_picked":["Swift Strike","Secret Weapon","Enlightenment"],"picked":"Singing Bowl","floor":48}],"player_experience":528595,"relics_obtained":[{"floor":6.0,"key":"Boot"},{"floor":9,"key":"Blue Candle"},{"floor":25,"key":"Red Mask"},{"floor":26,"key":"Symbiotic Virus"},{"floor":27,"key":"Singing Bowl"},{"floor":29,"key":"Torii"},{"floor":41,"key":"Lantern"},{"floor":43,"key":"Whetstone"},{"floor":47,"key":"Smiling Mask"}],"event_choices":[{"damage_healed":0.0,"max_hp_gain":0.0,"max_hp_loss":0.0,"gold_gain":0.0,"event_name":"Scrap Ooze","player_choice":"Success","floor":2.0,"gold_loss":0.0,"damage_taken":7.0,"relics_obtained":["Shuriken"]},{"damage_healed":0.0,"max_hp_gain":0.0,"max_hp_loss":0.0,"gold_gain":0.0,"event_name":"Living Wall","player_choice":"Grow","floor":3.0,"gold_loss":0.0,"damage_taken":0.0,"cards_upgraded":["Gash"]},{"damage_healed":0.0,"max_hp_gain":0.0,"max_hp_loss":0.0,"gold_gain":0.0,"event_name":"Shining Light","player_choice":"Entered Light","floor":4.0,"gold_loss":0.0,"damage_taken":15.0,"cards_upgraded":["Defend_B","Zap"]},{"cards_removed":["Strike_B"],"damage_healed":0.0,"max_hp_gain":0.0,"max_hp_loss":0.0,"gold_gain":0.0,"event_name":"The Cleric","player_choice":"Card Removal","floor":5.0,"gold_loss":50.0,"damage_taken":0.0},{"damage_healed":0,"gold_gain":0,"player_choice":"Forge","damage_taken":0,"max_hp_gain":0,"max_hp_loss":0,"event_name":"Accursed Blacksmith","floor":13,"gold_loss":0,"cards_upgraded":["Gash"]},{"damage_healed":0,"gold_gain":0,"player_choice":"Traded Relic","damage_taken":0,"relics_obtained":["Nloth\u0027s Gift"],"max_hp_gain":0,"max_hp_loss":0,"event_name":"N\u0027loth","floor":20,"relics_lost":["Cracked Core"],"gold_loss":0},{"damage_healed":0,"gold_gain":0,"player_choice":"Ignored","damage_taken":0,"max_hp_gain":0,"max_hp_loss":0,"event_name":"Vampires","floor":22,"gold_loss":0},{"damage_healed":0,"gold_gain":0,"player_choice":"Inject Mutagens","damage_taken":0,"relics_obtained":["MutagenicStrength"],"max_hp_gain":0,"max_hp_loss":0,"event_name":"Drug Dealer","floor":23,"gold_loss":0},{"damage_healed":0,"gold_gain":0,"player_choice":"Fought Bandits","damage_taken":0,"max_hp_gain":0,"max_hp_loss":0,"event_name":"Masked Bandits","floor":25,"gold_loss":0},{"cards_removed":["Echo Form"],"damage_healed":0,"gold_gain":0,"player_choice":"Removed Power","damage_taken":0,"max_hp_gain":0,"max_hp_loss":0,"event_name":"Falling","floor":36,"gold_loss":0},{"damage_healed":0,"gold_gain":0,"player_choice":"Upgrade","damage_taken":0,"relics_obtained":["Mark of the Bloom"],"max_hp_gain":0,"max_hp_loss":0,"event_name":"MindBloom","floor":37,"gold_loss":0,"cards_upgraded":["Hologram","All For One","All For One","Meteor Strike","FTL","Turbo","Reboot","Gash","Gash"]},{"damage_healed":0,"gold_gain":0,"player_choice":"Memory 1","damage_taken":0,"max_hp_gain":0,"max_hp_loss":0,"event_name":"SensoryStone","floor":48,"gold_loss":0}],"is_beta":false,"boss_relics":[{"not_picked":["Ectoplasm","White Beast Statue"],"picked":"Pandora\u0027s Box"},{"not_picked":["Philosopher\u0027s Stone","Astrolabe"],"picked":"Lizard Tail"}],"items_purged_floors":[8,19,39],"is_endless":false,"potions_floor_spawned":[6,7,10,18,29,33,38,47],"killed_by":"Time Eater","ascension_level":4}