{"gold_per_floor":[117,131,75,89,107,107,134,134,158,174,174,192,210,229,229,304,304,314,314,330,18,32,32,32,60,60,74,87,87,87,105,105,182,182,195,207,307,323,339,339,357,357],"floor_reached":42,"playtime":3095,"items_purged":["Bite"],"score":813,"play_id":"d0a48890-db27-4bdb-83a1-12b068f76d46","local_time":"20190310222916","is_ascension_mode":true,"campfire_choices":[{"data":"Lockon","floor":6,"key":"SMITH"},{"data":"Static Discharge","floor":8,"key":"SMITH"},{"floor":15,"key":"REST"},{"data":"Buffer","floor":23,"key":"SMITH"},{"floor":32,"key":"REST"},{"floor":40,"key":"REST"}],"neow_cost":"NONE","seed_source_timestamp":37541746953245,"circlet_count":0,"master_deck":["AscendersBane","Defend_B","Defend_B","Defend_B","Defend_B","Zap+1","Dualcast","Coolheaded","Sweeping Beam","Lockon+1","Static Discharge+1","Seek","Doom and Gloom","Conserve Battery","Buffer+1","Bite","Bite","Bite","Coolheaded","Storm","White Noise","Electrodynamics","Capacitor","Tempest","Madness","Thunder Strike","Leap","Blizzard+1","Self Repair"],"relics":["Cracked Core","Bag of Preparation","Vajra","Snecko Eye","Bronze Scales","Potion Belt","Velvet Choker","Shovel"],"potions_floor_usage":[12,12,16,31,35,39,41],"damage_taken":[{"damage":1,"enemies":"2 Louse","floor":1,"turns":4},{"damage":5,"enemies":"Small Slimes","floor":2,"turns":4},{"damage":2,"enemies":"Jaw Worm","floor":4,"turns":4},{"damage":0,"enemies":"Exordium Wildlife","floor":5,"turns":3},{"damage":14,"enemies":"Lagavulin","floor":7,"turns":7},{"damage":2,"enemies":"Blue Slaver","floor":10,"turns":3},{"damage":15,"enemies":"Exordium Thugs","floor":12,"turns":2},{"damage":0,"enemies":"Red Slaver","floor":13,"turns":3},{"damage":2,"enemies":"Looter","floor":14,"turns":3},{"damage":18,"enemies":"Hexaghost","floor":16,"turns":6},{"damage":14,"enemies":"Shell Parasite","floor":18,"turns":4},{"damage":17,"enemies":"2 Thieves","floor":20,"turns":3},{"damage":5,"enemies":"Cultist and Chosen","floor":22,"turns":5},{"damage":22,"enemies":"Book of Stabbing","floor":25,"turns":4},{"damage":0,"enemies":"Centurion and Healer","floor":27,"turns":6},{"damage":0,"enemies":"Chosen and Byrds","floor":28,"turns":6},{"damage":24,"enemies":"Snake Plant","floor":31,"turns":3},{"damage":37,"enemies":"Collector","floor":33,"turns":8},{"damage":5,"enemies":"3 Darklings","floor":35,"turns":2},{"damage":2,"enemies":"3 Shapes","floor":36,"turns":3},{"damage":0,"enemies":"Mind Bloom Boss Battle","floor":37,"turns":8},{"damage":15,"enemies":"Jaw Worm Horde","floor":38,"turns":3},{"damage":6,"enemies":"4 Shapes","floor":39,"turns":2},{"damage":30,"enemies":"Maw","floor":41,"turns":7},{"damage":34,"enemies":"Transient","floor":42,"turns":6}],"seed_played":"332278225600373888","potions_obtained":[{"floor":5,"key":"GamblersBrew"},{"floor":13,"key":"Poison Potion"},{"floor":14,"key":"SkillPotion"},{"floor":18,"key":"Energy Potion"},{"floor":27,"key":"EssenceOfSteel"},{"floor":31,"key":"Dexterity Potion"},{"floor":38,"key":"PowerPotion"},{"floor":39,"key":"Swift Potion"},{"floor":41,"key":"AttackPotion"}],"is_trial":false,"path_per_floor":["M","M","$","M","M","R","E","R","T","M","?","M","M","M","R","B",null,"M","?","M","$","M","R","?","E","T","M","M","?","$","M","R","B",null,"M","M","?","M","M","R","M","M"],"character_chosen":"DEFECT","items_purchased":["AttackPotion","Storm","White Noise","GamblersBrew"],"campfire_rested":3,"item_purchase_floors":[3,21,21,21],"current_hp_per_floor":[63,58,58,56,56,56,42,42,42,40,33,18,18,16,37,19,58,44,44,35,35,32,32,42,24,24,36,49,49,49,27,41,14,40,35,33,35,24,18,32,15,0],"gold":357,"neow_bonus":"UPGRADE_CARD","is_prod":false,"is_daily":false,"chose_seed":false,"campfire_upgraded":3,"win_rate":0,"timestamp":1552271356,"path_taken":["M","M","$","M","M","R","E","R","T","M","?","M","M","M","R","BOSS","M","?","M","$","M","R","?","E","T","M","M","?","?","M","R","BOSS","M","M","?","M","M","R","M","M"],"build_version":"2019-01-23","purchased_purges":1,"victory":false,"max_hp_per_floor":[71,71,71,71,71,71,71,71,71,71,71,71,71,71,71,71,71,71,49,49,49,49,49,49,49,49,49,49,49,49,49,49,49,49,49,49,49,49,49,49,49,49],"card_choices":[{"not_picked":["Go for the Eyes","Auto Shields"],"picked":"Coolheaded","floor":1},{"not_picked":["Redo","Beam Cell"],"picked":"Sweeping Beam","floor":2},{"not_picked":["Scrape","Reinforced Body"],"picked":"Lockon","floor":4},{"not_picked":["Sweeping Beam","Lockon"],"picked":"Static Discharge","floor":5},{"not_picked":["Rebound","Sweeping Beam"],"picked":"Seek","floor":7},{"not_picked":["Lockon","Consume"],"picked":"Doom and Gloom","floor":10},{"not_picked":["Gash","Compile Driver"],"picked":"Conserve Battery","floor":12},{"not_picked":["Hologram","Cold Snap"],"picked":"Auto Shields","floor":13},{"not_picked":["Ball Lightning","Scrape","Redo"],"picked":"SKIP","floor":14},{"not_picked":["All For One","Fission"],"picked":"Buffer","floor":16},{"not_picked":["Barrage","Gash","Hologram"],"picked":"SKIP","floor":18},{"not_picked":["Self Repair","Aggregate"],"picked":"Coolheaded","floor":20},{"not_picked":["Steam","Turbo","Barrage+1"],"picked":"SKIP","floor":22},{"not_picked":["Coolheaded+1","Ball Lightning"],"picked":"Electrodynamics","floor":25},{"not_picked":["Leap","Cold Snap+1"],"picked":"Capacitor","floor":27},{"not_picked":["Sweeping Beam","Go for the Eyes","Tempest"],"picked":"SKIP","floor":28},{"not_picked":["Barrage","Streamline","Rebound"],"picked":"SKIP","floor":31},{"not_picked":["Electrodynamics","Rainbow"],"picked":"Thunder Strike","floor":33},{"not_picked":["Sweeping Beam","Redo"],"picked":"Leap","floor":35},{"not_picked":["Go for the Eyes","Sweeping Beam"],"picked":"Blizzard+1","floor":36},{"not_picked":["Hello World","Cold Snap","Compile Driver"],"picked":"SKIP","floor":38},{"not_picked":["Sunder","Cold Snap"],"picked":"Self Repair","floor":39},{"not_picked":["Seek","Capacitor","Compile Driver"],"picked":"SKIP","floor":41}],"player_experience":571555,"relics_obtained":[{"floor":7,"key":"Bag of Preparation"},{"floor":9,"key":"Vajra"},{"floor":25,"key":"Bronze Scales"},{"floor":26,"key":"Potion Belt"},{"floor":37,"key":"Shovel"}],"event_choices":[{"cards_removed":["Strike_B"],"damage_healed":0,"gold_gain":0,"player_choice":"Card Removal","damage_taken":7,"max_hp_gain":0,"max_hp_loss":0,"event_name":"Golden Wing","floor":11,"gold_loss":0},{"damage_healed":0,"gold_gain":0,"player_choice":"Became a vampire","damage_taken":0,"max_hp_gain":0,"max_hp_loss":22,"event_name":"Vampires","floor":19,"gold_loss":0,"cards_obtained":["Bite","Bite","Bite","Bite","Bite"]},{"damage_healed":10,"gold_gain":0,"player_choice":"Heal","damage_taken":0,"max_hp_gain":0,"max_hp_loss":0,"event_name":"The Library","floor":24,"gold_loss":0},{"damage_healed":0,"gold_gain":0,"cards_transformed":["Auto Shields","Bite"],"player_choice":"Became Test Subject","damage_taken":0,"max_hp_gain":0,"max_hp_loss":0,"event_name":"Drug Dealer","floor":29,"gold_loss":0,"cards_obtained":["Tempest","Madness"]},{"damage_healed":0,"gold_gain":0,"player_choice":"Fight","damage_taken":0,"max_hp_gain":0,"max_hp_loss":0,"event_name":"MindBloom","floor":37,"gold_loss":0}],"is_beta":false,"boss_relics":[{"not_picked":["Nuclear Battery","Philosopher\u0027s Stone"],"picked":"Snecko Eye"},{"not_picked":["Runic Pyramid","FrozenCore"],"picked":"Velvet Choker"}],"items_purged_floors":[21],"is_endless":false,"potions_floor_spawned":[5,10,13,14,18,25,27,31,38,39,41],"killed_by":"Transient","ascension_level":18}