{"gold_per_floor":[117,8,18,33,33,33,33,33,33,33,44,64,75,100,100,175,175,193,205,215,215],"floor_reached":21,"playtime":1119,"items_purged":[],"score":454,"play_id":"ad61034f-97b5-4f3d-98d2-51e87d7d821a","local_time":"20190322163515","is_ascension_mode":true,"campfire_choices":[{"floor":6.0,"key":"REST"},{"data":"Defragment","floor":8.0,"key":"SMITH"},{"data":"Dualcast","floor":10.0,"key":"SMITH"},{"floor":15,"key":"REST"}],"neow_cost":"NONE","seed_source_timestamp":0,"circlet_count":0,"master_deck":["AscendersBane","Strike_B","Strike_B","Strike_B","Strike_B","Defend_B","Defend_B","Defend_B","Defend_B","Zap","Dualcast+1","Cold Snap","Defragment+1","Cold Snap","Cold Snap","Glacier","Consume","Conserve Battery","Recycle","Loop","Buffer"],"special_seed":0,"relics":["Inserter","Mercury Hourglass","Bag of Marbles","Busted Crown"],"potions_floor_usage":[14,14,20],"damage_taken":[{"damage":18.0,"enemies":"Cultist","floor":1.0,"turns":5.0},{"damage":6.0,"enemies":"2 Louse","floor":3.0,"turns":4.0},{"damage":1.0,"enemies":"Small Slimes","floor":4.0,"turns":4.0},{"damage":0.0,"enemies":"2 Fungi Beasts","floor":11.0,"turns":3.0},{"damage":4.0,"enemies":"3 Louse","floor":12.0,"turns":4.0},{"damage":17.0,"enemies":"Exordium Wildlife","floor":13.0,"turns":6.0},{"damage":13,"enemies":"Gremlin Nob","floor":14,"turns":8},{"damage":0,"enemies":"Hexaghost","floor":16,"turns":15},{"damage":0,"enemies":"Chosen","floor":18,"turns":9},{"damage":17,"enemies":"3 Byrds","floor":19,"turns":6},{"damage":11,"enemies":"Snake Plant","floor":20,"turns":14},{"damage":39,"enemies":"3 Cultists","floor":21,"turns":4}],"seed_played":"-2785397823061963693","potions_obtained":[{"floor":1.0,"key":"AttackPotion"},{"floor":11.0,"key":"PowerPotion"},{"floor":19,"key":"PowerPotion"}],"is_trial":false,"path_per_floor":["M","$","M","M","$","R","?","R","T","R","M","M","M","E","R","B",null,"M","M","M","M"],"character_chosen":"DEFECT","items_purchased":["Defragment","Cold Snap"],"campfire_rested":2,"item_purchase_floors":[2,2],"current_hp_per_floor":[46,46,40,39,39,60,60,60,60,60,60,56,39,26,47,47,65,65,48,37,0],"gold":215,"neow_bonus":"BOSS_RELIC","is_prod":false,"is_daily":false,"chose_seed":false,"campfire_upgraded":2,"win_rate":0,"timestamp":1553265315,"path_taken":["M","$","M","M","$","R","?","R","T","R","?","M","M","E","R","BOSS","M","?","?","M"],"build_version":"2019-01-23","purchased_purges":0,"victory":false,"max_hp_per_floor":[71,71,71,71,71,71,71,71,71,71,71,71,71,71,71,71,71,71,71,71,71],"card_choices":[{"not_picked":["Loop","Gash"],"picked":"Cold Snap","floor":1.0},{"not_picked":["Barrage","Gash"],"picked":"Cold Snap","floor":3.0},{"not_picked":["Gash","Cold Snap"],"picked":"Glacier","floor":4.0},{"not_picked":["Gash","Heatsinks"],"picked":"Consume","floor":11.0},{"not_picked":["Rebound","Melter"],"picked":"Conserve Battery","floor":12.0},{"not_picked":["Force Field","Hologram"],"picked":"Recycle","floor":13},{"not_picked":["Undo","Stack"],"picked":"Loop","floor":14},{"not_picked":["Biased Cognition","Creative AI"],"picked":"Buffer","floor":16},{"not_picked":["Sweeping Beam"],"picked":"SKIP","floor":18},{"not_picked":["Scrape"],"picked":"SKIP","floor":19},{"not_picked":["Compile Driver"],"picked":"SKIP","floor":20}],"player_experience":814188,"relics_obtained":[{"floor":7.0,"key":"Mercury Hourglass"},{"floor":14,"key":"Bag of Marbles"}],"event_choices":[{"damage_healed":0.0,"max_hp_gain":0.0,"max_hp_loss":0.0,"gold_gain":0.0,"event_name":"Wheel of Change","player_choice":"Relic","floor":7.0,"gold_loss":0.0,"damage_taken":0.0}],"is_beta":false,"boss_relics":[{"not_picked":["Pandora\u0027s Box","Philosopher\u0027s Stone"],"picked":"Busted Crown"}],"items_purged_floors":[],"is_endless":false,"potions_floor_spawned":[1,11,12,19],"killed_by":"3 Cultists","ascension_level":19}