{"gold_per_floor":[109,109,34,46,59,59,59,2,70,89,102,119,119,150,150,150],"floor_reached":16,"playtime":395,"items_purged":["Strike_R"],"score":204,"play_id":"67699c48-3cb0-4bab-8d5f-c0cecf9484bd","local_time":"20190301194254","is_ascension_mode":true,"campfire_choices":[{"data":"Shockwave","floor":6.0,"key":"SMITH"},{"data":"Wild Strike","floor":13.0,"key":"SMITH"},{"data":"Fiend Fire","floor":15.0,"key":"SMITH"}],"neow_cost":"PERCENT_DAMAGE","seed_source_timestamp":109698323638245,"circlet_count":0,"master_deck":["AscendersBane","Strike_R","Strike_R","Defend_R","Defend_R","Defend_R","Defend_R","Bash","Disarm","Shockwave+1","Wild Strike+1","Sword Boomerang","True Grit","Headbutt","Fiend Fire+1"],"special_seed":0,"relics":["Burning Blood","Torii","Gremlin Horn","Sundial"],"potions_floor_usage":[16,16],"damage_taken":[{"damage":7.0,"enemies":"2 Louse","floor":1.0,"turns":3.0},{"damage":12.0,"enemies":"Cultist","floor":4.0,"turns":5.0},{"damage":2.0,"enemies":"Jaw Worm","floor":5.0,"turns":8.0},{"damage":9.0,"enemies":"Blue Slaver","floor":10.0,"turns":5.0},{"damage":9.0,"enemies":"Exordium Thugs","floor":11.0,"turns":5.0},{"damage":12.0,"enemies":"Red Slaver","floor":12.0,"turns":6.0},{"damage":9.0,"enemies":"Lagavulin","floor":14.0,"turns":4.0},{"damage":38,"enemies":"Slime Boss","floor":16,"turns":6}],"seed_played":"-6051738955494271137","potions_obtained":[{"floor":1.0,"key":"Weak Potion"},{"floor":5.0,"key":"Energy Potion"},{"floor":14.0,"key":"Strength Potion"}],"is_trial":false,"path_per_floor":["M","?","$","M","M","R","?","$","T","M","M","M","R","E","R","B"],"character_chosen":"IRONCLAD","items_purchased":["Sword Boomerang"],"campfire_rested":0,"item_purchase_floors":[8],"current_hp_per_floor":[49,49,49,43,47,47,47,47,47,44,41,35,35,32,32,0],"gold":150,"neow_bonus":"ONE_RARE_RELIC","is_prod":false,"is_daily":false,"chose_seed":false,"campfire_upgraded":3,"win_rate":0,"timestamp":1551469374,"path_taken":["M","?","$","M","?","R","?","$","T","M","M","M","R","E","R","BOSS"],"build_version":"2019-01-23","purchased_purges":1,"victory":false,"max_hp_per_floor":[75,75,75,75,75,75,75,75,75,75,75,75,75,75,75,75],"card_choices":[{"not_picked":["Shockwave","Dropkick"],"picked":"Disarm","floor":1.0},{"not_picked":["Dual Wield","True Grit"],"picked":"Shockwave","floor":4.0},{"not_picked":["Dropkick","Iron Wave"],"picked":"Wild Strike","floor":5.0},{"not_picked":["Berserk","Havoc"],"picked":"True Grit","floor":10.0},{"not_picked":["Armaments","Clothesline"],"picked":"Headbutt","floor":11.0},{"not_picked":["Searing Blow","Cleave","Headbutt"],"picked":"SKIP","floor":12.0},{"not_picked":["Headbutt","Seeing Red"],"picked":"Fiend Fire","floor":14.0}],"player_experience":543577,"relics_obtained":[{"floor":9.0,"key":"Gremlin Horn"},{"floor":14.0,"key":"Sundial"}],"event_choices":[{"cards_removed":["Strike_R"],"damage_healed":0.0,"max_hp_gain":0.0,"max_hp_loss":0.0,"gold_gain":0.0,"event_name":"Purifier","player_choice":"Purged","floor":2.0,"gold_loss":0.0,"damage_taken":0.0},{"cards_removed":["Strike_R"],"damage_healed":0.0,"max_hp_gain":0.0,"max_hp_loss":0.0,"gold_gain":0.0,"event_name":"Purifier","player_choice":"Purged","floor":7.0,"gold_loss":0.0,"damage_taken":0.0}],"is_beta":false,"boss_relics":[],"items_purged_floors":[3],"is_endless":false,"potions_floor_spawned":[1,5,11,14],"killed_by":"Slime Boss","ascension_level":20}