{"gold_per_floor":[111,129,144,159,38,38,52,85,85,85,85,85,85,85,85,181,181,198,198,198,198,17,44,69,69,95,121,132,167,167,12,12,112,112,130,54,54,54,82,116,116,145,145,178,205,205,205,218,218,218],"floor_reached":51,"playtime":1981,"items_purged":[],"score":1088,"play_id":"79c7998c-dc33-4c0c-b113-0e7e4a67d877","local_time":"20190317125116","daily_mods":["SealedDeck","Flight","DeadlyEvents"],"is_ascension_mode":false,"campfire_choices":[{"data":"Hologram","floor":6.0,"key":"SMITH"},{"data":"Echo Form","floor":10.0,"key":"SMITH"},{"data":"White Noise","floor":12.0,"key":"SMITH"},{"data":"Reinforced Body","floor":15.0,"key":"SMITH"},{"data":"Genetic Algorithm","floor":25.0,"key":"SMITH"},{"data":"Hologram","floor":30.0,"key":"SMITH"},{"data":"Hologram","floor":32.0,"key":"SMITH"},{"data":"Seek","floor":41,"key":"SMITH"},{"data":"Streamline","floor":47,"key":"SMITH"},{"data":"Go for the Eyes","floor":49,"key":"SMITH"}],"neow_cost":"","seed_source_timestamp":0,"circlet_count":0,"master_deck":["FTL","Gash","Gash","Gash","BootSequence","Beam Cell","Hologram+1","Go for the Eyes+1","Gash","Coolheaded","Chill","Conserve Battery","White Noise+1","Reinforced Body+1","Hologram+1","Echo Form+1","Self Repair","Streamline+1","Genetic Algorithm+1","Go for the Eyes+1","Chill","Hologram+1","Seek+1","All For One+1","Loop+1","All For One+1","Gash+1","Scrape+1","Gash"],"special_seed":0,"relics":["FrozenCore","Pen Nib","Mercury Hourglass","Runic Pyramid","Anchor","Blue Candle","Sundial","DataDisk","Ancient Tea Set","Letter Opener","Oddly Smooth Stone","Centennial Puzzle","Bronze Scales","Potion Belt","Ornamental Fan","Whetstone","Du-Vu Doll","Mummified Hand"],"potions_floor_usage":[],"damage_taken":[{"damage":0.0,"enemies":"Cultist","floor":1.0,"turns":2.0},{"damage":0.0,"enemies":"2 Louse","floor":2.0,"turns":2.0},{"damage":0.0,"enemies":"Small Slimes","floor":3.0,"turns":2.0},{"damage":1.0,"enemies":"2 Fungi Beasts","floor":4.0,"turns":2.0},{"damage":0.0,"enemies":"Exordium Thugs","floor":7.0,"turns":3.0},{"damage":0.0,"enemies":"3 Sentries","floor":8.0,"turns":7.0},{"damage":15.0,"enemies":"Hexaghost","floor":16.0,"turns":6.0},{"damage":0.0,"enemies":"Chosen","floor":18.0,"turns":3.0},{"damage":13.0,"enemies":"Slavers","floor":23.0,"turns":4.0},{"damage":0.0,"enemies":"Gremlin Leader","floor":24.0,"turns":6.0},{"damage":15.0,"enemies":"Slavers","floor":27.0,"turns":5.0},{"damage":0.0,"enemies":"Shell Parasite","floor":28.0,"turns":4.0},{"damage":6.0,"enemies":"Book of Stabbing","floor":29.0,"turns":4.0},{"damage":9.0,"enemies":"Champ","floor":33.0,"turns":7.0},{"damage":0.0,"enemies":"3 Shapes","floor":35.0,"turns":4.0},{"damage":0,"enemies":"Giant Head","floor":39,"turns":6},{"damage":38,"enemies":"Reptomancer","floor":40,"turns":4},{"damage":0,"enemies":"Nemesis","floor":42,"turns":5},{"damage":0,"enemies":"Giant Head","floor":44,"turns":6},{"damage":0,"enemies":"Reptomancer","floor":45,"turns":5},{"damage":0,"enemies":"3 Darklings","floor":48,"turns":4},{"damage":0,"enemies":"Awakened One","floor":50,"turns":7}],"seed_played":"5368262104318494382","potions_obtained":[{"floor":1.0,"key":"Weak Potion"},{"floor":2.0,"key":"FocusPotion"},{"floor":8.0,"key":"Fire Potion"},{"floor":24.0,"key":"LiquidBronze"},{"floor":29.0,"key":"Fruit Juice"},{"floor":40,"key":"Block Potion"},{"floor":48,"key":"Energy Potion"}],"is_trial":true,"path_per_floor":["M","M","M","M","$","R","M","E","T","R","$","R","$","$","R","B",null,"M","?","?","$","$","E","E","R","T","E","M","E","R","$","R","B",null,"M","$","?","?","E","E","R","E","T","E","E","$","R","M","R","B",null],"character_chosen":"DEFECT","items_purchased":["Reinforced Body","Hologram","Genetic Algorithm","Anchor","Oddly Smooth Stone","All For One"],"campfire_rested":0,"item_purchase_floors":[5,5,22,22,31,36],"current_hp_per_floor":[75,75,75,74,74,74,74,74,74,74,74,74,74,74,74,59,75,75,75,85,85,85,85,85,85,85,77,84,85,85,85,85,88,90,90,90,85,85,85,54,54,68,68,82,85,85,85,85,85,85],"gold":218,"neow_bonus":"","is_prod":false,"is_daily":false,"chose_seed":false,"campfire_upgraded":10,"win_rate":0,"timestamp":1552823476,"path_taken":["M","M","M","M","?","R","M","E","T","R","$","R","$","$","R","BOSS","M","?","?","$","$","E","E","R","T","E","M","?","R","?","R","BOSS","M","$","?","?","?","E","R","E","T","E","E","?","R","?","R","BOSS"],"build_version":"2019-01-23","purchased_purges":0,"victory":true,"max_hp_per_floor":[75,75,75,75,75,75,75,75,75,75,75,75,75,75,75,75,75,75,75,85,85,85,85,85,85,85,85,85,85,85,85,85,90,90,90,90,85,85,85,85,85,85,85,85,85,85,85,85,85,85],"card_choices":[{"not_picked":["Turbo","Rebound"],"picked":"Coolheaded","floor":1.0},{"not_picked":["Gash","Skim"],"picked":"Chill","floor":2.0},{"not_picked":["Cold Snap","Beam Cell"],"picked":"Conserve Battery","floor":3.0},{"not_picked":["Static Discharge","Cold Snap"],"picked":"White Noise","floor":4.0},{"not_picked":["Loop","Coolheaded","Reprogram"],"picked":"SKIP","floor":7.0},{"not_picked":["Scrape","Conserve Battery"],"picked":"Echo Form","floor":8.0},{"not_picked":["Fission","Multi-Cast"],"picked":"Hyperbeam","floor":16.0},{"not_picked":["Sweeping Beam","Beam Cell"],"picked":"Self Repair","floor":18.0},{"not_picked":["Conserve Battery","Turbo+1"],"picked":"Go for the Eyes+1","floor":23.0},{"not_picked":["Blizzard","Conserve Battery"],"picked":"Chill","floor":24.0},{"not_picked":["Rebound","Buffer"],"picked":"Hologram","floor":27.0},{"not_picked":["Compile Driver","Force Field","Skim"],"picked":"SKIP","floor":28.0},{"not_picked":["Steam","Lockon"],"picked":"Seek","floor":29.0},{"not_picked":["Electrodynamics","Reboot"],"picked":"All For One","floor":33.0},{"not_picked":["Chill","Leap+1"],"picked":"Loop+1","floor":35.0},{"not_picked":["Static Discharge+1","Scrape"],"picked":"Gash+1","floor":39},{"not_picked":["Genetic Algorithm","Lockon","Undo"],"picked":"SKIP","floor":40},{"not_picked":["Rebound+1","Creative AI","Lockon"],"picked":"SKIP","floor":42},{"not_picked":["Sunder+1","Genetic Algorithm+1"],"picked":"Scrape+1","floor":44},{"not_picked":["Doom and Gloom+1","Ball Lightning","Storm"],"picked":"SKIP","floor":45},{"not_picked":["Ball Lightning","Blizzard"],"picked":"Gash","floor":48}],"player_experience":1040453,"relics_obtained":[{"floor":8.0,"key":"Pen Nib"},{"floor":9.0,"key":"Mercury Hourglass"},{"floor":23.0,"key":"Blue Candle"},{"floor":24.0,"key":"Sundial"},{"floor":26.0,"key":"DataDisk"},{"floor":27.0,"key":"Ancient Tea Set"},{"floor":29.0,"key":"Letter Opener"},{"floor":39,"key":"Bronze Scales"},{"floor":40,"key":"Potion Belt"},{"floor":42,"key":"Ornamental Fan"},{"floor":43,"key":"Whetstone"},{"floor":44,"key":"Du-Vu Doll"},{"floor":45,"key":"Mummified Hand"}],"event_choices":[{"damage_healed":0.0,"max_hp_gain":0.0,"max_hp_loss":0.0,"gold_gain":0.0,"event_name":"The Library","player_choice":"Read","floor":19.0,"gold_loss":0.0,"damage_taken":0.0,"cards_obtained":["Streamline"]},{"cards_removed":["Hyperbeam"],"damage_healed":0.0,"max_hp_gain":10.0,"max_hp_loss":0.0,"gold_gain":0.0,"event_name":"Bonfire Elementals","player_choice":"Offered Rare","floor":20.0,"gold_loss":0.0,"damage_taken":0.0},{"damage_healed":0.0,"max_hp_gain":0.0,"max_hp_loss":5.0,"gold_gain":0.0,"event_name":"Winding Halls","player_choice":"Max HP","floor":37.0,"gold_loss":0.0,"damage_taken":0.0},{"cards_removed":["Go for the Eyes"],"damage_healed":0.0,"max_hp_gain":0.0,"max_hp_loss":0.0,"gold_gain":0.0,"event_name":"WeMeetAgain","player_choice":"Gave Card","floor":38.0,"gold_loss":0.0,"damage_taken":0.0,"relics_obtained":["Centennial Puzzle"]}],"is_beta":false,"boss_relics":[{"not_picked":["Astrolabe","Calling Bell"],"picked":"Runic Pyramid"},{"not_picked":["Tiny House","Empty Cage"],"picked":"FrozenCore"}],"items_purged_floors":[],"is_endless":false,"potions_floor_spawned":[1,2,8,24,29,40,48],"ascension_level":0}