{"gold_per_floor":[119,119,269,269,286,286,313,325,383,410,437,483,20,35,35,111,111,129,143,92,142,42,42,68,68,68,68,84,84,84,101,101,101],"floor_reached":33,"playtime":920,"items_purged":["Doubt","Strike_R"],"score":581,"play_id":"1aec22cf-bf10-45fa-adf6-898a96b20122","local_time":"20190324124945","is_ascension_mode":true,"campfire_choices":[{"data":"Feed","floor":6.0,"key":"SMITH"},{"data":"Immolate","floor":8.0,"key":"SMITH"},{"data":"Apotheosis","floor":15.0,"key":"SMITH"},{"data":"Whirlwind","floor":23.0,"key":"SMITH"},{"data":"True Grit","floor":25.0,"key":"SMITH"},{"data":"Barricade","floor":27.0,"key":"SMITH"},{"data":"Evolve","floor":29.0,"key":"SMITH"},{"floor":32,"key":"REST"}],"neow_cost":"NONE","seed_source_timestamp":350836397148648,"circlet_count":0,"master_deck":["AscendersBane","Strike_R+1","Strike_R+1","Strike_R+1","Strike_R+1","Defend_R+1","Defend_R+1","Defend_R+1","Defend_R+1","Bash","Flame Barrier","Feed+1","Immolate+1","Evolve+1","Shrug It Off","Apotheosis+1","Power Through","Pommel Strike","Trip","True Grit+1","Barricade+1","Whirlwind+1","Headbutt"],"special_seed":0,"relics":["Burning Blood","NeowsBlessing","MawBank","Pen Nib","Mummified Hand","Philosopher\u0027s Stone","Thread and Needle","Bronze Scales"],"potions_floor_usage":[31,33],"damage_taken":[{"damage":0.0,"enemies":"Jaw Worm","floor":1.0,"turns":1.0},{"damage":0.0,"enemies":"2 Louse","floor":5.0,"turns":1.0},{"damage":0.0,"enemies":"Lagavulin","floor":7.0,"turns":1.0},{"damage":0.0,"enemies":"Small Slimes","floor":10.0,"turns":1.0},{"damage":16.0,"enemies":"Exordium Thugs","floor":11.0,"turns":4.0},{"damage":9.0,"enemies":"3 Sentries","floor":12.0,"turns":5.0},{"damage":19.0,"enemies":"3 Louse","floor":14.0,"turns":3.0},{"damage":18.0,"enemies":"The Guardian","floor":16.0,"turns":9.0},{"damage":20.0,"enemies":"Shell Parasite","floor":18.0,"turns":5.0},{"damage":4.0,"enemies":"3 Byrds","floor":19.0,"turns":6.0},{"damage":43.0,"enemies":"Slavers","floor":24.0,"turns":4.0},{"damage":26.0,"enemies":"3 Cultists","floor":28.0,"turns":4.0},{"damage":0,"enemies":"Cultist and Chosen","floor":31,"turns":2},{"damage":91,"enemies":"Champ","floor":33,"turns":13}],"seed_played":"5248960815197425927","potions_obtained":[{"floor":7.0,"key":"Strength Potion"},{"floor":11.0,"key":"Explosive Potion"},{"floor":12.0,"key":"Fire Potion"},{"floor":16.0,"key":"GamblersBrew"},{"floor":18.0,"key":"FearPotion"},{"floor":31,"key":"Regen Potion"}],"is_trial":false,"path_per_floor":["M","?","?","?","M","R","E","R","T","M","M","E","$","M","R","B",null,"M","M","$","?","$","R","E","R","T","R","M","R","?","M","R","B"],"character_chosen":"IRONCLAD","items_purchased":["Apotheosis","Power Through","Pommel Strike","Trip","Headbutt"],"campfire_rested":1,"item_purchase_floors":[13,13,13,13,20],"current_hp_per_floor":[74,51,51,56,62,62,68,68,68,74,64,65,65,52,52,40,73,59,65,65,65,65,65,32,32,32,32,12,12,12,18,45,0],"gold":101,"neow_bonus":"THREE_ENEMY_KILL","is_prod":false,"is_daily":false,"chose_seed":false,"campfire_upgraded":7,"win_rate":0,"timestamp":1553428185,"path_taken":["M","?","?","?","?","R","E","R","T","M","M","E","$","M","R","BOSS","M","M","$","?","$","R","E","R","T","R","?","R","?","M","R","BOSS"],"build_version":"2019-01-23","purchased_purges":2,"victory":false,"max_hp_per_floor":[75,75,75,80,80,80,80,80,80,80,80,84,84,84,84,84,84,84,88,88,88,88,88,92,92,92,92,92,92,92,92,92,92],"card_choices":[{"not_picked":["Body Slam","Shockwave"],"picked":"Flame Barrier","floor":1.0},{"not_picked":["Pommel Strike","True Grit"],"picked":"Feed","floor":5.0},{"not_picked":["Entrench","Power Through"],"picked":"Immolate","floor":7.0},{"not_picked":["Twin Strike","Sever Soul"],"picked":"Evolve","floor":10.0},{"not_picked":["Intimidate","Shockwave"],"picked":"Shrug It Off","floor":11.0},{"not_picked":["Seeing Red","Havoc","Headbutt"],"picked":"SKIP","floor":12.0},{"not_picked":["Disarm","Headbutt"],"picked":"True Grit","floor":14.0},{"not_picked":["Offering","Double Tap"],"picked":"Barricade","floor":16.0},{"not_picked":["Twin Strike","Shrug It Off"],"picked":"Whirlwind","floor":18.0},{"not_picked":["Corruption","Clash","Anger+1"],"picked":"SKIP","floor":19.0},{"not_picked":["Rampage","Clothesline","Armaments"],"picked":"SKIP","floor":24.0},{"not_picked":["Carnage","Bloodletting+1","Cleave+1"],"picked":"SKIP","floor":28.0},{"not_picked":["Blood for Blood","Rage","Bludgeon"],"picked":"SKIP","floor":31}],"player_experience":1100716,"relics_obtained":[{"floor":7.0,"key":"MawBank"},{"floor":9.0,"key":"Pen Nib"},{"floor":12.0,"key":"Mummified Hand"},{"floor":24.0,"key":"Thread and Needle"},{"floor":26.0,"key":"Bronze Scales"}],"event_choices":[{"damage_healed":0.0,"max_hp_gain":0.0,"max_hp_loss":0.0,"gold_gain":0.0,"event_name":"Shining Light","player_choice":"Entered Light","floor":2.0,"gold_loss":0.0,"damage_taken":23.0,"cards_upgraded":["Defend_R","Strike_R"]},{"damage_healed":0.0,"max_hp_gain":0.0,"max_hp_loss":0.0,"gold_gain":150.0,"event_name":"Liars Game","player_choice":"AGREE","floor":3.0,"gold_loss":0.0,"damage_taken":0.0,"cards_obtained":["Doubt"]},{"damage_healed":0.0,"max_hp_gain":5.0,"max_hp_loss":0.0,"gold_gain":0.0,"event_name":"Big Fish","player_choice":"Donut","floor":4.0,"gold_loss":0.0,"damage_taken":0.0},{"damage_healed":0.0,"max_hp_gain":0.0,"max_hp_loss":0.0,"gold_gain":100.0,"event_name":"The Joust","player_choice":"Bet on Murderer","floor":21.0,"gold_loss":50.0,"damage_taken":0.0},{"damage_healed":0.0,"max_hp_gain":0.0,"max_hp_loss":0.0,"gold_gain":0.0,"event_name":"Back to Basics","player_choice":"Simplicity","floor":30.0,"gold_loss":0.0,"damage_taken":0.0,"cards_upgraded":["Strike_R","Strike_R","Strike_R","Defend_R","Defend_R","Defend_R"]}],"is_beta":false,"boss_relics":[{"not_picked":["Cursed Key","Pandora\u0027s Box"],"picked":"Philosopher\u0027s Stone"}],"items_purged_floors":[13,22],"is_endless":false,"potions_floor_spawned":[7,11,12,14,16,18,31],"killed_by":"Champ","ascension_level":19}