{"gold_per_floor":[113,130,130,150,4,34,51,33,33,33,66,66,66,84,84,182,182,200,217,217,14,27,56,56,146,146,146,27,54,54,383,413,513,513,530,543,27,27,38,38,38,38,62,91,29,29,57,19,19,19],"floor_reached":51,"playtime":1817,"items_purged":["Doubt","Survivor"],"score":1117,"play_id":"8492b03f-e33e-4165-9e97-8190a7267bee","local_time":"20190317121629","daily_mods":["Vintage","Heirloom","Elite Swarm"],"is_ascension_mode":false,"campfire_choices":[{"data":"Riddle With Holes","floor":10,"key":"SMITH"},{"data":"Burst","floor":12,"key":"SMITH"},{"floor":15,"key":"DIG"},{"data":"After Image","floor":24,"key":"SMITH"},{"data":"Accuracy","floor":27,"key":"SMITH"},{"data":"Footwork","floor":30,"key":"SMITH"},{"floor":32,"key":"DIG"},{"data":"Envenom","floor":40,"key":"SMITH"},{"data":"Adrenaline","floor":42,"key":"SMITH"},{"data":"Burst","floor":46,"key":"SMITH"},{"floor":49,"key":"DIG"}],"neow_cost":"","seed_source_timestamp":0,"circlet_count":0,"master_deck":["Defend_G+1","Defend_G+1","Defend_G+1","Defend_G+1","Defend_G+1","Strike_G+1","Strike_G+1","Strike_G+1","Strike_G+1","Strike_G+1","Neutralize+1","Well Laid Plans","Accuracy+1","Riddle With Holes+1","Corpse Explosion","Cloak And Dagger+1","Burst+1","Malaise","After Image+1","Footwork+1","Die Die Die+1","Adrenaline+1","Infinite Blades+1","PiercingWail+1","Envenom+1","Infinite Blades","Infinite Blades","Injury","Normality","Burst+1","Infinite Blades"],"special_seed":0,"relics":["Ring of the Snake","Calipers","Matryoshka","The Courier","Pen Nib","Ninja Scroll","Ancient Tea Set","Boot","Darkstone Periapt","Shovel","WingedGreaves","Pear","Cursed Key","Oddly Smooth Stone","Art of War","Kunai","Happy Flower","Blue Candle","Lantern","Pantograph","Ornamental Fan","Old Coin","Tiny Chest","Orrery","Smiling Mask","PreservedInsect","Whetstone","Vajra","StoneCalendar","Strawberry","Dream Catcher","Meat on the Bone","MawBank","Bottled Tornado"],"potions_floor_usage":[11,16,16,19,23,50,50,50],"damage_taken":[{"damage":1.0,"enemies":"Cultist","floor":1.0,"turns":5.0},{"damage":3.0,"enemies":"Small Slimes","floor":2.0,"turns":4.0},{"damage":0.0,"enemies":"2 Louse","floor":4.0,"turns":3.0},{"damage":26,"enemies":"Gremlin Nob","floor":6,"turns":5},{"damage":5,"enemies":"2 Fungi Beasts","floor":7,"turns":3},{"damage":0,"enemies":"3 Sentries","floor":11,"turns":4},{"damage":0,"enemies":"Looter","floor":14,"turns":2},{"damage":6,"enemies":"Hexaghost","floor":16,"turns":7},{"damage":3,"enemies":"Shell Parasite","floor":18,"turns":4},{"damage":4,"enemies":"Spheric Guardian","floor":19,"turns":4},{"damage":0,"enemies":"Cultist and Chosen","floor":22,"turns":4},{"damage":0,"enemies":"Book of Stabbing","floor":23,"turns":4},{"damage":0,"enemies":"Gremlin Leader","floor":29,"turns":7},{"damage":0,"enemies":"Slavers","floor":31,"turns":2},{"damage":0,"enemies":"Collector","floor":33,"turns":9},{"damage":0,"enemies":"3 Darklings","floor":35,"turns":3},{"damage":0,"enemies":"Orb Walker","floor":36,"turns":3},{"damage":0,"enemies":"3 Darklings","floor":39,"turns":4},{"damage":0,"enemies":"Nemesis","floor":44,"turns":5},{"damage":8,"enemies":"Reptomancer","floor":47,"turns":5},{"damage":68,"enemies":"Time Eater","floor":50,"turns":12}],"seed_played":"3424547516056392733","potions_obtained":[{"floor":1.0,"key":"Fruit Juice"},{"floor":6,"key":"Fire Potion"},{"floor":7,"key":"Poison Potion"},{"floor":11,"key":"AttackPotion"},{"floor":16,"key":"Block Potion"},{"floor":19,"key":"SteroidPotion"},{"floor":23,"key":"Fire Potion"},{"floor":36,"key":"Ancient Potion"}],"is_trial":true,"path_per_floor":["M","M","?","M","$","E","M","$","T","R","E","R","?","M","R","B",null,"M","M","?","$","M","E","R","?","T","R","$","E","R","E","R","B",null,"M","M","$","T","M","R","?","R","T","E","$","R","E","$","R","B",null],"character_chosen":"THE_SILENT","items_purchased":["Well Laid Plans","Accuracy","Riddle With Holes","Cloak And Dagger","Kunai","Footwork","Envenom","Infinite Blades","Infinite Blades","Whetstone","Vajra","Block Potion","Infinite Blades"],"campfire_rested":0,"item_purchase_floors":[5,5,5,8,21,28,37,37,37,37,37,37,45],"current_hp_per_floor":[69,71,71,71,71,45,40,40,40,40,40,40,40,40,50,44,85,82,78,78,78,78,78,78,62,68,68,68,68,68,68,68,91,91,91,91,91,97,104,104,104,104,110,110,110,110,102,102,102,54],"gold":19,"neow_bonus":"","is_prod":false,"is_daily":false,"chose_seed":false,"campfire_upgraded":8,"win_rate":0,"timestamp":1552821389,"path_taken":["M","M","?","M","$","E","?","$","T","R","E","R","?","M","R","BOSS","M","M","?","$","M","E","R","?","T","R","$","E","R","E","R","BOSS","M","M","$","?","M","R","?","R","T","E","$","R","E","$","R","BOSS"],"build_version":"2019-01-23","purchased_purges":2,"victory":true,"max_hp_per_floor":[70,75,75,75,75,75,75,75,75,75,75,75,75,75,85,85,85,85,85,85,85,85,85,85,85,91,91,91,91,91,91,91,91,91,91,91,91,97,104,104,104,104,110,110,110,110,110,110,110,110],"card_choices":[{"not_picked":["Phantasmal Killer","Die Die Die"],"picked":"Corpse Explosion","floor":6},{"not_picked":["Unload","Grand Finale"],"picked":"Burst","floor":11},{"not_picked":["Venomology","Burst"],"picked":"Malaise","floor":16},{"not_picked":["Adrenaline","Venomology"],"picked":"After Image","floor":23},{"not_picked":["Glass Knife","Wraith Form v2"],"picked":"Die Die Die","floor":29},{"not_picked":["Storm of Steel","Corpse Explosion","Glass Knife"],"picked":"SKIP","floor":31},{"not_picked":["Burst","Venomology"],"picked":"Adrenaline","floor":33},{"not_picked":["Dagger Spray+1","Dodge and Roll+1"],"picked":"Infinite Blades+1","floor":34},{"not_picked":["Tactician","Quick Slash"],"picked":"PiercingWail+1","floor":34},{"not_picked":["Night Terror","Tools of the Trade"],"picked":"Burst","floor":44},{"not_picked":["Grand Finale","Storm of Steel","Night Terror"],"picked":"SKIP","floor":47}],"player_experience":1038636,"relics_obtained":[{"floor":1.0,"key":"Matryoshka"},{"floor":2.0,"key":"The Courier"},{"floor":4.0,"key":"Pen Nib"},{"floor":6,"key":"Ninja Scroll"},{"floor":7,"key":"Ancient Tea Set"},{"floor":9,"key":"Boot"},{"floor":9,"key":"Darkstone Periapt"},{"floor":11,"key":"Shovel"},{"floor":14,"key":"WingedGreaves"},{"floor":15,"key":"Pear"},{"floor":18,"key":"Oddly Smooth Stone"},{"floor":19,"key":"Art of War"},{"floor":22,"key":"Happy Flower"},{"floor":23,"key":"Blue Candle"},{"floor":26,"key":"Lantern"},{"floor":26,"key":"Pantograph"},{"floor":29,"key":"Ornamental Fan"},{"floor":31,"key":"Old Coin"},{"floor":32,"key":"Tiny Chest"},{"floor":35,"key":"Smiling Mask"},{"floor":36,"key":"PreservedInsect"},{"floor":38,"key":"StoneCalendar"},{"floor":39,"key":"Strawberry"},{"floor":43,"key":"Dream Catcher"},{"floor":44,"key":"Meat on the Bone"},{"floor":47,"key":"MawBank"},{"floor":49,"key":"Bottled Tornado"}],"event_choices":[{"damage_healed":0.0,"max_hp_gain":0.0,"max_hp_loss":0.0,"gold_gain":0.0,"event_name":"Upgrade Shrine","player_choice":"Upgraded","floor":3.0,"gold_loss":0.0,"damage_taken":0.0,"cards_upgraded":["Neutralize"]},{"damage_healed":0,"gold_gain":0,"player_choice":"Grow","damage_taken":0,"max_hp_gain":0,"max_hp_loss":0,"event_name":"Living Wall","floor":13,"gold_loss":0,"cards_upgraded":["Cloak And Dagger"]},{"damage_healed":0,"gold_gain":0,"player_choice":"Simplicity","damage_taken":0,"max_hp_gain":0,"max_hp_loss":0,"event_name":"Back to Basics","floor":20,"gold_loss":0,"cards_upgraded":["Defend_G","Defend_G","Defend_G","Defend_G","Defend_G","Strike_G","Strike_G","Strike_G","Strike_G","Strike_G"]},{"damage_healed":0,"gold_gain":90,"player_choice":"GOLD ","damage_taken":16,"max_hp_gain":0,"max_hp_loss":0,"event_name":"Knowing Skull","floor":25,"potions_obtained":[],"gold_loss":0,"cards_obtained":[]},{"damage_healed":0,"gold_gain":0,"player_choice":"Memory 1","damage_taken":0,"max_hp_gain":0,"max_hp_loss":0,"event_name":"SensoryStone","floor":41,"gold_loss":0}],"is_beta":false,"boss_relics":[{"not_picked":["Runic Dome","Lizard Tail"],"picked":"Cursed Key"},{"not_picked":["Velvet Choker","Astrolabe"],"picked":"Orrery"}],"items_purged_floors":[28,48],"is_endless":false,"potions_floor_spawned":[1,6,7,11,16,19,23,36],"ascension_level":0}