{"gold_per_floor":[110,123,123,137,137,137,201,282,333,333],"floor_reached":10,"playtime":637,"items_purged":[],"score":106,"play_id":"67ab7f94-3105-457e-a9a9-fa519938666e","local_time":"20190319232955","is_ascension_mode":true,"campfire_choices":[{"data":"Zap","floor":6,"key":"SMITH"}],"neow_cost":"NONE","seed_source_timestamp":504211825452763,"circlet_count":0,"master_deck":["AscendersBane","Strike_B","Strike_B","Strike_B","Strike_B","Defend_B","Defend_B","Defend_B","Defend_B","Zap+1","Dualcast","Compile Driver","Rip and Tear","Ball Lightning","Machine Learning","Barrage"],"relics":["Cracked Core","PreservedInsect","Golden Idol","Tiny Chest","DataDisk","Ancient Tea Set"],"potions_floor_usage":[8],"damage_taken":[{"damage":4,"enemies":"Jaw Worm","floor":1,"turns":4},{"damage":7,"enemies":"2 Louse","floor":2,"turns":3},{"damage":4,"enemies":"Small Slimes","floor":4,"turns":3},{"damage":15,"enemies":"3 Sentries","floor":7,"turns":6},{"damage":35,"enemies":"3 Sentries","floor":8,"turns":5},{"damage":20,"enemies":"Lagavulin","floor":10,"turns":4}],"seed_played":"8118429656723090786","potions_obtained":[{"floor":7,"key":"PowerPotion"}],"is_trial":false,"path_per_floor":["M","M","?","M","?","R","E","?","T","E"],"character_chosen":"DEFECT","items_purchased":[],"campfire_rested":0,"item_purchase_floors":[],"current_hp_per_floor":[64,57,57,53,58,58,43,8,8,0],"gold":333,"neow_bonus":"RANDOM_COMMON_RELIC","is_prod":false,"is_daily":false,"chose_seed":false,"campfire_upgraded":1,"win_rate":0,"timestamp":1553052595,"path_taken":["M","M","?","M","?","R","E","?","T","E"],"build_version":"2019-01-23","purchased_purges":0,"victory":false,"max_hp_per_floor":[75,75,69,69,74,74,74,74,74,74],"card_choices":[{"not_picked":["Streamline","Redo"],"picked":"Compile Driver","floor":1},{"not_picked":["Conserve Battery","Glacier"],"picked":"Rip and Tear","floor":2},{"not_picked":["Gash","Sweeping Beam"],"picked":"Ball Lightning","floor":4},{"not_picked":["Turbo","Stack"],"picked":"Machine Learning","floor":7},{"not_picked":["Go for the Eyes","Force Field"],"picked":"Barrage","floor":8}],"player_experience":1945677,"relics_obtained":[{"floor":7,"key":"Tiny Chest"},{"floor":8,"key":"DataDisk"},{"floor":9,"key":"Ancient Tea Set"}],"event_choices":[{"damage_healed":0,"gold_gain":0,"player_choice":"Lose Max HP","damage_taken":0,"relics_obtained":["Golden Idol"],"max_hp_gain":0,"max_hp_loss":6,"event_name":"Golden Idol","floor":3,"gold_loss":0},{"damage_healed":0,"gold_gain":0,"player_choice":"Donut","damage_taken":0,"max_hp_gain":5,"max_hp_loss":0,"event_name":"Big Fish","floor":5,"gold_loss":0},{"damage_healed":0,"gold_gain":0,"player_choice":"Searched \u00272\u0027 times","damage_taken":0,"max_hp_gain":0,"max_hp_loss":0,"event_name":"Dead Adventurer","floor":8,"gold_loss":0}],"is_beta":false,"boss_relics":[],"items_purged_floors":[],"is_endless":false,"potions_floor_spawned":[7],"killed_by":"Lagavulin","ascension_level":12}