{"gold_per_floor":[109,128,141,151,170,197,197,159,186,198,217,217,237,267,267,371,371,339,132,132,145,145,178,188,188,188,221,221,233,244,196,196,301,301,320,420,84,101,115,115,140,140,140,158,192,192,206,239,239,239],"floor_reached":51,"playtime":6833,"items_purged":["Writhe"],"score":883,"play_id":"789ab943-c502-40a6-854d-35e413cf27b7","local_time":"20190131144223","is_ascension_mode":true,"campfire_choices":[{"data":"Flame Barrier","floor":7,"key":"SMITH"},{"data":"Limit Break","floor":12,"key":"SMITH"},{"data":"Intimidate","floor":15,"key":"SMITH"},{"data":"Barricade","floor":25,"key":"SMITH"},{"floor":32,"key":"REST"},{"data":"Armaments","floor":40,"key":"SMITH"},{"data":"Entrench","floor":42,"key":"SMITH"},{"data":"True Grit","floor":46,"key":"SMITH"},{"data":"Warcry","floor":49,"key":"SMITH"}],"neow_cost":"NONE","seed_source_timestamp":11670539208309,"circlet_count":0,"master_deck":["Strike_R","Strike_R","Strike_R","Strike_R","Strike_R","Defend_R","Defend_R","Defend_R","Defend_R","Bash","Spot Weakness","Metallicize","Feel No Pain+1","Warcry","Barricade+1","Flame Barrier+1","Intimidate+1","Reckless Charge","Limit Break+1","Battle Trance","Impervious","Disarm","Dual Wield+1","Body Slam","Entrench+1","Armaments+1","Warcry+1","Reaper","Heavy Blade+1","Shrug It Off+1","True Grit+1","Shrug It Off+1","Headbutt+1","Body Slam+1"],"relics":["Burning Blood","Dream Catcher","Lantern","Boot","Sozu","Toolbox","Anchor","PreservedInsect","Pantograph","Matryoshka","Eternal Feather","Calipers","Bottled Tornado","Happy Flower","Blood Vial","Question Card","Molten Egg 2","Juzu Bracelet"],"potions_floor_usage":[6,6,6,16,16],"damage_taken":[{"damage":5,"enemies":"Cultist","floor":1,"turns":4},{"damage":4,"enemies":"2 Louse","floor":2,"turns":3},{"damage":6,"enemies":"Small Slimes","floor":3,"turns":4},{"damage":10,"enemies":"Red Slaver","floor":4,"turns":5},{"damage":15,"enemies":"Looter","floor":5,"turns":4},{"damage":0,"enemies":"Lagavulin","floor":6,"turns":13},{"damage":0,"enemies":"3 Louse","floor":10,"turns":3},{"damage":2,"enemies":"2 Fungi Beasts","floor":11,"turns":4},{"damage":7,"enemies":"Looter","floor":13,"turns":3},{"damage":20,"enemies":"3 Sentries","floor":14,"turns":9},{"damage":21,"enemies":"The Guardian","floor":16,"turns":8},{"damage":9,"enemies":"2 Thieves","floor":18,"turns":5},{"damage":12,"enemies":"Spheric Guardian","floor":21,"turns":7},{"damage":0,"enemies":"Book of Stabbing","floor":23,"turns":6},{"damage":9,"enemies":"Snake Plant","floor":24,"turns":8},{"damage":24,"enemies":"Slavers","floor":27,"turns":5},{"damage":0,"enemies":"Chosen and Byrds","floor":29,"turns":7},{"damage":23,"enemies":"Snecko","floor":30,"turns":7},{"damage":59,"enemies":"Automaton","floor":33,"turns":12},{"damage":23,"enemies":"3 Shapes","floor":35,"turns":14},{"damage":7,"enemies":"Mind Bloom Boss Battle","floor":36,"turns":10},{"damage":0,"enemies":"Orb Walker","floor":38,"turns":5},{"damage":0,"enemies":"4 Shapes","floor":39,"turns":9},{"damage":44,"enemies":"Nemesis","floor":41,"turns":12},{"damage":0,"enemies":"Writhing Mass","floor":44,"turns":7},{"damage":49,"enemies":"Reptomancer","floor":45,"turns":7},{"damage":0,"enemies":"Maw","floor":47,"turns":8},{"damage":3,"enemies":"Giant Head","floor":48,"turns":9},{"damage":47,"enemies":"Time Eater","floor":50,"turns":18}],"seed_played":"-6873943446426100181","potions_obtained":[{"floor":1,"key":"EssenceOfSteel"},{"floor":2,"key":"SkillPotion"},{"floor":3,"key":"Strength Potion"},{"floor":13,"key":"Strength Potion"},{"floor":14,"key":"Strength Potion"}],"is_trial":false,"path_per_floor":["M","M","?","?","?","?"],"character_chosen":"IRONCLAD","items_purchased":["Intimidate","Toolbox","Armaments","Bottled Tornado"],"campfire_rested":1,"item_purchase_floors":[8,19,31,37],"current_hp_per_floor":[80,80,80,76,67,73,73,73,73,79,80,80,79,65,65,50,80,77,77,61,55,55,61,58,58,58,40,40,46,29,29,53,25,80,80,79,79,80,80,80,42,60,60,80,47,65,80,80,80,44],"gold":239,"neow_bonus":"THREE_CARDS","is_prod":false,"is_daily":false,"chose_seed":false,"campfire_upgraded":8,"win_rate":0,"timestamp":1548963743,"path_taken":["M","M","?","M","M","E","R","$","T","?","M","R","M","E","R","BOSS","M","$","?","M","?","E","M","R","T","E","?","M","M","$","R","BOSS","M","?","$","M","M","R","E","R","T","M","E","R","M","E","R","BOSS"],"build_version":"2019-01-23","purchased_purges":1,"victory":true,"max_hp_per_floor":[80,80,80,80,80,80,80,80,80,80,80,80,80,80,80,80,80,80,80,80,80,80,80,80,80,80,80,80,80,80,80,80,80,80,80,80,80,80,80,80,80,80,80,80,80,80,80,80,80,80],"card_choices":[{"not_picked":["Cleave","Iron Wave"],"picked":"Spot Weakness","floor":0},{"not_picked":["Corruption","True Grit"],"picked":"Metallicize","floor":1},{"not_picked":["Iron Wave","Burning Pact"],"picked":"Feel No Pain","floor":2},{"not_picked":["Thunderclap","Clash","Wild Strike"],"picked":"SKIP","floor":3},{"not_picked":["Sword Boomerang","Flex"],"picked":"Warcry","floor":4},{"not_picked":["Clash","Cleave"],"picked":"Barricade","floor":5},{"not_picked":["Sword Boomerang","Cleave"],"picked":"Flame Barrier","floor":6},{"not_picked":["Hemokinesis","Clash"],"picked":"Reckless Charge","floor":10},{"not_picked":["Flex","Hemokinesis"],"picked":"Limit Break","floor":11},{"not_picked":["Entrench","Headbutt"],"picked":"Battle Trance","floor":13},{"not_picked":["Cleave","Perfected Strike","Intimidate"],"picked":"SKIP","floor":14},{"not_picked":["Offering","Double Tap"],"picked":"Impervious","floor":16},{"not_picked":["Cleave+1","Iron Wave","Sever Soul"],"picked":"SKIP","floor":18},{"not_picked":["Flex+1","Thunderclap"],"picked":"Disarm","floor":21},{"not_picked":["Reckless Charge+1","Carnage"],"picked":"Dual Wield+1","floor":23},{"not_picked":["Fire Breathing","Entrench"],"picked":"Body Slam","floor":24},{"not_picked":["Headbutt","Iron Wave","Perfected Strike+1"],"picked":"SKIP","floor":27},{"not_picked":["Flex","Dropkick"],"picked":"Entrench","floor":29},{"not_picked":["Iron Wave","Body Slam","Flex+1"],"picked":"SKIP","floor":30},{"not_picked":["Sword Boomerang+1","Immolate"],"picked":"Warcry","floor":32},{"not_picked":["Limit Break","Dark Embrace"],"picked":"Reaper","floor":33},{"not_picked":["Infernal Blade+1","Anger+1","Twin Strike+1"],"picked":"SKIP","floor":35},{"not_picked":["Iron Wave+1","Cleave"],"picked":"Heavy Blade+1","floor":38},{"not_picked":["Perfected Strike","Havoc+1","Rupture"],"picked":"SKIP","floor":39},{"not_picked":["Wild Strike","Anger+1"],"picked":"Shrug It Off+1","floor":41},{"not_picked":["Barricade","Sentinel","Headbutt"],"picked":"True Grit","floor":44},{"not_picked":["Cleave+1","Pommel Strike+1","Twin Strike"],"picked":"Shrug It Off+1","floor":45},{"not_picked":["Power Through","Second Wind+1","Anger+1"],"picked":"Headbutt+1","floor":47},{"not_picked":["Headbutt+1","Armaments+1","Whirlwind+1"],"picked":"Body Slam+1","floor":48}],"player_experience":21226,"relics_obtained":[{"floor":6,"key":"Dream Catcher"},{"floor":9,"key":"Lantern"},{"floor":14,"key":"Boot"},{"floor":23,"key":"PreservedInsect"},{"floor":26,"key":"Pantograph"},{"floor":27,"key":"Matryoshka"},{"floor":36,"key":"Calipers"},{"floor":41,"key":"Happy Flower"},{"floor":43,"key":"Blood Vial"},{"floor":43,"key":"Question Card"},{"floor":45,"key":"Molten Egg 2"},{"floor":48,"key":"Juzu Bracelet"}],"event_choices":[{"damage_healed":0,"gold_gain":0,"player_choice":"Obtained Book","damage_taken":16,"max_hp_gain":0,"max_hp_loss":0,"event_name":"Cursed Tome","floor":20,"gold_loss":0},{"damage_healed":0,"gold_gain":0,"player_choice":"Opened","damage_taken":0,"relics_obtained":["Anchor"],"max_hp_gain":0,"max_hp_loss":0,"event_name":"The Mausoleum","floor":22,"gold_loss":0,"cards_obtained":["Writhe"]},{"damage_healed":0,"gold_gain":0,"player_choice":"Forge","damage_taken":0,"max_hp_gain":0,"max_hp_loss":0,"event_name":"Accursed Blacksmith","floor":28,"gold_loss":0,"cards_upgraded":["Feel No Pain"]},{"damage_healed":0,"gold_gain":0,"player_choice":"Fight","damage_taken":0,"max_hp_gain":0,"max_hp_loss":0,"event_name":"MindBloom","floor":36,"gold_loss":0}],"is_beta":false,"boss_relics":[{"not_picked":["Empty Cage","Tiny House"],"picked":"Sozu"},{"not_picked":["Black Blood","Calling Bell"],"picked":"Eternal Feather"}],"items_purged_floors":[37],"is_endless":false,"potions_floor_spawned":[1,2,3,5,13,14,23,29,30,41,44,48],"ascension_level":1}