{"gold_per_floor":[116,81,61,75,86,120,145,174,174,174,59,74,74,74,74,171,171,187,102,121,71,71,103,103,129,129,129,29,43,54,65,65,170,170,189,202,202,202,227,259,259,259,259,25,41,74,51,5,5,5],"floor_reached":51,"playtime":1937,"items_purged":["Flechettes","Dagger Throw"],"score":914,"play_id":"ab6be98c-9ade-4c20-befc-3f9fd473226d","local_time":"20190318113859","daily_mods":["SealedDeck","Vintage","Heirloom","Flight","DeadlyEvents","Elite Swarm"],"is_ascension_mode":false,"campfire_choices":[{"data":"Footwork","floor":10,"key":"SMITH"},{"data":"Noxious Fumes","floor":13,"key":"SMITH"},{"floor":15,"key":"REST"},{"data":"Infinite Blades","floor":24,"key":"SMITH"},{"data":"Wraith Form v2","floor":27,"key":"SMITH"},{"data":"Burst","floor":32,"key":"SMITH"},{"data":"Wraith Form v2","floor":41,"key":"SMITH"},{"data":"Adrenaline","floor":42,"key":"SMITH"},{"data":"Blade Dance","floor":49,"key":"SMITH"}],"neow_cost":"","seed_source_timestamp":0,"circlet_count":0,"master_deck":["Sucker Punch","PiercingWail","Backstab","Escape Plan","PiercingWail","Deadly Poison","Noxious Fumes+1","Footwork+1","Wraith Form v2+1","Corpse Explosion","Burst+1","Infinite Blades+1","Adrenaline+1","Backflip","Wraith Form v2+1","Glass Knife+1","Panache+1","Footwork+1","Blade Dance+1","Blade Dance"],"relics":["Ring of the Snake","Mango","Ornamental Fan","Gremlin Horn","Singing Bowl","Regal Pillow","Bird Faced Urn","Molten Egg 2","Kunai","Bottled Flame","Sozu","Paper Crane","Snake Skull","Pear","MutagenicStrength","Boot","Bottled Tornado","Matryoshka","Ancient Tea Set","Frozen Egg 2","Bag of Preparation","Mummified Hand","Darkstone Periapt","Blood Vial","Torii","Omamori","Bottled Lightning","Anchor","Sundial"],"potions_floor_usage":[6,8,16,23],"damage_taken":[{"damage":5,"enemies":"Jaw Worm","floor":1,"turns":2},{"damage":0,"enemies":"Cultist","floor":4,"turns":2},{"damage":6,"enemies":"2 Louse","floor":5,"turns":2},{"damage":4,"enemies":"Gremlin Nob","floor":6,"turns":3},{"damage":38,"enemies":"3 Sentries","floor":7,"turns":6},{"damage":19,"enemies":"Lagavulin","floor":8,"turns":5},{"damage":8,"enemies":"Large Slime","floor":12,"turns":6},{"damage":21,"enemies":"Slime Boss","floor":16,"turns":6},{"damage":0,"enemies":"3 Byrds","floor":18,"turns":2},{"damage":0,"enemies":"Shell Parasite","floor":20,"turns":3},{"damage":27,"enemies":"Slavers","floor":23,"turns":2},{"damage":6,"enemies":"Book of Stabbing","floor":25,"turns":5},{"damage":0,"enemies":"3 Cultists","floor":29,"turns":3},{"damage":0,"enemies":"Snake Plant","floor":30,"turns":3},{"damage":0,"enemies":"Centurion and Healer","floor":31,"turns":4},{"damage":16,"enemies":"Champ","floor":33,"turns":9},{"damage":0,"enemies":"3 Shapes","floor":35,"turns":1},{"damage":1,"enemies":"Orb Walker","floor":36,"turns":3},{"damage":0,"enemies":"Giant Head","floor":39,"turns":7},{"damage":12,"enemies":"Reptomancer","floor":40,"turns":5},{"damage":0,"enemies":"3 Darklings","floor":45,"turns":2},{"damage":15,"enemies":"Nemesis","floor":46,"turns":5},{"damage":25,"enemies":"Donu and Deca","floor":50,"turns":4}],"seed_played":"-4237338317037163322","potions_obtained":[{"floor":1,"key":"AttackPotion"},{"floor":3,"key":"Swift Potion"},{"floor":6,"key":"Ancient Potion"},{"floor":7,"key":"GhostInAJar"}],"is_trial":true,"path_per_floor":["M","$","?","M","M","E","E","E","T","R","$","M","R","$","R","B",null,"M","?","M","$","?","E","R","E","T","R","$","M","M","M","R","B",null,"M","M","?","?","E","E","R","R","T","$","M","E","$","$","R","B",null],"character_chosen":"THE_SILENT","items_purchased":["Footwork","Infinite Blades","Backflip","Panache+1","Footwork+1","Blade Dance","Blade Dance"],"campfire_rested":1,"item_purchase_floors":[2,11,21,44,44,47,48],"current_hp_per_floor":[79,79,79,79,73,69,31,18,18,18,18,16,16,16,56,41,84,84,84,94,94,94,73,73,75,75,75,75,79,85,91,91,82,98,98,97,97,93,95,85,85,85,85,85,95,84,84,84,84,71],"gold":5,"neow_bonus":"","is_prod":false,"is_daily":false,"chose_seed":false,"campfire_upgraded":8,"win_rate":0,"timestamp":1552905539,"path_taken":["M","$","?","M","?","E","E","E","T","R","$","M","R","$","R","BOSS","M","?","M","$","?","E","R","E","T","R","$","M","M","M","R","BOSS","M","M","?","?","?","E","R","R","T","$","M","E","$","$","R","BOSS"],"build_version":"2019-01-23","purchased_purges":2,"victory":true,"max_hp_per_floor":[84,84,84,84,84,84,84,84,84,84,84,84,84,84,84,84,84,84,84,94,94,94,96,96,96,96,96,96,96,96,96,96,98,98,98,98,98,93,95,95,95,95,95,95,95,97,97,97,97,97],"card_choices":[{"not_picked":["After Image","Grand Finale"],"picked":"Wraith Form v2","floor":6},{"not_picked":["Storm of Steel","Night Terror"],"picked":"Corpse Explosion","floor":7},{"not_picked":["Grand Finale","Envenom"],"picked":"Burst","floor":8},{"not_picked":["After Image","Wraith Form v2"],"picked":"Adrenaline","floor":16},{"not_picked":["Tools of the Trade","Doppelganger","Phantasmal Killer"],"picked":"Singing Bowl","floor":23},{"not_picked":["Corpse Explosion","Unload+1"],"picked":"Wraith Form v2","floor":25},{"not_picked":["Doppelganger","Malaise","Venomology"],"picked":"Singing Bowl","floor":33},{"not_picked":["Burst","Die Die Die+1","Doppelganger"],"picked":"Singing Bowl","floor":39},{"not_picked":["Bullet Time","Doppelganger"],"picked":"Glass Knife+1","floor":40},{"not_picked":["Venomology","Corpse Explosion","Bullet Time"],"picked":"Singing Bowl","floor":46}],"player_experience":1061762,"relics_obtained":[{"floor":1,"key":"Ornamental Fan"},{"floor":4,"key":"Gremlin Horn"},{"floor":5,"key":"Singing Bowl"},{"floor":6,"key":"Regal Pillow"},{"floor":7,"key":"Bird Faced Urn"},{"floor":8,"key":"Molten Egg 2"},{"floor":9,"key":"Kunai"},{"floor":12,"key":"Bottled Flame"},{"floor":18,"key":"Paper Crane"},{"floor":20,"key":"Pear"},{"floor":23,"key":"Boot"},{"floor":25,"key":"Bottled Tornado"},{"floor":26,"key":"Matryoshka"},{"floor":29,"key":"Ancient Tea Set"},{"floor":30,"key":"Frozen Egg 2"},{"floor":31,"key":"Bag of Preparation"},{"floor":35,"key":"Mummified Hand"},{"floor":36,"key":"Darkstone Periapt"},{"floor":39,"key":"Blood Vial"},{"floor":40,"key":"Torii"},{"floor":43,"key":"Omamori"},{"floor":43,"key":"Bottled Lightning"},{"floor":45,"key":"Anchor"},{"floor":46,"key":"Sundial"}],"event_choices":[{"damage_healed":0,"gold_gain":0,"player_choice":"Bought 1 Potion","damage_taken":0,"max_hp_gain":0,"max_hp_loss":0,"event_name":"The Woman in Blue","floor":3,"gold_loss":0},{"damage_healed":0,"gold_gain":0,"player_choice":"Obtained Relic","damage_taken":0,"relics_obtained":["Snake Skull"],"max_hp_gain":0,"max_hp_loss":0,"event_name":"Addict","floor":19,"gold_loss":85},{"damage_healed":0,"gold_gain":0,"player_choice":"Inject Mutagens","damage_taken":0,"relics_obtained":["MutagenicStrength"],"max_hp_gain":0,"max_hp_loss":0,"event_name":"Drug Dealer","floor":22,"gold_loss":0},{"cards_removed":["Bane"],"damage_healed":0,"gold_gain":0,"player_choice":"Removed Attack","damage_taken":0,"max_hp_gain":0,"max_hp_loss":0,"event_name":"Falling","floor":37,"gold_loss":0},{"damage_healed":0,"gold_gain":0,"player_choice":"Max HP","damage_taken":0,"max_hp_gain":0,"max_hp_loss":5,"event_name":"Winding Halls","floor":38,"gold_loss":0}],"is_beta":false,"boss_relics":[{"not_picked":["HoveringKite","Tiny House"],"picked":"Sozu"},{"not_picked":["Runic Dome","Snecko Eye","Cursed Key"]}],"items_purged_floors":[11,28],"is_endless":false,"potions_floor_spawned":[1,6,7,18,23,30,31,35,39],"ascension_level":0}