{"gold_per_floor":[118,83,83,93,93,124,27,60,86,98,98,110,128,161,161,237,237,189,28,46,58,58,58],"floor_reached":23,"playtime":1351,"items_purged":[],"score":411,"play_id":"49989635-bfc2-4688-b2d7-5f4a8027739b","local_time":"20190317224522","is_ascension_mode":true,"campfire_choices":[{"data":"Bash","floor":11,"key":"SMITH"},{"floor":15,"key":"REST"}],"neow_cost":"NONE","seed_source_timestamp":448782744706710,"circlet_count":0,"master_deck":["AscendersBane","Strike_R+1","Strike_R+1","Strike_R+1","Strike_R+1","Strike_R+1","Defend_R+1","Defend_R+1","Defend_R+1","Defend_R+1","Bash+1","Demon Form","Battle Trance","Feel No Pain","Twin Strike","Warcry","Body Slam","Corruption","Havoc","Whirlwind","Flame Barrier","Burning Pact","Infernal Blade"],"special_seed":0,"relics":["Burning Blood","Orichalcum","Dream Catcher","Juzu Bracelet","Question Card","Philosopher\u0027s Stone"],"potions_floor_usage":[8,8,14,14,16,20,21],"damage_taken":[{"damage":7.0,"enemies":"Small Slimes","floor":1.0,"turns":5.0},{"damage":19.0,"enemies":"Jaw Worm","floor":4.0,"turns":4.0},{"damage":20.0,"enemies":"Lagavulin","floor":6.0,"turns":5.0},{"damage":14,"enemies":"Gremlin Nob","floor":8,"turns":4},{"damage":5,"enemies":"2 Louse","floor":10,"turns":4},{"damage":15,"enemies":"Lots of Slimes","floor":12,"turns":6},{"damage":11,"enemies":"Large Slime","floor":13,"turns":7},{"damage":13,"enemies":"Lagavulin","floor":14,"turns":6},{"damage":40,"enemies":"The Guardian","floor":16,"turns":10},{"damage":41,"enemies":"2 Thieves","floor":18,"turns":5},{"damage":15,"enemies":"Spheric Guardian","floor":20,"turns":5},{"damage":21,"enemies":"Centurion and Healer","floor":21,"turns":6},{"damage":24,"enemies":"Gremlin Leader","floor":23,"turns":6}],"seed_played":"-796247991401326706","potions_obtained":[{"floor":1.0,"key":"Weak Potion"},{"floor":4.0,"key":"SteroidPotion"},{"floor":10,"key":"FearPotion"},{"floor":12,"key":"Dexterity Potion"},{"floor":14,"key":"FearPotion"},{"floor":20,"key":"SpeedPotion"},{"floor":21,"key":"Ancient Potion"}],"is_trial":false,"path_per_floor":["M","?","?","M","?","E","$","E","T","M","R","M","M","E","R","B",null,"M","$","M","M","?","E"],"character_chosen":"IRONCLAD","items_purchased":["Battle Trance","FearPotion","Flame Barrier","BloodPotion"],"campfire_rested":1,"item_purchase_floors":[7,7,19,19],"current_hp_per_floor":[67,75,80,67,67,53,53,45,45,46,46,37,32,25,49,15,64,29,29,28,13,13,0],"gold":58,"neow_bonus":"ONE_RANDOM_RARE_CARD","is_prod":false,"is_daily":false,"chose_seed":false,"campfire_upgraded":1,"win_rate":0,"timestamp":1552877122,"path_taken":["M","?","?","M","?","E","$","E","T","M","R","M","M","E","R","BOSS","M","$","M","M","?","E"],"build_version":"2019-01-23","purchased_purges":0,"victory":false,"max_hp_per_floor":[75,75,80,80,80,80,80,80,80,80,80,80,80,80,80,80,80,80,80,80,80,80,80],"card_choices":[{"not_picked":["Burning Pact","Sentinel","Searing Blow"],"picked":"SKIP","floor":1.0},{"not_picked":["True Grit","Body Slam","Armaments"],"picked":"SKIP","floor":4.0},{"not_picked":["Hemokinesis","Body Slam","Dual Wield"],"picked":"SKIP","floor":6.0},{"not_picked":["Dark Embrace","Havoc"],"picked":"Feel No Pain","floor":8},{"not_picked":["Hemokinesis","Sentinel"],"picked":"Twin Strike","floor":10},{"not_picked":["Rupture","Second Wind"],"picked":"Warcry","floor":12},{"not_picked":["Clothesline","Battle Trance"],"picked":"Body Slam","floor":13},{"not_picked":["Rage","Anger"],"picked":"Corruption","floor":14},{"not_picked":["Rampage","Corruption","Heavy Blade"],"picked":"Havoc","floor":15},{"not_picked":["Twin Strike+1","Wild Strike","Searing Blow"],"picked":"Whirlwind","floor":18},{"not_picked":["Body Slam","Clash","Dropkick"],"picked":"Burning Pact","floor":20},{"not_picked":["Heavy Blade","Ghostly Armor","Warcry"],"picked":"Infernal Blade","floor":21}],"player_experience":580093,"relics_obtained":[{"floor":6.0,"key":"Orichalcum"},{"floor":8,"key":"Dream Catcher"},{"floor":9,"key":"Juzu Bracelet"},{"floor":14,"key":"Question Card"}],"event_choices":[{"damage_healed":18.0,"max_hp_gain":0.0,"max_hp_loss":0.0,"gold_gain":0.0,"event_name":"The Cleric","player_choice":"Healed","floor":2.0,"gold_loss":35.0,"damage_taken":0.0},{"damage_healed":0.0,"max_hp_gain":5.0,"max_hp_loss":0.0,"gold_gain":0.0,"event_name":"Big Fish","player_choice":"Donut","floor":3.0,"gold_loss":0.0,"damage_taken":0.0},{"damage_healed":0.0,"max_hp_gain":0.0,"max_hp_loss":0.0,"gold_gain":0.0,"event_name":"Golden Idol","player_choice":"Ignored","floor":5.0,"gold_loss":0.0,"damage_taken":0.0},{"damage_healed":0,"gold_gain":0,"player_choice":"Simplicity","damage_taken":0,"max_hp_gain":0,"max_hp_loss":0,"event_name":"Back to Basics","floor":22,"gold_loss":0,"cards_upgraded":["Strike_R","Strike_R","Strike_R","Strike_R","Strike_R","Defend_R","Defend_R","Defend_R","Defend_R"]}],"is_beta":false,"boss_relics":[{"not_picked":["Busted Crown","White Beast Statue"],"picked":"Philosopher\u0027s Stone"}],"items_purged_floors":[],"is_endless":false,"potions_floor_spawned":[1,4,10,12,14,20,21],"killed_by":"Gremlin Leader","ascension_level":19}