{"gold_per_floor":[110,122,142,142,142,142,167,167,190,221,237,265,265,276,276,276],"floor_reached":16,"playtime":627,"items_purged":[],"score":228,"play_id":"4635293f-3e0f-4d77-b907-1339e9c3bed2","local_time":"20190323100705","is_ascension_mode":true,"campfire_choices":[{"data":"Bash","floor":6,"key":"SMITH"},{"floor":8,"key":"REST"},{"data":"Wild Strike","floor":13,"key":"SMITH"},{"floor":15,"key":"REST"}],"neow_cost":"NONE","seed_source_timestamp":255133123503619,"circlet_count":0,"master_deck":["AscendersBane","Strike_R","Strike_R","Strike_R","Strike_R","Strike_R+1","Defend_R","Defend_R","Defend_R","Defend_R","Bash+1","Clash+1","Iron Wave","Shockwave","Cleave","Wild Strike+1","Evolve"],"relics":["Burning Blood","Bag of Preparation","Smiling Mask","Strawberry","Incense Burner","Gambling Chip"],"potions_floor_usage":[10,12,16],"damage_taken":[{"damage":3,"enemies":"2 Louse","floor":1,"turns":4},{"damage":7,"enemies":"Small Slimes","floor":2,"turns":3},{"damage":4,"enemies":"Jaw Worm","floor":3,"turns":3},{"damage":70,"enemies":"3 Sentries","floor":7,"turns":13},{"damage":19,"enemies":"Gremlin Nob","floor":10,"turns":4},{"damage":8,"enemies":"Large Slime","floor":11,"turns":3},{"damage":15,"enemies":"Lagavulin","floor":12,"turns":5},{"damage":11,"enemies":"Looter","floor":14,"turns":3},{"damage":39,"enemies":"Slime Boss","floor":16,"turns":9}],"seed_played":"-3820239510198468625","potions_obtained":[{"floor":7,"key":"PowerPotion"},{"floor":11,"key":"GamblersBrew"},{"floor":12,"key":"PowerPotion"}],"is_trial":false,"path_per_floor":["M","M","M","?","?","R","E","R","T","E","M","E","R","M","R","B"],"character_chosen":"IRONCLAD","items_purchased":[],"campfire_rested":2,"item_purchase_floors":[],"current_hp_per_floor":[71,70,72,49,74,74,10,32,39,26,24,15,15,10,34,0],"gold":276,"neow_bonus":"RANDOM_COMMON_RELIC","is_prod":false,"is_daily":false,"chose_seed":false,"campfire_upgraded":2,"win_rate":0,"timestamp":1553332025,"path_taken":["M","M","M","?","?","R","E","R","T","E","M","E","R","M","R","BOSS"],"build_version":"2019-01-23","purchased_purges":0,"victory":false,"max_hp_per_floor":[75,75,75,75,75,75,75,75,82,82,82,82,82,82,82,82],"card_choices":[{"not_picked":["Wild Strike","Bloodletting"],"picked":"Clash","floor":1},{"not_picked":["Anger","Hemokinesis"],"picked":"Iron Wave","floor":2},{"not_picked":["Fire Breathing","Iron Wave"],"picked":"Shockwave","floor":3},{"not_picked":["Burning Pact","Demon Form"],"picked":"Cleave","floor":7},{"not_picked":["Dual Wield","Sentinel","Rupture"],"picked":"SKIP","floor":10},{"not_picked":["Headbutt","Cleave"],"picked":"Wild Strike","floor":11},{"not_picked":["Flame Barrier","Berserk"],"picked":"Evolve","floor":12},{"not_picked":["Combust","Corruption","Body Slam"],"picked":"SKIP","floor":14}],"player_experience":1085864,"relics_obtained":[{"floor":7,"key":"Smiling Mask"},{"floor":9,"key":"Strawberry"},{"floor":10,"key":"Incense Burner"},{"floor":12,"key":"Gambling Chip"}],"event_choices":[{"damage_healed":0,"gold_gain":0,"player_choice":"Entered Light","damage_taken":23,"max_hp_gain":0,"max_hp_loss":0,"event_name":"Shining Light","floor":4,"gold_loss":0,"cards_upgraded":["Clash","Strike_R"]},{"damage_healed":25,"gold_gain":0,"player_choice":"Banana","damage_taken":0,"max_hp_gain":0,"max_hp_loss":0,"event_name":"Big Fish","floor":5,"gold_loss":0}],"is_beta":false,"boss_relics":[],"items_purged_floors":[],"is_endless":false,"potions_floor_spawned":[7,11,12],"killed_by":"Slime Boss","ascension_level":18}