{"gold_per_floor":[115,115,126,136,136,136,154,198,198,198,239,252,296,310,310,439,439,454,553,567,583,583,583],"floor_reached":23,"playtime":2150,"items_purged":[],"score":341,"play_id":"da99bb6e-f526-4f8b-ae96-adf5cb3961a4","local_time":"20190318005132","is_ascension_mode":true,"campfire_choices":[{"data":"Zap","floor":6,"key":"SMITH"},{"data":"Streamline","floor":15,"key":"SMITH"}],"neow_cost":"NONE","seed_source_timestamp":334794627596153,"circlet_count":0,"master_deck":["AscendersBane","Strike_B","Strike_B","Strike_B","Defend_B","Defend_B","Defend_B","Defend_B","Zap+1","Dualcast","Streamline+1","Chill","Sweeping Beam","Sweeping Beam","Echo Form","Conserve Battery+1","Cold Snap","Leap+1","Hologram+1","Electrodynamics","Recycle+1"],"relics":["Cracked Core","Golden Idol","Toxic Egg 2","Ginger","Letter Opener","Emotion Chip","Blue Candle","Snecko Eye"],"potions_floor_usage":[8,13,21,21],"damage_taken":[{"damage":0,"enemies":"2 Louse","floor":1,"turns":2},{"damage":0,"enemies":"Cultist","floor":3,"turns":3},{"damage":2,"enemies":"Jaw Worm","floor":4,"turns":3},{"damage":11,"enemies":"Blue Slaver","floor":7,"turns":4},{"damage":24,"enemies":"3 Sentries","floor":8,"turns":5},{"damage":5,"enemies":"Lagavulin","floor":11,"turns":6},{"damage":1,"enemies":"Exordium Thugs","floor":12,"turns":4},{"damage":13,"enemies":"Gremlin Nob","floor":13,"turns":4},{"damage":4,"enemies":"Looter","floor":14,"turns":3},{"damage":11,"enemies":"Hexaghost","floor":16,"turns":11},{"damage":24,"enemies":"Spheric Guardian","floor":18,"turns":4},{"damage":10,"enemies":"3 Byrds","floor":20,"turns":2},{"damage":20,"enemies":"Snake Plant","floor":21,"turns":4},{"damage":7,"enemies":"Colosseum Slavers","floor":22,"turns":2},{"damage":13,"enemies":"Gremlin Leader","floor":23,"turns":2}],"seed_played":"5049033822712575254","potions_obtained":[{"floor":3,"key":"FairyPotion"},{"floor":4,"key":"Regen Potion"},{"floor":12,"key":"SkillPotion"},{"floor":14,"key":"SpeedPotion"},{"floor":16,"key":"Weak Potion"},{"floor":20,"key":"Regen Potion"}],"is_trial":false,"path_per_floor":["M","?","M","M","?","R","M","E","T","T","E","M","E","M","R","B",null,"M","?","M","M","?","E"],"character_chosen":"DEFECT","items_purchased":[],"campfire_rested":0,"item_purchase_floors":[],"current_hp_per_floor":[68,68,68,66,66,66,55,45,45,45,40,39,26,22,22,11,55,31,31,21,13,6,0],"gold":583,"neow_bonus":"THREE_CARDS","is_prod":false,"is_daily":false,"chose_seed":false,"campfire_upgraded":2,"win_rate":0,"timestamp":1552884692,"path_taken":["M","?","M","?","?","R","M","E","T","?","E","M","E","M","R","BOSS","M","?","M","M","?","E"],"build_version":"2019-01-23","purchased_purges":0,"victory":false,"max_hp_per_floor":[75,75,75,75,69,69,69,69,69,69,69,69,69,69,69,69,69,69,69,69,69,69,69],"card_choices":[{"not_picked":["Steam","Conserve Battery"],"picked":"Streamline","floor":0},{"not_picked":["Leap","Redo"],"picked":"Chill","floor":1},{"not_picked":["Beam Cell","Conserve Battery"],"picked":"Sweeping Beam","floor":3},{"not_picked":["Double Energy","Scrape"],"picked":"Sweeping Beam","floor":4},{"not_picked":["Hologram","Loop"],"picked":"Echo Form","floor":7},{"not_picked":["Fission","Storm"],"picked":"Conserve Battery","floor":8},{"not_picked":["Hologram+1","Compile Driver"],"picked":"Cold Snap","floor":11},{"not_picked":["Tempest+1","Heatsinks","Streamline"],"picked":"SKIP","floor":12},{"not_picked":["Amplify+1","Rip and Tear"],"picked":"Leap+1","floor":13},{"not_picked":["Stack+1","Turbo+1"],"picked":"Hologram+1","floor":14},{"not_picked":["Rainbow+1","Amplify+1"],"picked":"Electrodynamics","floor":16},{"not_picked":["Hologram+1","Coolheaded+1"],"picked":"Recycle+1","floor":18},{"not_picked":["Go for the Eyes","Hologram+1","Ball Lightning"],"picked":"SKIP","floor":20},{"not_picked":["Melter","Steam+1","Rebound"],"picked":"SKIP","floor":21}],"player_experience":1928053,"relics_obtained":[{"floor":8,"key":"Toxic Egg 2"},{"floor":9,"key":"Ginger"},{"floor":10,"key":"Letter Opener"},{"floor":11,"key":"Emotion Chip"},{"floor":13,"key":"Blue Candle"}],"event_choices":[{"cards_removed":["Strike_B"],"damage_healed":0,"gold_gain":0,"player_choice":"Offered Basic","damage_taken":0,"max_hp_gain":0,"max_hp_loss":0,"event_name":"Bonfire Elementals","floor":2,"gold_loss":0},{"damage_healed":0,"gold_gain":0,"player_choice":"Lose Max HP","damage_taken":0,"relics_obtained":["Golden Idol"],"max_hp_gain":0,"max_hp_loss":6,"event_name":"Golden Idol","floor":5,"gold_loss":0},{"damage_healed":0,"gold_gain":99,"player_choice":"Stole From Cult","damage_taken":0,"max_hp_gain":0,"max_hp_loss":0,"event_name":"Nest","floor":19,"gold_loss":0},{"damage_healed":0,"gold_gain":0,"player_choice":"Fight","damage_taken":0,"max_hp_gain":0,"max_hp_loss":0,"event_name":"Colosseum","floor":22,"gold_loss":0},{"damage_healed":0,"gold_gain":0,"player_choice":"Fled From Nobs","damage_taken":0,"max_hp_gain":0,"max_hp_loss":0,"event_name":"Colosseum","floor":22,"gold_loss":0}],"is_beta":false,"boss_relics":[{"not_picked":["Pandora\u0027s Box","Busted Crown"],"picked":"Snecko Eye"}],"items_purged_floors":[],"is_endless":false,"potions_floor_spawned":[3,4,12,14,16,20],"killed_by":"Gremlin Leader","ascension_level":12}