{"gold_per_floor":[365,377,393,50,50,83,83,95,142,142,142,142,14,14,14,107,107,127,103,22,36,36,36,36,36,82,107,119],"floor_reached":28,"playtime":885,"items_purged":["Strike_G"],"score":482,"play_id":"9529106c-f291-4a79-89f8-5ae2802f4175","local_time":"20190314231604","is_ascension_mode":true,"campfire_choices":[{"data":"Catalyst","floor":10,"key":"SMITH"},{"data":"Noxious Fumes","floor":12,"key":"SMITH"},{"floor":15,"key":"REST"},{"data":"Footwork","floor":23,"key":"SMITH"},{"floor":25,"key":"REST"}],"neow_cost":"TEN_PERCENT_HP_LOSS","seed_source_timestamp":85987895865086,"circlet_count":0,"master_deck":["AscendersBane","Defend_G","Defend_G","Defend_G","Defend_G","Defend_G","Strike_G","Strike_G","Strike_G","Strike_G","Survivor","Neutralize","Catalyst+1","Crippling Poison","Bane","Footwork+1","Caltrops","Noxious Fumes+1","Crippling Poison","Night Terror","Crippling Poison","Bouncing Flask+1","Noxious Fumes","Escape Plan","Decay","Setup+1"],"special_seed":0,"relics":["Ring of the Snake","Question Card","Matryoshka","Happy Flower","Smiling Mask","Ancient Tea Set","Golden Idol","Cursed Key","Dream Catcher","MawBank"],"potions_floor_usage":[6,16,16,19,21],"damage_taken":[{"damage":0.0,"enemies":"2 Louse","floor":1.0,"turns":3.0},{"damage":7.0,"enemies":"Jaw Worm","floor":2.0,"turns":4.0},{"damage":0.0,"enemies":"Cultist","floor":3.0,"turns":4.0},{"damage":23,"enemies":"Lagavulin","floor":6,"turns":7},{"damage":7,"enemies":"Looter","floor":8,"turns":4},{"damage":23,"enemies":"The Guardian","floor":16,"turns":9},{"damage":12,"enemies":"Shell Parasite","floor":18,"turns":6},{"damage":4,"enemies":"2 Thieves","floor":19,"turns":5},{"damage":26,"enemies":"Snake Plant","floor":21,"turns":4},{"damage":12,"enemies":"Colosseum Slavers","floor":24,"turns":4},{"damage":9,"enemies":"Snecko","floor":27,"turns":6},{"damage":15,"enemies":"Centurion and Healer","floor":28,"turns":6}],"seed_played":"1329928040197076246","potions_obtained":[{"floor":1.0,"key":"SteroidPotion"},{"floor":6,"key":"EssenceOfSteel"},{"floor":8,"key":"Dexterity Potion"},{"floor":18,"key":"SpeedPotion"},{"floor":19,"key":"Regen Potion"}],"is_trial":false,"path_per_floor":["M","M","M","$","?","E","?","M","T","R","$","R","$","?","R","B",null,"M","M","$","M","?","R","?","R","T","M","M"],"character_chosen":"THE_SILENT","items_purchased":["Footwork","Question Card","Crippling Poison","Noxious Fumes"],"campfire_rested":2,"item_purchase_floors":[4,4,13,20],"current_hp_per_floor":[59,52,52,52,57,34,23,16,16,16,16,16,16,16,33,10,47,35,31,31,19,19,19,7,24,24,15,0],"gold":119,"neow_bonus":"TWO_FIFTY_GOLD","is_prod":false,"is_daily":false,"chose_seed":false,"campfire_upgraded":3,"win_rate":0,"timestamp":1552601764,"path_taken":["M","M","M","$","?","E","?","M","T","R","$","R","$","?","R","BOSS","M","M","$","M","?","R","?","R","T","M","M"],"build_version":"2019-01-23","purchased_purges":1,"victory":false,"max_hp_per_floor":[60,60,60,60,65,65,65,65,65,65,65,65,65,59,59,59,59,59,59,59,59,59,59,59,59,59,59,59],"card_choices":[{"not_picked":["Acrobatics","Backflip"],"picked":"Catalyst","floor":1.0},{"not_picked":["Slice","Prepared"],"picked":"Crippling Poison","floor":2.0},{"not_picked":["Reflex","Outmaneuver"],"picked":"Bane","floor":3.0},{"not_picked":["Poisoned Stab","Choke","Bullet Time"],"picked":"Caltrops","floor":6},{"not_picked":["Underhanded Strike","Calculated Gamble","Acrobatics"],"picked":"Noxious Fumes","floor":8},{"not_picked":["Doppelganger","Tools of the Trade","Envenom"],"picked":"Night Terror","floor":16},{"not_picked":["Quick Slash","Infinite Blades","Acrobatics"],"picked":"Crippling Poison","floor":18},{"not_picked":["Dash","Eviscerate","Footwork"],"picked":"Bouncing Flask+1","floor":19},{"not_picked":["Underhanded Strike","Deflect","Caltrops"],"picked":"Escape Plan","floor":21},{"not_picked":["Bullet Time","Dagger Throw","Infinite Blades"],"picked":"Setup+1","floor":27}],"player_experience":1015975,"relics_obtained":[{"floor":6,"key":"Matryoshka"},{"floor":9,"key":"Smiling Mask"},{"floor":9,"key":"Ancient Tea Set"},{"floor":26,"key":"Dream Catcher"},{"floor":26,"key":"MawBank"}],"event_choices":[{"damage_healed":0,"gold_gain":0,"player_choice":"Donut","damage_taken":0,"max_hp_gain":5,"max_hp_loss":0,"event_name":"Big Fish","floor":5,"gold_loss":0},{"damage_healed":0,"gold_gain":0,"player_choice":"Success","damage_taken":11,"relics_obtained":["Happy Flower"],"max_hp_gain":0,"max_hp_loss":0,"event_name":"Scrap Ooze","floor":7,"gold_loss":0},{"damage_healed":0,"gold_gain":0,"player_choice":"Lose Max HP","damage_taken":0,"relics_obtained":["Golden Idol"],"max_hp_gain":0,"max_hp_loss":6,"event_name":"Golden Idol","floor":14,"gold_loss":0},{"damage_healed":0,"gold_gain":0,"player_choice":"Ignored","damage_taken":0,"max_hp_gain":0,"max_hp_loss":0,"event_name":"Vampires","floor":22,"gold_loss":0},{"damage_healed":0,"gold_gain":0,"player_choice":"Fight","damage_taken":0,"max_hp_gain":0,"max_hp_loss":0,"event_name":"Colosseum","floor":24,"gold_loss":0},{"damage_healed":0,"gold_gain":0,"player_choice":"Fled From Nobs","damage_taken":0,"max_hp_gain":0,"max_hp_loss":0,"event_name":"Colosseum","floor":24,"gold_loss":0}],"is_beta":false,"boss_relics":[{"not_picked":["Snecko Eye","Astrolabe"],"picked":"Cursed Key"}],"items_purged_floors":[13],"is_endless":false,"potions_floor_spawned":[1,6,8,18,19,24],"killed_by":"Centurion and Healer","ascension_level":20}