{"gold_per_floor":[111,36,49,124,24,24,24,24,47,47,47,75,91,109,109,109],"floor_reached":16,"playtime":521,"items_purged":["Regret","Shame"],"score":184,"play_id":"7fb55f17-ce21-479e-bdf3-9edd28621272","local_time":"20190321173706","is_ascension_mode":true,"campfire_choices":[{"data":"Neutralize","floor":6,"key":"SMITH"},{"floor":10,"key":"REST"},{"data":"Survivor","floor":11,"key":"SMITH"},{"floor":15,"key":"REST"}],"neow_cost":"NONE","seed_source_timestamp":109438358315571,"circlet_count":0,"master_deck":["AscendersBane","Defend_G","Defend_G","Defend_G","Defend_G+1","Defend_G","Strike_G","Strike_G","Strike_G","Strike_G","Strike_G","Survivor+1","Neutralize+1","Doubt","Dagger Throw+1","PiercingWail+1","Dagger Throw+1","Dash+1","Tools of the Trade"],"relics":["Calling Bell","Dream Catcher","Molten Egg 2","WingedGreaves","Art of War","Gremlin Horn"],"potions_floor_usage":[8,8,14],"damage_taken":[{"damage":3,"enemies":"Small Slimes","floor":1,"turns":5},{"damage":1,"enemies":"Jaw Worm","floor":3,"turns":5},{"damage":22,"enemies":"Lagavulin","floor":8,"turns":4},{"damage":24,"enemies":"3 Sentries","floor":12,"turns":12},{"damage":8,"enemies":"2 Louse","floor":13,"turns":3},{"damage":7,"enemies":"Large Slime","floor":14,"turns":6},{"damage":26,"enemies":"Slime Boss","floor":16,"turns":9}],"seed_played":"1865537406381752887","potions_obtained":[{"floor":1,"key":"SmokeBomb"},{"floor":3,"key":"Regen Potion"},{"floor":13,"key":"Energy Potion"}],"is_trial":false,"path_per_floor":["M","$","M","?","$","R","?","E","T","R","R","E","M","M","R","B"],"character_chosen":"THE_SILENT","items_purchased":[],"campfire_rested":2,"item_purchase_floors":[],"current_hp_per_floor":[56,56,55,44,44,44,31,21,21,40,40,16,8,1,20,0],"gold":109,"neow_bonus":"BOSS_RELIC","is_prod":false,"is_daily":false,"chose_seed":false,"campfire_upgraded":2,"win_rate":0,"timestamp":1553186226,"path_taken":["M","$","M","?","$","R","?","E","T","R","R","E","M","M","R","BOSS"],"build_version":"2019-01-23","purchased_purges":2,"victory":false,"max_hp_per_floor":[66,66,66,66,66,66,66,66,66,66,66,66,66,66,66,66],"card_choices":[{"not_picked":["Sucker Punch+1","Quick Slash+1"],"picked":"Dagger Throw+1","floor":1},{"not_picked":["Acrobatics","Concentrate"],"picked":"PiercingWail","floor":3},{"not_picked":["Flying Knee+1","Deadly Poison"],"picked":"Dagger Throw+1","floor":10},{"not_picked":["Die Die Die+1","Sucker Punch+1"],"picked":"Dash+1","floor":12},{"not_picked":["Deadly Poison","Flying Knee+1","Reflex"],"picked":"SKIP","floor":13},{"not_picked":["Bane+1","Flying Knee+1"],"picked":"Tools of the Trade","floor":14}],"player_experience":1078212,"relics_obtained":[{"floor":0,"key":"Dream Catcher"},{"floor":0,"key":"Molten Egg 2"},{"floor":0,"key":"WingedGreaves"},{"floor":9,"key":"Art of War"},{"floor":12,"key":"Gremlin Horn"}],"event_choices":[{"damage_healed":0,"gold_gain":75,"player_choice":"Gather Gold","damage_taken":11,"max_hp_gain":0,"max_hp_loss":0,"event_name":"World of Goop","floor":4,"gold_loss":0},{"damage_healed":0,"gold_gain":0,"player_choice":"Entered Light","damage_taken":13,"max_hp_gain":0,"max_hp_loss":0,"event_name":"Shining Light","floor":7,"gold_loss":0,"cards_upgraded":["PiercingWail","Defend_G"]}],"is_beta":false,"boss_relics":[],"items_purged_floors":[2,5],"is_endless":false,"potions_floor_spawned":[1,3,13],"killed_by":"Slime Boss","ascension_level":14}