{"gold_per_floor":[113,125,50,22,52,52,78,78,78,111,111,136,24,24,24,101,101,116,166,183,183,197,197,92,92,143,143,68,97,97,117,117,117],"floor_reached":33,"playtime":1041,"items_purged":[],"score":554,"play_id":"6562d90e-2ec3-4ebd-b714-e783827cc042","local_time":"20190312182550","is_ascension_mode":true,"campfire_choices":[{"data":"Streamline","floor":6.0,"key":"SMITH"},{"floor":8.0,"key":"REST"},{"floor":11.0,"key":"REST"},{"data":"Defragment","floor":15.0,"key":"SMITH"},{"floor":23.0,"key":"REST"},{"floor":25.0,"key":"REST"},{"floor":27.0,"key":"REST"},{"floor":30.0,"key":"REST"},{"floor":32.0,"key":"REST"}],"neow_cost":"NONE","seed_source_timestamp":1054816307719045,"circlet_count":0,"master_deck":["AscendersBane","Strike_B","Strike_B","Defend_B","Defend_B","Defend_B","Defend_B","Zap","Dualcast","Streamline+1","Coolheaded","Tempest","Leap","Steam","Defragment+1","Self Repair","Conserve Battery","Buffer","Double Energy","Ball Lightning","Sunder","Consume","Cold Snap"],"special_seed":0,"relics":["Cracked Core","Tiny Chest","Anchor","The Courier","Vajra","Lantern","Fusion Hammer","Oddly Smooth Stone","Sundial"],"potions_floor_usage":[33],"damage_taken":[{"damage":0.0,"enemies":"2 Louse","floor":1.0,"turns":1.0},{"damage":4.0,"enemies":"Jaw Worm","floor":2.0,"turns":4.0},{"damage":30.0,"enemies":"3 Sentries","floor":7.0,"turns":8.0},{"damage":27.0,"enemies":"Gremlin Nob","floor":10.0,"turns":4.0},{"damage":18.0,"enemies":"3 Sentries","floor":12.0,"turns":7.0},{"damage":33.0,"enemies":"Slime Boss","floor":16.0,"turns":10.0},{"damage":2.0,"enemies":"Chosen","floor":18.0,"turns":5.0},{"damage":20.0,"enemies":"3 Byrds","floor":20.0,"turns":5.0},{"damage":23.0,"enemies":"Shelled Parasite and Fungi","floor":22.0,"turns":4.0},{"damage":32.0,"enemies":"Book of Stabbing","floor":29.0,"turns":6.0},{"damage":31.0,"enemies":"Chosen and Byrds","floor":31.0,"turns":6.0},{"damage":69,"enemies":"Champ","floor":33,"turns":13}],"seed_played":"3626761957025010793","potions_obtained":[{"floor":1.0,"key":"Block Potion"},{"floor":16.0,"key":"Swift Potion"},{"floor":20.0,"key":"GamblersBrew"},{"floor":22.0,"key":"Dexterity Potion"},{"floor":31.0,"key":"AttackPotion"}],"is_trial":false,"path_per_floor":["M","M","?","$","?","R","E","R","T","E","R","E","$","?","R","B",null,"M","?","M","?","M","R","$","R","T","R","?","E","R","M","R","B"],"character_chosen":"DEFECT","items_purchased":["Leap","Self Repair","Conserve Battery","Consume","Cold Snap"],"campfire_rested":7,"item_purchase_floors":[4,13,13,24,24],"current_hp_per_floor":[64,60,60,60,55,55,25,46,46,19,40,22,22,45,45,19,58,63,63,43,43,27,48,48,69,69,71,71,46,67,43,64,0],"gold":117,"neow_bonus":"THREE_CARDS","is_prod":false,"is_daily":false,"chose_seed":false,"campfire_upgraded":2,"win_rate":0,"timestamp":1552415150,"path_taken":["M","M","?","?","?","R","E","R","T","E","R","E","$","?","R","BOSS","M","?","?","?","M","R","$","R","T","R","?","E","R","?","R","BOSS"],"build_version":"2019-01-23","purchased_purges":0,"victory":false,"max_hp_per_floor":[71,71,71,71,71,71,71,71,71,71,71,71,71,71,71,71,71,71,71,71,71,71,71,71,71,71,71,71,71,71,71,71,71],"card_choices":[{"not_picked":["Rip and Tear","Doom and Gloom"],"picked":"Streamline","floor":0.0},{"not_picked":["FTL","Blizzard"],"picked":"Coolheaded","floor":1.0},{"not_picked":["Steam","Compile Driver"],"picked":"Tempest","floor":2.0},{"not_picked":["Stack","Steam Power"],"picked":"Steam","floor":7.0},{"not_picked":["Sweeping Beam","Hologram"],"picked":"Defragment","floor":10.0},{"not_picked":["Melter","Skim","Genetic Algorithm"],"picked":"SKIP","floor":12.0},{"not_picked":["Fission","Creative AI"],"picked":"Buffer","floor":16.0},{"not_picked":["Beam Cell","Force Field"],"picked":"Double Energy","floor":18.0},{"not_picked":["Self Repair","Reprogram"],"picked":"Ball Lightning","floor":20.0},{"not_picked":["Hello World+1","Rip and Tear"],"picked":"Sunder","floor":22.0},{"not_picked":["Coolheaded","Fusion","Blizzard+1"],"picked":"SKIP","floor":29.0},{"not_picked":["Force Field","Sunder","Rebound"],"picked":"SKIP","floor":31.0}],"player_experience":551976,"relics_obtained":[{"floor":7.0,"key":"Anchor"},{"floor":9.0,"key":"The Courier"},{"floor":10.0,"key":"Vajra"},{"floor":12.0,"key":"Lantern"},{"floor":26.0,"key":"Oddly Smooth Stone"},{"floor":29.0,"key":"Sundial"}],"event_choices":[{"cards_removed":["Strike_B"],"damage_healed":0.0,"max_hp_gain":0.0,"max_hp_loss":0.0,"gold_gain":0.0,"event_name":"The Cleric","player_choice":"Card Removal","floor":3.0,"gold_loss":75.0,"damage_taken":0.0},{"damage_healed":0.0,"max_hp_gain":0.0,"max_hp_loss":0.0,"gold_gain":0.0,"event_name":"Scrap Ooze","player_choice":"Success","floor":5.0,"gold_loss":0.0,"damage_taken":5.0,"relics_obtained":["Tiny Chest"]},{"damage_healed":23.0,"max_hp_gain":0.0,"max_hp_loss":0.0,"gold_gain":0.0,"event_name":"Big Fish","player_choice":"Banana","floor":14.0,"gold_loss":0.0,"damage_taken":0.0},{"damage_healed":0.0,"max_hp_gain":0.0,"max_hp_loss":0.0,"gold_gain":100.0,"event_name":"The Joust","player_choice":"Bet on Murderer","floor":19.0,"gold_loss":50.0,"damage_taken":0.0},{"damage_healed":0.0,"max_hp_gain":0.0,"max_hp_loss":0.0,"gold_gain":0.0,"event_name":"Ghosts","player_choice":"Ignored","floor":21.0,"gold_loss":0.0,"damage_taken":0.0},{"cards_removed":["Strike_B"],"damage_healed":0.0,"max_hp_gain":0.0,"max_hp_loss":0.0,"gold_gain":0.0,"event_name":"Beggar","player_choice":"Gave Gold","floor":28.0,"gold_loss":75.0,"damage_taken":0.0}],"is_beta":false,"boss_relics":[{"not_picked":["White Beast Statue","Philosopher\u0027s Stone"],"picked":"Fusion Hammer"}],"items_purged_floors":[],"is_endless":false,"potions_floor_spawned":[1,16,20,22,31],"killed_by":"Champ","ascension_level":20}