{"gold_per_floor":[117,3,3,21,21,21,53,53,53,77,91,131,96,119,119,119],"floor_reached":16,"playtime":370,"items_purged":[],"score":266,"play_id":"cbe84d3b-92c3-4397-9784-485c2153fa23","local_time":"20190312121947","is_ascension_mode":true,"campfire_choices":[{"data":"Neutralize","floor":6.0,"key":"SMITH"},{"floor":15.0,"key":"REST"}],"neow_cost":"NONE","seed_source_timestamp":499747006564253,"circlet_count":0,"master_deck":["AscendersBane","Defend_G","Defend_G","Defend_G","Defend_G","Defend_G","Strike_G","Strike_G","Strike_G","Strike_G","Survivor","Neutralize+1","Cloak And Dagger","PiercingWail","Infinite Blades","Corpse Explosion","Infinite Blades+1","Envenom+1"],"special_seed":0,"relics":["Ring of the Snake","NeowsBlessing","Frozen Egg 2","Golden Idol","Darkstone Periapt","Omamori","Centennial Puzzle"],"potions_floor_usage":[],"damage_taken":[{"damage":0.0,"enemies":"Jaw Worm","floor":1.0,"turns":1.0},{"damage":0.0,"enemies":"Cultist","floor":4.0,"turns":1.0},{"damage":0.0,"enemies":"3 Sentries","floor":7.0,"turns":2.0},{"damage":5.0,"enemies":"Small Slimes","floor":10.0,"turns":4.0},{"damage":4.0,"enemies":"Exordium Wildlife","floor":11.0,"turns":4.0},{"damage":49.0,"enemies":"Gremlin Nob","floor":12.0,"turns":5.0},{"damage":38,"enemies":"Slime Boss","floor":16,"turns":9}],"seed_played":"-8435617654048881884","potions_obtained":[{"floor":1.0,"key":"LiquidBronze"},{"floor":10.0,"key":"Poison Potion"},{"floor":11.0,"key":"AttackPotion"}],"is_trial":false,"path_per_floor":["M","$","?","M","$","R","E","?","T","M","M","E","?","T","R","B"],"character_chosen":"THE_SILENT","items_purchased":["PiercingWail","Infinite Blades"],"campfire_rested":1,"item_purchase_floors":[2,2],"current_hp_per_floor":[59,59,59,59,59,59,59,59,59,54,50,1,16,16,34,0],"gold":119,"neow_bonus":"THREE_ENEMY_KILL","is_prod":false,"is_daily":false,"chose_seed":false,"campfire_upgraded":1,"win_rate":0,"timestamp":1552389587,"path_taken":["M","$","?","M","?","R","E","?","T","M","M","E","?","?","R","BOSS"],"build_version":"2019-01-23","purchased_purges":0,"victory":false,"max_hp_per_floor":[66,66,66,66,66,66,66,60,60,60,60,60,60,60,60,60],"card_choices":[{"not_picked":["Infinite Blades","Blade Dance"],"picked":"Cloak And Dagger","floor":1.0},{"not_picked":["Flying Knee","Outmaneuver","Catalyst"],"picked":"SKIP","floor":4.0},{"not_picked":["Setup","Reflex"],"picked":"Corpse Explosion","floor":7.0},{"not_picked":["Flying Knee","Poisoned Stab","PiercingWail"],"picked":"SKIP","floor":10.0},{"not_picked":["Dodge and Roll","Bane"],"picked":"Infinite Blades+1","floor":11.0},{"not_picked":["PiercingWail","Unload"],"picked":"Envenom+1","floor":12.0}],"player_experience":979551,"relics_obtained":[{"floor":7.0,"key":"Frozen Egg 2"},{"floor":9.0,"key":"Darkstone Periapt"},{"floor":12.0,"key":"Omamori"},{"floor":14.0,"key":"Centennial Puzzle"}],"event_choices":[{"cards_removed":["Strike_G"],"damage_healed":0.0,"max_hp_gain":0.0,"max_hp_loss":0.0,"gold_gain":0.0,"event_name":"Bonfire Elementals","player_choice":"Offered Basic","floor":3.0,"gold_loss":0.0,"damage_taken":0.0},{"damage_healed":0.0,"max_hp_gain":0.0,"max_hp_loss":6.0,"gold_gain":0.0,"event_name":"Golden Idol","player_choice":"Lose Max HP","floor":8.0,"gold_loss":0.0,"damage_taken":0.0,"relics_obtained":["Golden Idol"]},{"damage_healed":15.0,"max_hp_gain":0.0,"max_hp_loss":0.0,"gold_gain":0.0,"event_name":"The Cleric","player_choice":"Healed","floor":13.0,"gold_loss":35.0,"damage_taken":0.0}],"is_beta":false,"boss_relics":[],"items_purged_floors":[],"is_endless":false,"potions_floor_spawned":[1,10,11],"killed_by":"Slime Boss","ascension_level":20}