{"gold_per_floor":[118,118,129,144,162,172,183,108,108,108,135,199,199,230,230,306,306,319,329,146,164,39,39,67,67,67,82,82],"floor_reached":28,"playtime":1480,"items_purged":["Strike_R","Strike_R","Bash"],"score":437,"play_id":"683f62cd-9177-4699-a784-9bafcf2587a3","local_time":"20190324203142","is_ascension_mode":true,"campfire_choices":[{"data":"Uppercut","floor":10,"key":"SMITH"},{"data":"Armaments","floor":13,"key":"SMITH"},{"floor":15,"key":"REST"},{"data":"Entrench","floor":23,"key":"SMITH"},{"data":"Barricade","floor":25,"key":"SMITH"}],"neow_cost":"NONE","seed_source_timestamp":159208015165601,"circlet_count":0,"master_deck":["AscendersBane","Strike_R","Strike_R","Defend_R","Defend_R","Defend_R","Defend_R","Pommel Strike","Whirlwind","Flex","Armaments+1","Uppercut+1","Inflame","Iron Wave","Headbutt","Barricade+1","Evolve+1","Pommel Strike","Burning Pact","Body Slam","Entrench+1","True Grit","Writhe","Shrug It Off"],"relics":["Burning Blood","Orichalcum","Bottled Flame","Odd Mushroom","StoneCalendar","Shuriken","Cursed Key","Sundial","Letter Opener"],"potions_floor_usage":[7,24,24,28],"damage_taken":[{"damage":7,"enemies":"Jaw Worm","floor":1,"turns":3},{"damage":0,"enemies":"2 Louse","floor":3,"turns":3},{"damage":4,"enemies":"Small Slimes","floor":4,"turns":3},{"damage":0,"enemies":"2 Fungi Beasts","floor":5,"turns":2},{"damage":11,"enemies":"Looter","floor":6,"turns":3},{"damage":4,"enemies":"Lots of Slimes","floor":7,"turns":2},{"damage":9,"enemies":"The Mushroom Lair","floor":11,"turns":3},{"damage":27,"enemies":"3 Sentries","floor":12,"turns":7},{"damage":13,"enemies":"3 Sentries","floor":14,"turns":7},{"damage":39,"enemies":"Hexaghost","floor":16,"turns":8},{"damage":2,"enemies":"Chosen","floor":18,"turns":3},{"damage":0,"enemies":"3 Byrds","floor":19,"turns":4},{"damage":4,"enemies":"Centurion and Healer","floor":21,"turns":5},{"damage":31,"enemies":"Gremlin Leader","floor":24,"turns":10},{"damage":41,"enemies":"Sentry and Sphere","floor":27,"turns":6},{"damage":21,"enemies":"Snake Plant","floor":28,"turns":2}],"seed_played":"117119999668984373","potions_obtained":[{"floor":4,"key":"Explosive Potion"},{"floor":7,"key":"SmokeBomb"},{"floor":12,"key":"Explosive Potion"},{"floor":18,"key":"SkillPotion"},{"floor":19,"key":"PowerPotion"},{"floor":27,"key":"Swift Potion"}],"is_trial":false,"path_per_floor":["M","?","M","M","M","M","M","$","T","R","?","?","R","E","R","B",null,"M","M","$","M","$","R","E","R","T","M","M"],"character_chosen":"IRONCLAD","items_purchased":["Burning Pact","Body Slam"],"campfire_rested":1,"item_purchase_floors":[20,20],"current_hp_per_floor":[71,64,70,72,78,73,75,75,75,75,72,51,51,44,68,35,69,73,79,79,80,80,80,55,55,55,20,0],"gold":82,"neow_bonus":"RANDOM_COMMON_RELIC","is_prod":false,"is_daily":false,"chose_seed":false,"campfire_upgraded":4,"win_rate":0,"timestamp":1553452302,"path_taken":["M","?","M","M","M","M","M","$","T","R","?","?","R","E","R","BOSS","M","M","$","M","$","R","E","R","T","M","M"],"build_version":"2019-01-23","purchased_purges":3,"victory":false,"max_hp_per_floor":[80,80,80,80,80,80,80,80,80,80,80,80,80,80,80,80,80,80,80,80,80,80,80,80,80,80,80,80],"card_choices":[{"not_picked":["Wild Strike","Second Wind"],"picked":"Pommel Strike","floor":1},{"not_picked":["Havoc","Cleave"],"picked":"Whirlwind","floor":3},{"not_picked":["Warcry","Perfected Strike"],"picked":"Flex","floor":4},{"not_picked":["Second Wind","True Grit"],"picked":"Armaments","floor":5},{"not_picked":["Clash","Anger","Reckless Charge"],"picked":"SKIP","floor":6},{"not_picked":["Sword Boomerang","Burning Pact"],"picked":"Uppercut","floor":7},{"not_picked":["Flame Barrier","Dropkick"],"picked":"Inflame","floor":11},{"not_picked":["Dual Wield","Infernal Blade"],"picked":"Iron Wave","floor":12},{"not_picked":["Rupture","Wild Strike"],"picked":"Headbutt","floor":14},{"not_picked":["Double Tap","Demon Form"],"picked":"Barricade","floor":16},{"not_picked":["Perfected Strike","Thunderclap"],"picked":"Evolve+1","floor":18},{"not_picked":["Armaments","Fire Breathing"],"picked":"Pommel Strike","floor":19},{"not_picked":["Twin Strike","Clash"],"picked":"Entrench","floor":21},{"not_picked":["Hemokinesis","Inflame"],"picked":"True Grit","floor":24},{"not_picked":["Clothesline","Cleave+1"],"picked":"Shrug It Off","floor":27}],"player_experience":819897,"relics_obtained":[{"floor":9,"key":"Bottled Flame"},{"floor":11,"key":"Odd Mushroom"},{"floor":14,"key":"Shuriken"},{"floor":24,"key":"Sundial"},{"floor":26,"key":"Letter Opener"}],"event_choices":[{"cards_removed":["Strike_R"],"damage_healed":0,"gold_gain":0,"player_choice":"Card Removal","damage_taken":7,"max_hp_gain":0,"max_hp_loss":0,"event_name":"Golden Wing","floor":2,"gold_loss":0},{"damage_healed":0,"gold_gain":0,"player_choice":"Fought Mushrooms","damage_taken":0,"max_hp_gain":0,"max_hp_loss":0,"event_name":"Mushrooms","floor":11,"gold_loss":0},{"damage_healed":0,"gold_gain":0,"player_choice":"Searched \u00272\u0027 times","damage_taken":0,"relics_obtained":["StoneCalendar"],"max_hp_gain":0,"max_hp_loss":0,"event_name":"Dead Adventurer","floor":12,"gold_loss":0}],"is_beta":false,"boss_relics":[{"not_picked":["Calling Bell","Coffee Dripper"],"picked":"Cursed Key"}],"items_purged_floors":[8,20,22],"is_endless":false,"potions_floor_spawned":[4,7,12,14,16,18,19,27],"killed_by":"Snake Plant","ascension_level":13}