{"gold_per_floor":[112,122,197,54,65,65,77,77,100,0,16,26,26,45,45,119,119,131,151,49,69,81,81,101,101],"floor_reached":25,"playtime":1274,"items_purged":[],"score":378,"play_id":"acc500dd-0992-4f2e-abd5-c81621613fd2","local_time":"20190313173024","is_ascension_mode":true,"campfire_choices":[{"data":"Barricade","floor":6,"key":"SMITH"},{"data":"Spot Weakness","floor":8,"key":"SMITH"},{"floor":15,"key":"REST"},{"data":"Feel No Pain","floor":23,"key":"SMITH"}],"neow_cost":"TEN_PERCENT_HP_LOSS","seed_source_timestamp":603994739734170,"circlet_count":0,"master_deck":["AscendersBane","Strike_R","Strike_R","Strike_R","Strike_R","Defend_R","Defend_R","Defend_R","Defend_R","Bash","Barricade+1","Iron Wave","Spot Weakness+1","Feel No Pain+1","Iron Wave","Dual Wield","Corruption","Shrug It Off","Ghostly Armor","Sentinel","True Grit","Impervious","Twin Strike+1","Whirlwind","Warcry","Havoc","Disarm+1"],"relics":["Burning Blood","Happy Flower","Coffee Dripper"],"potions_floor_usage":[7,11,12,22,24],"damage_taken":[{"damage":19,"enemies":"Jaw Worm","floor":1,"turns":5},{"damage":18,"enemies":"Small Slimes","floor":2,"turns":5},{"damage":13,"enemies":"Cultist","floor":5,"turns":5},{"damage":9,"enemies":"Blue Slaver","floor":7,"turns":4},{"damage":9,"enemies":"Large Slime","floor":11,"turns":7},{"damage":13,"enemies":"2 Fungi Beasts","floor":12,"turns":5},{"damage":13,"enemies":"Gremlin Gang","floor":14,"turns":8},{"damage":18,"enemies":"Hexaghost","floor":16,"turns":14},{"damage":0,"enemies":"Shell Parasite","floor":18,"turns":10},{"damage":28,"enemies":"3 Byrds","floor":19,"turns":8},{"damage":25,"enemies":"Shelled Parasite and Fungi","floor":21,"turns":6},{"damage":16,"enemies":"Sentry and Sphere","floor":22,"turns":8},{"damage":10,"enemies":"Centurion and Healer","floor":24,"turns":8},{"damage":11,"enemies":"Gremlin Leader","floor":25,"turns":2}],"seed_played":"-6797283145793003092","potions_obtained":[{"floor":1,"key":"Poison Potion"},{"floor":2,"key":"SkillPotion"},{"floor":11,"key":"BloodPotion"},{"floor":19,"key":"Fire Potion"},{"floor":22,"key":"EssenceOfSteel"}],"is_trial":false,"path_per_floor":["M","M","?","$","M","R","M","R","T","$","M","M","?","M","R","B",null,"M","M","$","M","M","R","M","E"],"character_chosen":"IRONCLAD","items_purchased":["Feel No Pain","Iron Wave","Corruption","Shrug It Off","Warcry","Havoc"],"campfire_rested":1,"item_purchase_floors":[4,4,10,10,20,20],"current_hp_per_floor":[55,43,32,32,25,25,22,22,22,22,19,18,18,11,31,19,56,62,40,40,21,11,11,7,0],"gold":101,"neow_bonus":"THREE_RARE_CARDS","is_prod":false,"is_daily":false,"chose_seed":false,"campfire_upgraded":3,"win_rate":0,"timestamp":1552494624,"path_taken":["M","M","?","$","M","R","M","R","T","$","M","M","?","M","R","BOSS","M","M","$","M","M","R","M","E"],"build_version":"2019-01-23","purchased_purges":0,"victory":false,"max_hp_per_floor":[68,68,68,68,68,68,68,68,68,68,68,68,68,68,68,68,68,68,68,68,68,68,68,68,68],"card_choices":[{"not_picked":["Impervious","Exhume"],"picked":"Barricade","floor":0},{"not_picked":["Clash","Bloodletting"],"picked":"Iron Wave","floor":1},{"not_picked":["Havoc","Reckless Charge"],"picked":"Spot Weakness","floor":2},{"not_picked":["Thunderclap","Rage"],"picked":"Dual Wield","floor":5},{"not_picked":["Thunderclap","Sword Boomerang","Havoc"],"picked":"SKIP","floor":7},{"not_picked":["Burning Pact","Combust","Rampage"],"picked":"SKIP","floor":11},{"not_picked":["Perfected Strike","Warcry"],"picked":"Ghostly Armor","floor":12},{"not_picked":["Anger","Burning Pact"],"picked":"True Grit","floor":14},{"not_picked":["Fiend Fire","Demon Form"],"picked":"Impervious","floor":16},{"not_picked":["Rage","Pommel Strike"],"picked":"Twin Strike+1","floor":18},{"not_picked":["Havoc","Pummel"],"picked":"Whirlwind","floor":19},{"not_picked":["Reckless Charge","Corruption","Sword Boomerang"],"picked":"SKIP","floor":21},{"not_picked":["Anger","Rage+1","Perfected Strike"],"picked":"SKIP","floor":22},{"not_picked":["Spot Weakness+1","Shockwave"],"picked":"Disarm+1","floor":24}],"player_experience":998758,"relics_obtained":[{"floor":9,"key":"Happy Flower"}],"event_choices":[{"damage_healed":0,"gold_gain":75,"player_choice":"Gather Gold","damage_taken":11,"max_hp_gain":0,"max_hp_loss":0,"event_name":"World of Goop","floor":3,"gold_loss":0},{"damage_healed":0,"gold_gain":0,"cards_transformed":["Strike_R"],"player_choice":"Transformed","damage_taken":0,"max_hp_gain":0,"max_hp_loss":0,"event_name":"Transmorgrifier","floor":13,"gold_loss":0,"cards_obtained":["Sentinel"]}],"is_beta":false,"boss_relics":[{"not_picked":["Calling Bell","Runic Pyramid"],"picked":"Coffee Dripper"}],"items_purged_floors":[],"is_endless":false,"potions_floor_spawned":[1,2,11,19,22],"killed_by":"Gremlin Leader","ascension_level":18}