{"gold_per_floor":[113,113,28,48,60,60,89,89,89,109,109,139,139,158,158,229,229,241,241,241,253,253,253],"floor_reached":23,"playtime":822,"items_purged":[],"score":382,"play_id":"3641cd7a-b35e-4ba9-8d57-4321df064b63","local_time":"20190317222143","is_ascension_mode":true,"campfire_choices":[{"data":"1","floor":6,"key":"LIFT"},{"floor":8,"key":"REST"},{"data":"2","floor":15,"key":"LIFT"}],"neow_cost":"NONE","seed_source_timestamp":447949583252632,"circlet_count":0,"master_deck":["AscendersBane","Strike_B","Strike_B","Strike_B","Strike_B","Defend_B","Defend_B","Defend_B+1","Defend_B","Zap","Dualcast+1","Capacitor","Go for the Eyes","Self Repair","Barrage","Leap","Glacier","All For One","Hologram","Gash+1","Ghostly","Ghostly","Ghostly"],"relics":["Cracked Core","NeowsBlessing","Girya","Ornamental Fan","Matryoshka","War Paint","Inserter"],"potions_floor_usage":[7,7,12,16,16,20],"damage_taken":[{"damage":0,"enemies":"2 Louse","floor":1,"turns":1},{"damage":0,"enemies":"Small Slimes","floor":4,"turns":1},{"damage":0,"enemies":"Cultist","floor":5,"turns":1},{"damage":45,"enemies":"3 Sentries","floor":7,"turns":8},{"damage":12,"enemies":"Blue Slaver","floor":10,"turns":3},{"damage":20,"enemies":"Gremlin Nob","floor":12,"turns":4},{"damage":0,"enemies":"Looter","floor":14,"turns":3},{"damage":19,"enemies":"Slime Boss","floor":16,"turns":6},{"damage":27,"enemies":"3 Byrds","floor":18,"turns":7},{"damage":0,"enemies":"2 Thieves","floor":20,"turns":1},{"damage":20,"enemies":"Snecko","floor":21,"turns":8},{"damage":14,"enemies":"Book of Stabbing","floor":23,"turns":4}],"seed_played":"-8528506504114897001","potions_obtained":[{"floor":1,"key":"GamblersBrew"},{"floor":7,"key":"Weak Potion"},{"floor":10,"key":"Swift Potion"},{"floor":12,"key":"GamblersBrew"},{"floor":14,"key":"SteroidPotion"}],"is_trial":false,"path_per_floor":["M","?","$","M","M","R","E","R","T","M","?","E","?","M","R","B",null,"M","?","M","M","?","E"],"character_chosen":"DEFECT","items_purchased":["FocusPotion"],"campfire_rested":1,"item_purchase_floors":[3],"current_hp_per_floor":[64,53,53,53,53,53,8,29,29,24,47,34,34,41,41,29,61,41,20,20,14,14,0],"gold":253,"neow_bonus":"THREE_ENEMY_KILL","is_prod":false,"is_daily":false,"chose_seed":false,"campfire_upgraded":0,"win_rate":0,"timestamp":1552875703,"path_taken":["M","?","$","M","M","R","E","R","T","M","?","E","?","M","R","BOSS","M","?","?","M","?","E"],"build_version":"2019-01-23","purchased_purges":0,"victory":false,"max_hp_per_floor":[71,71,71,71,71,71,71,71,71,71,71,71,71,71,71,71,71,71,71,71,71,35,35],"card_choices":[{"not_picked":["Recycle","Beam Cell"],"picked":"Capacitor","floor":1},{"not_picked":["Blizzard","BootSequence","Double Energy"],"picked":"SKIP","floor":4},{"not_picked":["Chaos","Skim"],"picked":"Go for the Eyes","floor":5},{"not_picked":["Machine Learning","Redo"],"picked":"Self Repair","floor":7},{"not_picked":["Consume","Heatsinks"],"picked":"Barrage","floor":10},{"not_picked":["Compile Driver","Thunder Strike"],"picked":"Leap","floor":12},{"not_picked":["Compile Driver","Streamline"],"picked":"Glacier","floor":14},{"not_picked":["Core Surge","Fission"],"picked":"All For One","floor":16},{"not_picked":["Turbo","Conserve Battery"],"picked":"Hologram","floor":18},{"not_picked":["Go for the Eyes","Beam Cell"],"picked":"Gash+1","floor":21}],"player_experience":579271,"relics_obtained":[{"floor":7,"key":"Ornamental Fan"},{"floor":9,"key":"Matryoshka"},{"floor":12,"key":"War Paint"}],"event_choices":[{"damage_healed":0,"gold_gain":0,"player_choice":"Success","damage_taken":11,"relics_obtained":["Girya"],"max_hp_gain":0,"max_hp_loss":0,"event_name":"Scrap Ooze","floor":2,"gold_loss":0},{"damage_healed":23,"gold_gain":0,"player_choice":"Banana","damage_taken":0,"max_hp_gain":0,"max_hp_loss":0,"event_name":"Big Fish","floor":11,"gold_loss":0},{"damage_healed":0,"gold_gain":0,"player_choice":"Ignored","damage_taken":0,"max_hp_gain":0,"max_hp_loss":0,"event_name":"Shining Light","floor":13,"gold_loss":0},{"damage_healed":0,"gold_gain":0,"player_choice":"POTION POTION ","damage_taken":21,"max_hp_gain":0,"max_hp_loss":0,"event_name":"Knowing Skull","floor":19,"potions_obtained":["SmokeBomb","FairyPotion"],"gold_loss":0,"cards_obtained":[]},{"damage_healed":0,"gold_gain":0,"player_choice":"Became a Ghost","damage_taken":0,"max_hp_gain":0,"max_hp_loss":36,"event_name":"Ghosts","floor":22,"gold_loss":0,"cards_obtained":["Ghostly","Ghostly","Ghostly"]}],"is_beta":false,"boss_relics":[{"not_picked":["Orrery","Busted Crown"],"picked":"Inserter"}],"items_purged_floors":[],"is_endless":false,"potions_floor_spawned":[1,7,10,12,14,20],"killed_by":"Book of Stabbing","ascension_level":18}