{"gold_per_floor":[116,126,146,45,57,57,57,57,57,72,106,126,26,43,43,143,143,160,180,198,34,52,52,72,171,224,224,256,267,281,281,281,281],"floor_reached":33,"playtime":2314,"items_purged":["Bash","Clothesline","Strike_R"],"score":253,"play_id":"319225d0-6f76-4f9b-a531-b91647ceffa8","local_time":"20180627130941","is_ascension_mode":false,"campfire_choices":[{"data":"Combust","floor":6,"key":"SMITH"},{"data":"Iron Wave","floor":8,"key":"SMITH"},{"data":"Iron Wave","floor":15,"key":"SMITH"},{"floor":23,"key":"REST"},{"floor":27,"key":"REST"},{"floor":32,"key":"REST"}],"neow_cost":"NONE","seed_source_timestamp":397623402294663,"circlet_count":0,"master_deck":["Strike_R","Strike_R","Strike_R","Defend_R","Defend_R","Defend_R","Defend_R","Combust+1","Seeing Red","Shrug It Off","Iron Wave+1","Iron Wave+1","Fire Breathing+1","Combust+1","Iron Wave","Cleave","Corruption+1","Flex","Battle Trance","Fire Breathing+1","Fire Breathing+1","Thunderclap","Pommel Strike","Shrug It Off","Seeing Red"],"relics":["Burning Blood","NeowsBlessing","Frozen Egg 2","Champion Belt","Orrery","Vajra","Red Mask"],"potions_floor_usage":[16,16,24,29,33,33],"damage_taken":[{"damage":0,"enemies":"Small Slimes","floor":1,"turns":2},{"damage":0,"enemies":"Cultist","floor":2,"turns":1},{"damage":0,"enemies":"2 Louse","floor":3,"turns":1},{"damage":11,"enemies":"Large Slime","floor":5,"turns":5},{"damage":2,"enemies":"2 Fungi Beasts","floor":10,"turns":3},{"damage":15,"enemies":"3 Sentries","floor":11,"turns":6},{"damage":10,"enemies":"Lots of Slimes","floor":12,"turns":3},{"damage":3,"enemies":"Red Slaver","floor":14,"turns":3},{"damage":66,"enemies":"Hexaghost","floor":16,"turns":10},{"damage":26,"enemies":"2 Thieves","floor":18,"turns":4},{"damage":3,"enemies":"3 Byrds","floor":19,"turns":3},{"damage":27,"enemies":"3 Cultists","floor":20,"turns":4},{"damage":9,"enemies":"Cultist and Chosen","floor":22,"turns":6},{"damage":21,"enemies":"Slaver and Parasite","floor":24,"turns":6},{"damage":34,"floor":28,"turns":4},{"damage":14,"enemies":"Snecko","floor":29,"turns":5},{"damage":18,"enemies":"Centurion and Healer","floor":30,"turns":5},{"damage":101,"enemies":"Champ","floor":33,"turns":9}],"seed_played":"8694481054587570797","potions_obtained":[{"floor":2,"key":"Ancient Potion"},{"floor":3,"key":"PowerPotion"},{"floor":10,"key":"Dexterity Potion"},{"floor":20,"key":"Explosive Potion"},{"floor":22,"key":"Fire Potion"},{"floor":29,"key":"Regen Potion"},{"floor":30,"key":"AttackPotion"}],"is_trial":false,"path_per_floor":["M","M","M","$","M","R","?","R","T","M","E","M","$","M","R","B",null,"M","M","M","$","M","R","M","?","T","R","?","M","M","?","R"],"character_chosen":"IRONCLAD","items_purchased":["Iron Wave","Fire Breathing+1"],"campfire_rested":3,"item_purchase_floors":[4,21],"current_hp_per_floor":[80,80,80,80,75,75,75,75,75,79,70,66,66,69,69,9,80,60,63,42,42,39,63,48,48,48,72,44,36,24,50,74,0],"gold":281,"neow_bonus":"THREE_ENEMY_KILL","is_prod":false,"is_daily":false,"chose_seed":false,"campfire_upgraded":3,"win_rate":0.0,"timestamp":1530072581,"path_taken":["M","M","M","$","M","R","?","R","T","M","E","M","?","M","R","BOSS","M","M","M","$","M","R","M","?","T","R","?","M","M","?","R","BOSS"],"build_version":"2018-06-21v2","purchased_purges":3,"victory":false,"max_hp_per_floor":[80,80,80,80,80,80,80,80,80,80,80,80,80,80,80,80,80,80,80,80,80,80,80,80,80,80,80,80,80,80,80,80,80],"card_choices":[{"not_picked":["Sword Boomerang","Headbutt"],"picked":"Combust","floor":1},{"not_picked":["Body Slam","Twin Strike"],"picked":"Seeing Red","floor":2},{"not_picked":["Heavy Blade","Spot Weakness"],"picked":"Shrug It Off","floor":3},{"not_picked":["Body Slam","Seeing Red"],"picked":"Iron Wave","floor":5},{"not_picked":["Armaments","Power Through"],"picked":"Fire Breathing+1","floor":10},{"not_picked":["Second Wind","Rupture+1"],"picked":"Combust+1","floor":11},{"not_picked":["Warcry","Dual Wield","Entrench"],"picked":"SKIP","floor":12},{"not_picked":["Clash","Warcry","Clothesline"],"picked":"SKIP","floor":14},{"not_picked":["Anger","Hemokinesis"],"picked":"Iron Wave","floor":17},{"not_picked":["Body Slam","Burning Pact"],"picked":"Cleave","floor":17},{"not_picked":["Pommel Strike","Reaper"],"picked":"Corruption+1","floor":18},{"not_picked":["True Grit","Body Slam"],"picked":"Flex","floor":19},{"not_picked":["Shrug It Off+1","Flex"],"picked":"Battle Trance","floor":20},{"not_picked":["True Grit","Heavy Blade+1"],"picked":"Fire Breathing+1","floor":22},{"not_picked":["Sever Soul","Body Slam+1"],"picked":"Thunderclap","floor":24},{"not_picked":["Clash","Clothesline+1"],"picked":"Pommel Strike","floor":28},{"not_picked":["Sever Soul+1","Pommel Strike"],"picked":"Shrug It Off","floor":29},{"not_picked":["Disarm","Spot Weakness"],"picked":"Seeing Red","floor":30}],"player_experience":42564,"relics_obtained":[{"floor":9,"key":"Frozen Egg 2"},{"floor":11,"key":"Champion Belt"},{"floor":26,"key":"Vajra"},{"floor":28,"key":"Red Mask"}],"event_choices":[{"event_name":"Transmorgrifier","player_choice":"Transform","floor":7,"damage_taken":0},{"event_name":"Nest","player_choice":"Stole From Cult","floor":25,"damage_taken":0},{"event_name":"Masked Bandits","player_choice":"Fought over 224 gold","floor":28,"damage_taken":0},{"event_name":"The Library","player_choice":"Heal","floor":31,"damage_taken":0}],"boss_relics":[{"not_picked":["Empty Cage","Fusion Hammer"],"picked":"Orrery"}],"items_purged_floors":[4,13,21],"is_endless":false,"potions_floor_spawned":[2,3,10,20,22,29,30],"killed_by":"Champ","ascension_level":0}