{"gold_per_floor":[218,2,2,2,13,13,40,40,64,92,92,108,118,133,133,208,208,227,244,244,604,244,244,258,258],"floor_reached":25,"playtime":1292,"items_purged":["Strike_R"],"score":422,"play_id":"26920ff9-f64e-40f7-9f3f-152b554d33c8","local_time":"20190321100233","is_ascension_mode":true,"campfire_choices":[{"data":"Carnage","floor":6,"key":"SMITH"},{"data":"Whirlwind","floor":11,"key":"SMITH"},{"floor":15,"key":"REST"},{"floor":23,"key":"REST"}],"neow_cost":"NONE","seed_source_timestamp":256569745018800,"circlet_count":0,"master_deck":["AscendersBane","Strike_R","Strike_R","Strike_R","Strike_R","Defend_R","Defend_R","Defend_R","Defend_R","Bash+1","Carnage+1","Corruption","Flash of Steel","Disarm+1","Disarm+1","Whirlwind+1","Thunderclap","Limit Break","Body Slam"],"relics":["Burning Blood","Champion Belt","War Paint","Centennial Puzzle","Busted Crown","Question Card"],"potions_floor_usage":[10,24,25],"damage_taken":[{"damage":0,"enemies":"Small Slimes","floor":1,"turns":4},{"damage":7,"enemies":"Jaw Worm","floor":5,"turns":3},{"damage":45,"enemies":"3 Sentries","floor":7,"turns":9},{"damage":9,"enemies":"Lagavulin","floor":10,"turns":6},{"damage":0,"enemies":"Cultist","floor":12,"turns":3},{"damage":6,"enemies":"Looter","floor":13,"turns":3},{"damage":2,"enemies":"2 Fungi Beasts","floor":14,"turns":3},{"damage":5,"enemies":"The Guardian","floor":16,"turns":11},{"damage":23,"enemies":"Shell Parasite","floor":18,"turns":6},{"damage":21,"enemies":"Chosen","floor":19,"turns":5},{"damage":10,"enemies":"Centurion and Healer","floor":24,"turns":5},{"damage":28,"enemies":"Cultist and Chosen","floor":25,"turns":5}],"seed_played":"-677771907386348871","potions_obtained":[{"floor":7,"key":"PowerPotion"},{"floor":12,"key":"SkillPotion"},{"floor":19,"key":"Strength Potion"},{"floor":24,"key":"Ancient Potion"}],"is_trial":false,"path_per_floor":["M","$","?","$","M","R","E","?","T","E","R","M","M","M","R","B",null,"M","M","?","?","$","R","M","M"],"character_chosen":"IRONCLAD","items_purchased":["Corruption","Flash of Steel","Disarm","Question Card"],"campfire_rested":2,"item_purchase_floors":[2,2,2,22],"current_hp_per_floor":[74,74,74,74,73,73,34,34,34,31,31,37,37,41,63,64,72,55,40,40,5,5,27,23,0],"gold":258,"neow_bonus":"HUNDRED_GOLD","is_prod":false,"is_daily":false,"chose_seed":false,"campfire_upgraded":2,"win_rate":0,"timestamp":1553151753,"path_taken":["M","$","?","?","M","R","E","?","T","E","R","M","M","?","R","BOSS","M","M","?","?","$","R","M","M"],"build_version":"2019-01-23","purchased_purges":1,"victory":false,"max_hp_per_floor":[75,75,75,75,75,75,75,75,75,75,75,75,75,75,75,75,75,75,75,75,75,75,75,75,75],"card_choices":[{"not_picked":["Thunderclap","True Grit"],"picked":"Carnage","floor":1},{"not_picked":["Bloodletting","Heavy Blade"],"picked":"Disarm","floor":5},{"not_picked":["Pummel","Anger"],"picked":"Whirlwind","floor":7},{"not_picked":["Twin Strike","Berserk","Clash"],"picked":"SKIP","floor":10},{"not_picked":["Dropkick","Heavy Blade"],"picked":"Thunderclap","floor":12},{"not_picked":["Pommel Strike","Cleave","Sever Soul"],"picked":"SKIP","floor":13},{"not_picked":["Pommel Strike","Cleave","Sever Soul"],"picked":"SKIP","floor":13},{"not_picked":["Second Wind","Sword Boomerang","Warcry"],"picked":"SKIP","floor":14},{"not_picked":["Barricade","Juggernaut"],"picked":"Limit Break","floor":16},{"not_picked":["Iron Wave"],"picked":"SKIP","floor":18},{"not_picked":["Iron Wave"],"picked":"SKIP","floor":18},{"not_picked":["Pommel Strike"],"picked":"SKIP","floor":19},{"not_picked":["Heavy Blade","Warcry"],"picked":"SKIP","floor":24}],"player_experience":970133,"relics_obtained":[{"floor":7,"key":"Champion Belt"},{"floor":9,"key":"War Paint"},{"floor":10,"key":"Centennial Puzzle"}],"event_choices":[{"damage_healed":0,"gold_gain":0,"player_choice":"Leave","damage_taken":0,"max_hp_gain":0,"max_hp_loss":0,"event_name":"The Cleric","floor":3,"gold_loss":0},{"damage_healed":0,"gold_gain":0,"player_choice":"Grow","damage_taken":0,"max_hp_gain":0,"max_hp_loss":0,"event_name":"Living Wall","floor":8,"gold_loss":0,"cards_upgraded":["Bash"]},{"damage_healed":0,"gold_gain":0,"player_choice":"Read","damage_taken":0,"max_hp_gain":0,"max_hp_loss":0,"event_name":"The Library","floor":20,"gold_loss":0,"cards_obtained":["Body Slam"]},{"damage_healed":0,"gold_gain":360,"player_choice":"GOLD GOLD GOLD GOLD ","damage_taken":35,"max_hp_gain":0,"max_hp_loss":0,"event_name":"Knowing Skull","floor":21,"potions_obtained":[],"gold_loss":0,"cards_obtained":[]}],"is_beta":false,"boss_relics":[{"not_picked":["Calling Bell","Fusion Hammer"],"picked":"Busted Crown"}],"items_purged_floors":[22],"is_endless":false,"potions_floor_spawned":[7,12,19,24],"killed_by":"Cultist and Chosen","ascension_level":20}