{"gold_per_floor":[112,122,47,47,64,64,14,30,30,46,46,59,59,79,79,182,182,198,198,184,184,204,204,215,215,242,253,272,272,285,304,304,304],"floor_reached":33,"playtime":2896,"items_purged":["Strike_G"],"score":245,"play_id":"01300d81-3ba7-4a6a-918b-60a0ef793e40","local_time":"20180625112858","is_ascension_mode":false,"campfire_choices":[{"data":"Survivor","floor":6,"key":"SMITH"},{"data":"Bouncing Flask","floor":11,"key":"SMITH"},{"floor":15,"key":"REST"},{"data":"Envenom","floor":23,"key":"SMITH"},{"floor":25,"key":"REST"},{"floor":29,"key":"REST"},{"data":"Blur","floor":32,"key":"SMITH"}],"neow_cost":"NONE","seed_source_timestamp":218216722889268,"circlet_count":0,"master_deck":["Defend_G","Defend_G","Defend_G","Strike_G","Survivor+1","Neutralize","Infinite Blades","Bouncing Flask+1","PiercingWail","Calculated Gamble","Envenom+1","Endless Agony+1","Bouncing Flask+1","Outmaneuver+1","Backstab+1","Backstab+1","Caltrops","Blur+1","Backflip","Backflip","Expertise+1"],"relics":["Ring of the Snake","Regal Pillow","Pantograph","Astrolabe","Bag of Preparation"],"potions_floor_usage":[12,16,31,33,33],"damage_taken":[{"damage":0,"enemies":"Jaw Worm","floor":1,"turns":4},{"damage":0,"enemies":"2 Louse","floor":2,"turns":2},{"damage":0,"enemies":"Small Slimes","floor":5,"turns":4},{"damage":11,"enemies":"3 Louse","floor":8,"turns":5},{"damage":0,"enemies":"Blue Slaver","floor":10,"turns":4},{"damage":9,"enemies":"Lots of Slimes","floor":12,"turns":4},{"damage":4,"enemies":"Looter","floor":14,"turns":3},{"damage":21,"enemies":"The Guardian","floor":16,"turns":8},{"damage":12,"enemies":"Shell Parasite","floor":18,"turns":3},{"damage":10,"enemies":"2 Thieves","floor":20,"turns":4},{"damage":20,"enemies":"Snecko","floor":22,"turns":5},{"damage":10,"enemies":"Snake Plant","floor":24,"turns":3},{"damage":15,"enemies":"3 Cultists","floor":27,"turns":6},{"damage":7,"enemies":"Centurion and Healer","floor":28,"turns":7},{"damage":0,"enemies":"Snake Plant","floor":30,"turns":3},{"damage":16,"enemies":"Snecko","floor":31,"turns":5},{"damage":73,"enemies":"Collector","floor":33,"turns":6}],"seed_played":"-4226254789962325714","potions_obtained":[{"floor":1,"key":"Block Potion"},{"floor":2,"key":"Weak Potion"},{"floor":12,"key":"GhostInAJar"},{"floor":13,"key":"EssenceOfSteel"},{"floor":20,"key":"Energy Potion"},{"floor":31,"key":"SteroidPotion"}],"is_trial":false,"path_per_floor":["M","M","$","?","M","R","?","M","T","M","R","M","?","M","R","B",null,"M","?","M","?","M","R","M","R","T","M","M","R","M","M","R"],"character_chosen":"THE_SILENT","items_purchased":[],"campfire_rested":3,"item_purchase_floors":[],"current_hp_per_floor":[70,70,70,63,63,63,63,52,52,52,52,43,43,39,70,49,70,58,58,48,48,28,28,18,54,54,39,32,68,68,52,52,0],"gold":304,"neow_bonus":"RANDOM_COMMON_RELIC","is_prod":false,"is_daily":false,"chose_seed":false,"campfire_upgraded":4,"win_rate":0.0,"timestamp":1529893738,"path_taken":["M","M","$","?","M","R","?","?","T","M","R","M","?","M","R","BOSS","M","?","M","?","M","R","M","R","T","M","?","R","M","M","R","BOSS"],"build_version":"2018-06-21v2","purchased_purges":1,"victory":false,"max_hp_per_floor":[70,70,70,70,70,70,70,70,70,70,70,70,70,70,70,70,70,70,70,70,70,70,70,70,70,70,70,70,70,70,70,70,70],"card_choices":[{"not_picked":["Deflect","Slice","Reflex"],"picked":"SKIP","floor":1},{"not_picked":["All Out Attack","Flying Knee"],"picked":"Infinite Blades","floor":2},{"not_picked":["Slice","Poisoned Stab","Dagger Spray"],"picked":"SKIP","floor":5},{"not_picked":["Outmaneuver","Acrobatics","Flechettes"],"picked":"SKIP","floor":8},{"not_picked":["Endless Agony","Terror"],"picked":"Bouncing Flask","floor":10},{"not_picked":["Outmaneuver","Bouncing Flask"],"picked":"PiercingWail","floor":12},{"not_picked":["Malaise","Skewer"],"picked":"Calculated Gamble","floor":14},{"not_picked":["Venomology","Bullet Time"],"picked":"Envenom","floor":16},{"not_picked":["Skewer","Deadly Poison"],"picked":"Backstab+1","floor":18},{"not_picked":["Dagger Throw","Malaise"],"picked":"Caltrops","floor":20},{"not_picked":["Eviscerate","Underhanded Strike","Acrobatics"],"picked":"SKIP","floor":22},{"not_picked":["Sucker Punch","Slice"],"picked":"Blur","floor":24},{"not_picked":["Poisoned Stab","PiercingWail+1"],"picked":"Backflip","floor":27},{"not_picked":["Tactician","Acrobatics","Choke"],"picked":"SKIP","floor":28},{"not_picked":["Dagger Spray","Poisoned Stab"],"picked":"Backflip","floor":30},{"not_picked":["Dagger Spray","Malaise+1"],"picked":"Expertise+1","floor":31}],"player_experience":24473,"relics_obtained":[{"floor":9,"key":"Pantograph"},{"floor":26,"key":"Bag of Preparation"}],"event_choices":[{"event_name":"Golden Wing","player_choice":"Card Removal","floor":4,"damage_taken":0},{"event_name":"The Cleric","player_choice":"Card Removal","floor":7,"damage_taken":0},{"event_name":"The Lab","player_choice":"Got Potions","floor":13,"damage_taken":0},{"event_name":"Duplicator","player_choice":"One dupe","floor":19,"damage_taken":0},{"event_name":"Drug Dealer","player_choice":"Ignored","floor":21,"damage_taken":0}],"boss_relics":[{"not_picked":["Busted Crown","Eternal Feather"],"picked":"Astrolabe"}],"items_purged_floors":[3],"is_endless":false,"potions_floor_spawned":[1,2,12,20,27,30,31],"killed_by":"Collector","ascension_level":0}