{"gold_per_floor":[111,261,277,143,143,143,176,189,213,253,253,70,84,84,84,173,173,198,198,198,216,1,1],"floor_reached":23,"playtime":973,"items_purged":["Doubt","Strike_B"],"score":355,"play_id":"53dcb154-8ce0-4a3f-a62d-8db29aa51428","local_time":"20190918215951","is_ascension_mode":true,"campfire_choices":[{"data":"Streamline","floor":6.0,"key":"SMITH"},{"floor":11.0,"key":"REST"},{"floor":15.0,"key":"REST"}],"neow_cost":"PERCENT_DAMAGE","seed_source_timestamp":418643379481100,"circlet_count":0,"master_deck":["AscendersBane","Strike_B+1","Defend_B","Defend_B","Defend_B","Defend_B","Zap","Dualcast","Chill","Streamline+1","Sweeping Beam","Machine Learning","Capacitor","Leap","Glacier","Ball Lightning+1","Echo Form","Writhe","Undo","Apotheosis"],"special_seed":0,"relics":["Cracked Core","Golden Idol","Odd Mushroom","PreservedInsect","Potion Belt","Whetstone","Inserter","Emotion Chip","Calipers"],"potions_floor_usage":[23,23],"damage_taken":[{"damage":12.0,"enemies":"Small Slimes","floor":1.0,"turns":4.0},{"damage":2.0,"enemies":"Jaw Worm","floor":3.0,"turns":4.0},{"damage":18.0,"enemies":"The Mushroom Lair","floor":7.0,"turns":4.0},{"damage":0.0,"enemies":"2 Louse","floor":8.0,"turns":3.0},{"damage":8.0,"enemies":"Gremlin Nob","floor":10.0,"turns":3.0},{"damage":12.0,"enemies":"Blue Slaver","floor":13.0,"turns":3.0},{"damage":14.0,"enemies":"The Guardian","floor":16.0,"turns":15.0},{"damage":0.0,"enemies":"Spheric Guardian","floor":18.0,"turns":7.0},{"damage":22.0,"enemies":"Shell Parasite","floor":21.0,"turns":9.0},{"damage":36,"enemies":"Gremlin Leader","floor":23,"turns":2}],"seed_played":"1192524092932994511","potions_obtained":[{"floor":8.0,"key":"SkillPotion"},{"floor":13.0,"key":"Ancient Potion"}],"is_trial":false,"path_per_floor":["M","?","M","$","?","R","?","M","T","E","R","$","M","T","R","B",null,"M","?","T","M","$","E"],"character_chosen":"DEFECT","items_purchased":["Sweeping Beam","Glacier","Apotheosis"],"campfire_rested":2,"item_purchase_floors":[4,12,22],"current_hp_per_floor":[34,34,32,32,32,32,14,14,14,6,25,25,13,13,32,18,53,53,53,53,31,31,0],"gold":1,"neow_bonus":"REMOVE_TWO","is_prod":false,"is_daily":false,"chose_seed":false,"campfire_upgraded":1,"win_rate":0,"timestamp":1568811591,"path_taken":["M","?","M","$","?","R","?","M","T","E","R","?","?","?","R","BOSS","M","?","?","?","$","E"],"build_version":"2019-07-17","purchased_purges":2,"victory":false,"max_hp_per_floor":[71,71,71,71,64,64,64,64,64,64,64,64,64,64,64,64,64,64,64,64,64,64,64],"card_choices":[{"not_picked":["Redo","Gash"],"picked":"Chill","floor":1.0},{"not_picked":["Steam","Compile Driver"],"picked":"Streamline","floor":3.0},{"not_picked":["Barrage","Stack"],"picked":"Machine Learning","floor":7.0},{"not_picked":["Steam","Doom and Gloom"],"picked":"Capacitor","floor":8.0},{"not_picked":["Aggregate","Meteor Strike"],"picked":"Leap","floor":10.0},{"not_picked":["Coolheaded","Conserve Battery"],"picked":"Ball Lightning","floor":13.0},{"not_picked":["Hyperbeam","Rainbow"],"picked":"Echo Form","floor":16.0},{"not_picked":["Steam Power","Redo","Steam"],"picked":"SKIP","floor":18.0},{"not_picked":["Leap","Scrape"],"picked":"Undo","floor":21.0}],"player_experience":415426,"relics_obtained":[{"floor":7.0,"key":"Odd Mushroom"},{"floor":9.0,"key":"PreservedInsect"},{"floor":10.0,"key":"Potion Belt"},{"floor":14.0,"key":"Whetstone"},{"floor":20.0,"key":"Calipers"}],"event_choices":[{"damage_healed":0.0,"max_hp_gain":0.0,"max_hp_loss":0.0,"gold_gain":150.0,"event_name":"Liars Game","player_choice":"AGREE","floor":2.0,"gold_loss":0.0,"damage_taken":0.0,"cards_obtained":["Doubt"]},{"damage_healed":0.0,"max_hp_gain":0.0,"max_hp_loss":7.0,"gold_gain":0.0,"event_name":"Golden Idol","player_choice":"Lose Max HP","floor":5.0,"gold_loss":0.0,"damage_taken":0.0,"relics_obtained":["Golden Idol"]},{"damage_healed":0.0,"max_hp_gain":0.0,"max_hp_loss":0.0,"gold_gain":0.0,"event_name":"Mushrooms","player_choice":"Fought Mushrooms","floor":7.0,"gold_loss":0.0,"damage_taken":0.0},{"damage_healed":0.0,"max_hp_gain":0.0,"max_hp_loss":0.0,"gold_gain":0.0,"event_name":"The Mausoleum","player_choice":"Opened","floor":19.0,"gold_loss":0.0,"damage_taken":0.0,"relics_obtained":["Emotion Chip"],"cards_obtained":["Writhe"]}],"is_beta":false,"boss_relics":[{"not_picked":["Runic Dome","Nuclear Battery"],"picked":"Inserter"}],"items_purged_floors":[4,12],"is_endless":false,"potions_floor_spawned":[8,13],"killed_by":"Gremlin Leader","ascension_level":18}