{"gold_per_floor":[363,438,453,47,64,64,90,90,90,124,124,135,135,155,155,234,234,249,349,359,372,384,414,414,446,446,446,461,490,104,117,117,188,188,201,201,215,228,238,238],"floor_reached":40,"playtime":2619,"items_purged":["Strike_R","Strike_R"],"score":1020,"play_id":"ad246626-8798-4f4d-b98b-63c7f4557c93","local_time":"20190328171821","is_ascension_mode":true,"campfire_choices":[{"data":"Uppercut","floor":8,"key":"SMITH"},{"data":"Immolate","floor":11,"key":"SMITH"},{"data":"Bash","floor":15,"key":"SMITH"},{"data":"Corruption","floor":24,"key":"SMITH"},{"data":"Fiend Fire","floor":27,"key":"SMITH"},{"floor":32,"key":"REST"}],"neow_cost":"PERCENT_DAMAGE","seed_source_timestamp":886240091608800,"circlet_count":0,"master_deck":["AscendersBane","Bash+1","Carnage","Pommel Strike","Immolate+1","Uppercut+1","Bash+1","Fiend Fire+1","Iron Wave","Barricade","Flex","Disarm","Body Slam+1","Corruption+1","Thunderclap+1","Panacea","Armaments","Feel No Pain","Reaper","Perfected Strike","Intimidate","Cleave","Evolve","Intimidate","Evolve","Wild Strike","Power Through","Infernal Blade+1","Armaments","True Grit"],"relics":["Burning Blood","Bag of Marbles","Champion Belt","Mango","Bottled Flame","Runic Pyramid","Gambling Chip","Pantograph","Whetstone","Dodecahedron","Pocketwatch","Sundial","PreservedInsect","Pandora\u0027s Box"],"potions_floor_usage":[7,19,23,29,38,40],"damage_taken":[{"damage":1,"enemies":"Small Slimes","floor":1,"turns":4},{"damage":1,"enemies":"2 Louse","floor":3,"turns":3},{"damage":0,"enemies":"Cultist","floor":5,"turns":2},{"damage":25,"enemies":"Lagavulin","floor":7,"turns":5},{"damage":17,"enemies":"3 Sentries","floor":10,"turns":5},{"damage":0,"enemies":"3 Louse","floor":12,"turns":1},{"damage":0,"enemies":"2 Fungi Beasts","floor":14,"turns":1},{"damage":34,"enemies":"Hexaghost","floor":16,"turns":9},{"damage":16,"enemies":"Spheric Guardian","floor":18,"turns":4},{"damage":5,"enemies":"Colosseum Slavers","floor":19,"turns":2},{"damage":0,"enemies":"Colosseum Nobs","floor":19,"turns":2},{"damage":17,"enemies":"2 Thieves","floor":20,"turns":3},{"damage":13,"enemies":"Centurion and Healer","floor":21,"turns":4},{"damage":14,"enemies":"Snake Plant","floor":22,"turns":3},{"damage":0,"enemies":"Slavers","floor":23,"turns":2},{"damage":5,"enemies":"Gremlin Leader","floor":25,"turns":4},{"damage":0,"enemies":"Cultist and Chosen","floor":28,"turns":2},{"damage":0,"enemies":"Slavers","floor":29,"turns":2},{"damage":0,"enemies":"Sentry and Sphere","floor":31,"turns":3},{"damage":31,"enemies":"Automaton","floor":33,"turns":9},{"damage":7,"enemies":"Orb Walker","floor":35,"turns":2},{"damage":26,"enemies":"3 Darklings","floor":37,"turns":3},{"damage":40,"enemies":"Transient","floor":38,"turns":6},{"damage":9,"enemies":"Maw","floor":39,"turns":9},{"damage":56,"enemies":"Giant Head","floor":40,"turns":5}],"seed_played":"7264637073454104957","potions_obtained":[{"floor":1,"key":"Energy Potion"},{"floor":7,"key":"Block Potion"},{"floor":16,"key":"AttackPotion"},{"floor":19,"key":"GamblersBrew"},{"floor":22,"key":"SkillPotion"},{"floor":25,"key":"SteroidPotion"},{"floor":33,"key":"Fire Potion"}],"is_trial":false,"path_per_floor":["M","?","M","$","M","?","E","R","T","E","R","M","?","M","R","B",null,"M","?","M","M","M","E","R","E","T","R","M","E","$","M","R","B",null,"M","?","M","M","M","E"],"character_chosen":"IRONCLAD","items_purchased":["Immolate","Bag of Marbles","Panacea","Armaments","PreservedInsect"],"campfire_rested":1,"item_purchase_floors":[4,4,30,30,30],"current_hp_per_floor":[55,44,49,49,55,55,36,36,50,39,39,45,45,51,51,23,73,63,70,59,52,44,50,50,51,51,51,57,63,63,69,89,64,83,82,82,70,36,33,0],"gold":238,"neow_bonus":"TWO_FIFTY_GOLD","is_prod":false,"is_daily":false,"chose_seed":false,"campfire_upgraded":5,"win_rate":0,"timestamp":1553782701,"path_taken":["M","?","M","$","M","?","E","R","T","E","R","M","?","?","R","BOSS","M","?","M","M","M","E","R","E","T","R","M","E","$","M","R","BOSS","M","?","M","M","M","E"],"build_version":"2019-01-23","purchased_purges":2,"victory":false,"max_hp_per_floor":[75,75,75,75,75,75,75,75,89,89,89,89,89,89,89,89,89,89,89,89,89,89,89,89,89,89,89,89,89,89,89,89,89,89,89,85,85,85,85,85],"card_choices":[{"not_picked":["Headbutt","Perfected Strike"],"picked":"Carnage","floor":1},{"not_picked":["True Grit","Havoc"],"picked":"Pommel Strike","floor":3},{"not_picked":["Cleave","Bloodletting"],"picked":"Uppercut","floor":5},{"not_picked":["Fiend Fire","Body Slam","Rupture"],"picked":"SKIP","floor":7},{"not_picked":["Wild Strike","Barricade","Searing Blow"],"picked":"SKIP","floor":10},{"not_picked":["Anger","Warcry","Body Slam"],"picked":"SKIP","floor":12},{"not_picked":["Anger","Hemokinesis"],"picked":"Iron Wave","floor":14},{"not_picked":["Fiend Fire","Offering"],"picked":"Barricade","floor":16},{"not_picked":["Sword Boomerang+1","Headbutt"],"picked":"Flex","floor":18},{"not_picked":["Shrug It Off","Wild Strike+1"],"picked":"Disarm","floor":19},{"not_picked":["Body Slam","Wild Strike","Power Through+1"],"picked":"SKIP","floor":20},{"not_picked":["Warcry","Metallicize"],"picked":"Body Slam+1","floor":21},{"not_picked":["Heavy Blade","Second Wind"],"picked":"Corruption","floor":22},{"not_picked":["Perfected Strike","Flex","Havoc"],"picked":"SKIP","floor":23},{"not_picked":["Berserk","Corruption","Offering"],"picked":"SKIP","floor":25},{"not_picked":["Dual Wield","Armaments"],"picked":"Thunderclap+1","floor":28},{"not_picked":["Battle Trance","Perfected Strike","Barricade"],"picked":"SKIP","floor":29},{"not_picked":["Battle Trance","Perfected Strike","Barricade"],"picked":"SKIP","floor":29},{"not_picked":["Battle Trance","Perfected Strike","Barricade"],"picked":"SKIP","floor":29},{"not_picked":["Battle Trance","Perfected Strike","Barricade"],"picked":"SKIP","floor":29},{"not_picked":["Body Slam+1","Havoc"],"picked":"Feel No Pain","floor":31},{"not_picked":["Barricade","Limit Break"],"picked":"Reaper","floor":33},{"not_picked":["Fire Breathing+1","Armaments"],"picked":"Power Through","floor":35},{"not_picked":["Warcry","Combust+1"],"picked":"Infernal Blade+1","floor":37},{"not_picked":["Sword Boomerang","Headbutt"],"picked":"Armaments","floor":38},{"not_picked":["Clothesline","Reckless Charge"],"picked":"True Grit","floor":39}],"player_experience":1039386,"relics_obtained":[{"floor":7,"key":"Champion Belt"},{"floor":9,"key":"Mango"},{"floor":10,"key":"Bottled Flame"},{"floor":19,"key":"Gambling Chip"},{"floor":19,"key":"Pantograph"},{"floor":23,"key":"Whetstone"},{"floor":25,"key":"Dodecahedron"},{"floor":26,"key":"Pocketwatch"},{"floor":29,"key":"Sundial"}],"event_choices":[{"damage_healed":0,"gold_gain":75,"player_choice":"Gather Gold","damage_taken":11,"max_hp_gain":0,"max_hp_loss":0,"event_name":"World of Goop","floor":2,"gold_loss":0},{"damage_healed":0,"gold_gain":0,"player_choice":"Ignored","damage_taken":0,"max_hp_gain":0,"max_hp_loss":0,"event_name":"Shining Light","floor":6,"gold_loss":0},{"damage_healed":0,"gold_gain":0,"player_choice":"2 cards matched","damage_taken":0,"max_hp_gain":0,"max_hp_loss":0,"event_name":"Match and Keep!","floor":13,"gold_loss":0,"cards_obtained":["Bash","Fiend Fire"]},{"damage_healed":0,"gold_gain":0,"player_choice":"Fight","damage_taken":0,"max_hp_gain":0,"max_hp_loss":0,"event_name":"Colosseum","floor":19,"gold_loss":0},{"damage_healed":0,"gold_gain":0,"player_choice":"Fought Nobs","damage_taken":0,"max_hp_gain":0,"max_hp_loss":0,"event_name":"Colosseum","floor":19,"gold_loss":0},{"damage_healed":0,"gold_gain":0,"player_choice":"Max HP","damage_taken":0,"max_hp_gain":0,"max_hp_loss":4,"event_name":"Winding Halls","floor":36,"gold_loss":0}],"is_beta":false,"boss_relics":[{"not_picked":["Fusion Hammer","Empty Cage"],"picked":"Runic Pyramid"},{"not_picked":["Tiny House","Black Blood"],"picked":"Pandora\u0027s Box"}],"items_purged_floors":[4,30],"is_endless":false,"potions_floor_spawned":[1,7,16,19,19,22,25,28,33,35],"killed_by":"Giant Head","ascension_level":20}