{"gold_per_floor":[112,112,130,144,244,244,264,298,298,329,344,364,394,420,432,546,558,570],"floor_reached":18,"playtime":730,"items_purged":[],"score":172,"play_id":"6f3a2897-7c96-45a9-90f8-2b611231862b","local_time":"20190930153614","is_ascension_mode":false,"campfire_choices":[{"data":"Berserk","floor":6,"key":"SMITH"},{"data":"Armaments","floor":15,"key":"SMITH"}],"neow_cost":"NONE","seed_source_timestamp":313489326045900,"circlet_count":0,"master_deck":["Strike_R","Strike_R+1","Strike_R","Strike_R","Strike_R","Defend_R","Defend_R","Defend_R","Defend_R+1","Bash","Thunderclap","Berserk+1","Clothesline","Whirlwind","Disarm","Anger","Feed","Armaments+1","Immolate"],"relics":["Burning Blood","Bag of Marbles","Gambling Chip","Champion Belt","Shovel","Odd Mushroom","MawBank","Fusion Hammer"],"potions_floor_usage":[],"damage_taken":[{"damage":6,"enemies":"Jaw Worm","floor":1,"turns":4},{"damage":0,"enemies":"Small Slimes","floor":3,"turns":2},{"damage":1,"enemies":"Cultist","floor":4,"turns":3},{"damage":7,"enemies":"Looter","floor":7,"turns":3},{"damage":13,"enemies":"Lagavulin","floor":8,"turns":7},{"damage":11,"enemies":"Gremlin Nob","floor":10,"turns":4},{"damage":0,"enemies":"3 Louse","floor":11,"turns":1},{"damage":0,"enemies":"The Mushroom Lair","floor":12,"turns":2},{"damage":7,"enemies":"2 Fungi Beasts","floor":14,"turns":5},{"damage":11,"enemies":"Slime Boss","floor":16,"turns":7},{"damage":0,"enemies":"3 Byrds","floor":18,"turns":1}],"seed_played":"3704473849274518934","potions_obtained":[{"floor":1,"key":"Regen Potion"},{"floor":4,"key":"SneckoOil"},{"floor":7,"key":"GamblersBrew"},{"floor":12,"key":"Weak Potion"}],"is_trial":false,"path_per_floor":["M","?","M","M","?","R","M","E","T","E","M","?","?","M","R","B",null,"M"],"character_chosen":"IRONCLAD","items_purchased":[],"campfire_rested":0,"item_purchase_floors":[],"current_hp_per_floor":[80,64,70,75,75,75,74,67,67,62,68,74,74,76,76,71,83,83],"gold":570,"neow_bonus":"RANDOM_COMMON_RELIC","is_prod":false,"is_daily":false,"chose_seed":false,"campfire_upgraded":2,"win_rate":0,"timestamp":1569846974,"path_taken":["M","?","M","M","?","R","M","E","T","E","?","?","?","M","R","BOSS","M"],"build_version":"2019-07-17","purchased_purges":0,"victory":false,"max_hp_per_floor":[80,80,80,80,80,80,80,80,80,80,80,80,80,83,83,83,83,83],"card_choices":[{"not_picked":["Wild Strike","Blood for Blood","Power Through"],"picked":"SKIP","floor":1},{"not_picked":["Heavy Blade","Armaments"],"picked":"Thunderclap","floor":3},{"not_picked":["Pommel Strike","Flex"],"picked":"Berserk","floor":4},{"not_picked":["Inflame","Thunderclap"],"picked":"Clothesline","floor":7},{"not_picked":["Rage","Seeing Red"],"picked":"Whirlwind","floor":8},{"not_picked":["Iron Wave","Warcry"],"picked":"Disarm","floor":10},{"not_picked":["Heavy Blade","Fire Breathing"],"picked":"Anger","floor":11},{"not_picked":["Shrug It Off","Body Slam"],"picked":"Feed","floor":12},{"not_picked":["Clash","Power Through"],"picked":"Armaments","floor":14},{"not_picked":["Reaper","Offering"],"picked":"Immolate","floor":16}],"player_experience":1339068,"relics_obtained":[{"floor":8,"key":"Gambling Chip"},{"floor":9,"key":"Champion Belt"},{"floor":10,"key":"Shovel"},{"floor":12,"key":"Odd Mushroom"}],"event_choices":[{"damage_healed":0,"gold_gain":0,"player_choice":"Entered Light","damage_taken":16,"max_hp_gain":0,"max_hp_loss":0,"event_name":"Shining Light","floor":2,"gold_loss":0,"cards_upgraded":["Strike_R","Defend_R"]},{"damage_healed":0,"gold_gain":100,"player_choice":"Pray","damage_taken":0,"max_hp_gain":0,"max_hp_loss":0,"event_name":"Golden Shrine","floor":5,"gold_loss":0},{"damage_healed":0,"gold_gain":0,"player_choice":"Fought Mushrooms","damage_taken":0,"max_hp_gain":0,"max_hp_loss":0,"event_name":"Mushrooms","floor":12,"gold_loss":0},{"damage_healed":0,"gold_gain":30,"player_choice":"Searched \u00272\u0027 times","damage_taken":0,"relics_obtained":["MawBank"],"max_hp_gain":0,"max_hp_loss":0,"event_name":"Dead Adventurer","floor":13,"gold_loss":0}],"is_beta":false,"boss_relics":[{"not_picked":["White Beast Statue","Lizard Tail"],"picked":"Fusion Hammer"}],"items_purged_floors":[],"is_endless":false,"potions_floor_spawned":[1,4,7,12,16],"killed_by":"3 Byrds","ascension_level":0}