{"gold_per_floor":[112,125,144,163,163,163,192,192,192,192,1,16,26,26,26,122,122,137,155,155,173,98,98,129,129,129,129,145,172,172,99,99,202,202,217,232,232,89,106,106,106,117,117,25,37,47,47,60,60,60],"floor_reached":50,"playtime":2280,"items_purged":["Phantasmal Killer"],"score":630,"play_id":"d6da726d-7b70-47d7-96d6-a14b2d890289","local_time":"20190924012456","is_ascension_mode":true,"campfire_choices":[{"data":"Neutralize","floor":6.0,"key":"SMITH"},{"data":"Bane","floor":10.0,"key":"SMITH"},{"floor":15.0,"key":"REST"},{"data":"Apotheosis","floor":23.0,"key":"SMITH"},{"floor":25.0,"key":"REST"},{"floor":27.0,"key":"REST"},{"floor":30.0,"key":"REST"},{"floor":32.0,"key":"REST"},{"floor":40,"key":"REST"},{"floor":49,"key":"REST"}],"neow_cost":"NONE","seed_source_timestamp":113778775058200,"circlet_count":0,"master_deck":["Strike_G","Strike_G","Defend_G","Defend_G","Defend_G","Defend_G","Defend_G","Survivor","Neutralize+1","Bouncing Flask","Dagger Spray","Footwork+1","Backflip","PiercingWail","Backflip","Bane+1","Sucker Punch","PiercingWail","Apotheosis+1","Dodge and Roll","Backstab","Die Die Die","Caltrops+1","Poisoned Stab","Deflect+1","Footwork","Footwork","Burst","Outmaneuver+1","Parasite","Noxious Fumes","Madness","Madness","Backflip","Finesse","Blur+1","Noxious Fumes+1","Acrobatics+1"],"special_seed":0,"relics":["Orrery","Torii","Letter Opener","Sozu","Paper Crane","Bag of Marbles","Mercury Hourglass","Empty Cage","Snake Skull","Bird Faced Urn"],"potions_floor_usage":[],"damage_taken":[{"damage":0.0,"enemies":"Jaw Worm","floor":1.0,"turns":5.0},{"damage":11.0,"enemies":"Small Slimes","floor":2.0,"turns":4.0},{"damage":1.0,"enemies":"Cultist","floor":3.0,"turns":3.0},{"damage":2.0,"enemies":"Red Slaver","floor":4.0,"turns":5.0},{"damage":32.0,"enemies":"Gremlin Nob","floor":7.0,"turns":5.0},{"damage":20.0,"enemies":"Exordium Wildlife","floor":12.0,"turns":8.0},{"damage":1.0,"enemies":"Looter","floor":13.0,"turns":4.0},{"damage":1.0,"enemies":"The Guardian","floor":16.0,"turns":11.0},{"damage":1.0,"enemies":"Chosen","floor":18.0,"turns":6.0},{"damage":0.0,"enemies":"Spheric Guardian","floor":19.0,"turns":5.0},{"damage":11.0,"enemies":"Cultist and Chosen","floor":21.0,"turns":5.0},{"damage":29.0,"enemies":"Gremlin Leader","floor":24.0,"turns":9.0},{"damage":9.0,"enemies":"Shelled Parasite and Fungi","floor":28.0,"turns":5.0},{"damage":34.0,"enemies":"Slavers","floor":29.0,"turns":6.0},{"damage":21.0,"enemies":"Champ","floor":33.0,"turns":13.0},{"damage":14.0,"enemies":"3 Darklings","floor":35.0,"turns":7.0},{"damage":8.0,"enemies":"3 Shapes","floor":36.0,"turns":3.0},{"damage":3,"enemies":"Writhing Mass","floor":39,"turns":7},{"damage":18,"enemies":"4 Shapes","floor":42,"turns":6},{"damage":6,"enemies":"Maw","floor":45,"turns":8},{"damage":34,"enemies":"Sphere and 2 Shapes","floor":46,"turns":5},{"damage":20,"enemies":"3 Darklings","floor":48,"turns":4},{"damage":41,"enemies":"Donu and Deca","floor":50,"turns":7}],"seed_played":"2535659897990440646","potions_obtained":[{"floor":3.0,"key":"Strength Potion"},{"floor":13.0,"key":"Ancient Potion"},{"floor":16.0,"key":"Regen Potion"}],"is_trial":false,"path_per_floor":["M","M","M","M","?","R","E","?","T","R","$","M","M","$","R","B",null,"M","M","?","M","$","R","E","R","T","R","M","E","R","$","R","B",null,"M","M","?","$","M","R","?","M","T","$","M","M","$","M","R","B"],"character_chosen":"THE_SILENT","items_purchased":["Apotheosis","Footwork","Snake Skull","Finesse"],"campfire_rested":7,"item_purchase_floors":[11,31,38,44],"current_hp_per_floor":[70,59,58,56,56,56,24,24,24,24,24,4,3,3,24,23,58,57,57,44,33,33,33,4,26,26,48,53,19,41,41,63,42,67,53,45,45,45,42,64,55,37,37,37,41,15,15,5,27,0],"gold":60,"neow_bonus":"BOSS_RELIC","is_prod":false,"is_daily":false,"chose_seed":false,"campfire_upgraded":3,"win_rate":0,"timestamp":1569255896,"path_taken":["M","M","M","M","?","R","E","?","T","R","$","?","M","?","R","BOSS","M","M","?","M","$","R","E","R","T","R","M","E","R","$","R","BOSS","M","M","?","$","M","R","?","M","T","?","M","?","$","M","R","BOSS"],"build_version":"2019-07-17","purchased_purges":1,"victory":false,"max_hp_per_floor":[70,70,70,70,70,70,70,70,70,70,70,70,70,70,70,70,70,70,70,75,75,75,75,75,75,75,75,75,75,75,75,75,75,75,75,75,75,75,75,75,75,75,75,75,75,75,75,75,75,75],"card_choices":[{"not_picked":["Deadly Poison","Deflect"],"picked":"Bouncing Flask","floor":0.0},{"not_picked":["Blade Dance","Terror"],"picked":"Dagger Spray","floor":0.0},{"not_picked":["Prepared","Deflect"],"picked":"Footwork","floor":0.0},{"not_picked":["Reflex","Dagger Spray"],"picked":"Backflip","floor":0.0},{"not_picked":["Quick Slash","Dash"],"picked":"PiercingWail","floor":0.0},{"not_picked":["Predator","Dagger Throw"],"picked":"Backflip","floor":1.0},{"not_picked":["Bullet Time","Caltrops"],"picked":"Bane","floor":2.0},{"not_picked":["Underhanded Strike","Cloak And Dagger","Concentrate"],"picked":"SKIP","floor":3.0},{"not_picked":["Tactician","All Out Attack"],"picked":"Sucker Punch","floor":4.0},{"not_picked":["Sucker Punch","Bane"],"picked":"PiercingWail","floor":7.0},{"not_picked":["Deadly Poison","Calculated Gamble"],"picked":"Dodge and Roll","floor":12.0},{"not_picked":["Quick Slash","Outmaneuver"],"picked":"Backstab","floor":13.0},{"not_picked":["Glass Knife","Venomology"],"picked":"Die Die Die","floor":16.0},{"not_picked":["Distraction","Quick Slash"],"picked":"Caltrops+1","floor":18.0},{"not_picked":["Flying Knee","Dagger Spray"],"picked":"Poisoned Stab","floor":19.0},{"not_picked":["Backflip","Underhanded Strike+1"],"picked":"Deflect+1","floor":21.0},{"not_picked":["Expertise","Venomology","Quick Slash"],"picked":"SKIP","floor":24.0},{"not_picked":["Bane","Flechettes","Tactician"],"picked":"SKIP","floor":28.0},{"not_picked":["Adrenaline","Underhanded Strike"],"picked":"Footwork","floor":29.0},{"not_picked":["Glass Knife","Adrenaline"],"picked":"Burst","floor":33.0},{"not_picked":["PiercingWail","Flying Knee"],"picked":"Outmaneuver+1","floor":35.0},{"not_picked":["Backflip","Reflex+1","Deadly Poison"],"picked":"SKIP","floor":36.0},{"not_picked":["Wraith Form v2","Reflex+1"],"picked":"Noxious Fumes","floor":39},{"not_picked":["Predator+1","Poisoned Stab"],"picked":"Backflip","floor":42},{"not_picked":["Dagger Spray+1","Dodge and Roll"],"picked":"Blur+1","floor":45},{"not_picked":["Blade Dance+1","Choke+1"],"picked":"Noxious Fumes+1","floor":46},{"not_picked":["Infinite Blades+1","Blade Dance"],"picked":"Acrobatics+1","floor":48}],"player_experience":444762,"relics_obtained":[{"floor":7.0,"key":"Torii"},{"floor":9.0,"key":"Letter Opener"},{"floor":24.0,"key":"Paper Crane"},{"floor":26.0,"key":"Bag of Marbles"},{"floor":29.0,"key":"Mercury Hourglass"},{"floor":43,"key":"Bird Faced Urn"}],"event_choices":[{"damage_healed":0.0,"max_hp_gain":0.0,"max_hp_loss":0.0,"gold_gain":0.0,"event_name":"Living Wall","player_choice":"Grow","floor":5.0,"gold_loss":0.0,"damage_taken":0.0,"cards_upgraded":["Footwork"]},{"damage_healed":0.0,"max_hp_gain":0.0,"max_hp_loss":0.0,"gold_gain":0.0,"cards_transformed":["Strike_G"],"event_name":"Transmorgrifier","player_choice":"Transformed","floor":8.0,"gold_loss":0.0,"damage_taken":0.0,"cards_obtained":["Phantasmal Killer"]},{"damage_healed":0.0,"max_hp_gain":5.0,"max_hp_loss":0.0,"gold_gain":0.0,"event_name":"Forgotten Altar","player_choice":"Shed Blood","floor":20.0,"gold_loss":0.0,"damage_taken":18.0},{"damage_healed":0,"gold_gain":0,"player_choice":"Ignored","damage_taken":0,"max_hp_gain":0,"max_hp_loss":0,"event_name":"Mysterious Sphere","floor":37,"gold_loss":0},{"damage_healed":0,"gold_gain":0,"player_choice":"Embrace Madness","damage_taken":9,"max_hp_gain":0,"max_hp_loss":0,"event_name":"Winding Halls","floor":41,"gold_loss":0,"cards_obtained":["Madness","Madness"]}],"is_beta":false,"boss_relics":[{"not_picked":["Fusion Hammer","Busted Crown"],"picked":"Sozu"},{"not_picked":["Tiny House","Pandora\u0027s Box"],"picked":"Empty Cage"}],"items_purged_floors":[22],"is_endless":false,"potions_floor_spawned":[3,13,16,24,28,29,33,35,39,45],"killed_by":"Donu and Deca","ascension_level":5}