{"gold_per_floor":[215,215,234,24,34,34,65,65,110,129,129,145,177,189,201,287,299,323,335,347,372,397,409,451,482,494,506,532,564,576,6,6,83,83,96,115,131,142,153,153,173,200,223,237,14,14],"floor_reached":46,"playtime":2610,"items_purged":["Strike_R"],"score":1022,"play_id":"12c8935e-7ec4-45d1-b709-5133f2ad2327","local_time":"20190417111339","is_ascension_mode":true,"campfire_choices":[{"data":"Bash","floor":6,"key":"SMITH"},{"data":"Clothesline","floor":8,"key":"SMITH"},{"data":"Perfected Strike","floor":11,"key":"SMITH"},{"data":"Carnage","floor":15,"key":"SMITH"},{"floor":23,"key":"REST"},{"data":"Limit Break","floor":27,"key":"SMITH"},{"floor":30,"key":"REST"},{"floor":32,"key":"REST"},{"data":"Heavy Blade","floor":40,"key":"SMITH"}],"neow_cost":"NONE","seed_source_timestamp":791281431945700,"circlet_count":0,"master_deck":["AscendersBane","Strike_R","Strike_R","Strike_R","Defend_R","Defend_R","Defend_R","Defend_R","Bash+1","Clothesline+1","Metallicize","Impervious","Evolve","Carnage+1","Limit Break+1","Thunderclap","Dropkick","Juggernaut","Headbutt","Heavy Blade+1","Shrug It Off","Shockwave","Flex+1","Reaper","Spot Weakness","Flame Barrier","Brutality","Power Through+1","Feel No Pain","Iron Wave+1","Flame Barrier","True Grit","Reaper"],"relics":["Burning Blood","Omamori","Vajra","Happy Flower","Anchor","MawBank","Cursed Key","Bag of Preparation","Medical Kit","Runic Pyramid","Art of War","Blood Vial","DollysMirror"],"potions_floor_usage":[7,24,24,46,46],"damage_taken":[{"damage":7,"enemies":"2 Louse","floor":1,"turns":4},{"damage":7,"enemies":"Cultist","floor":3,"turns":4},{"damage":5,"enemies":"Small Slimes","floor":5,"turns":3},{"damage":8,"enemies":"Gremlin Nob","floor":7,"turns":3},{"damage":0,"enemies":"Looter","floor":10,"turns":4},{"damage":0,"enemies":"Exordium Wildlife","floor":12,"turns":4},{"damage":9,"enemies":"3 Sentries","floor":13,"turns":7},{"damage":27,"enemies":"The Guardian","floor":16,"turns":10},{"damage":13,"enemies":"Spheric Guardian","floor":18,"turns":4},{"damage":14,"enemies":"Shell Parasite","floor":21,"turns":6},{"damage":9,"enemies":"Cultist and Chosen","floor":22,"turns":6},{"damage":22,"enemies":"Slavers","floor":24,"turns":4},{"damage":14,"enemies":"Centurion and Healer","floor":25,"turns":5},{"damage":20,"enemies":"Snecko","floor":28,"turns":4},{"damage":13,"enemies":"Snake Plant","floor":29,"turns":4},{"damage":54,"enemies":"Collector","floor":33,"turns":9},{"damage":32,"enemies":"3 Darklings","floor":35,"turns":6},{"damage":22,"enemies":"3 Shapes","floor":36,"turns":6},{"damage":25,"enemies":"Jaw Worm Horde","floor":37,"turns":6},{"damage":1,"enemies":"Sphere and 2 Shapes","floor":38,"turns":6},{"damage":41,"enemies":"Maw","floor":39,"turns":7},{"damage":0,"enemies":"4 Shapes","floor":41,"turns":4},{"damage":125,"enemies":"Giant Head","floor":42,"turns":10},{"damage":24,"enemies":"Transient","floor":44,"turns":6},{"damage":48,"enemies":"Reptomancer","floor":46,"turns":3}],"seed_played":"-7876634787110713429","potions_obtained":[{"floor":3,"key":"SteroidPotion"},{"floor":5,"key":"Fire Potion"},{"floor":10,"key":"SmokeBomb"},{"floor":12,"key":"Ancient Potion"},{"floor":25,"key":"Fire Potion"},{"floor":33,"key":"Fire Potion"},{"floor":41,"key":"PowerPotion"},{"floor":42,"key":"Regen Potion"}],"is_trial":false,"path_per_floor":["M","?","M","$","M","R","E","R","T","M","R","M","E","$","R","B",null,"M","?","?","M","M","R","E","M","T","R","M","M","R","$","R","B",null,"M","M","M","M","M","R","M","E","T","M","$","E"],"character_chosen":"IRONCLAD","items_purchased":["Vajra","Perfected Strike","Reaper","Spot Weakness","Flame Barrier","Medical Kit","DollysMirror"],"campfire_rested":3,"item_purchase_floors":[4,4,31,31,31,31,45],"current_hp_per_floor":[67,67,66,66,67,67,65,65,65,71,71,75,72,72,72,51,69,62,41,41,33,30,54,38,30,30,30,16,9,33,33,57,58,75,80,80,80,80,76,76,80,31,31,15,15,0],"gold":14,"neow_bonus":"HUNDRED_GOLD","is_prod":false,"is_daily":false,"chose_seed":false,"campfire_upgraded":6,"win_rate":0,"timestamp":1555488819,"path_taken":["M","?","?","$","M","R","E","R","T","M","R","M","E","$","R","BOSS","M","?","?","M","M","R","E","M","T","R","M","M","R","?","R","BOSS","M","?","M","M","M","R","M","E","T","?","$","E"],"build_version":"2019-01-23","purchased_purges":1,"victory":false,"max_hp_per_floor":[75,75,75,75,75,75,75,75,75,75,75,75,75,75,75,75,75,75,80,80,80,80,80,80,80,80,80,80,80,80,80,80,80,80,80,80,80,80,80,80,80,80,80,80,80,80],"card_choices":[{"not_picked":["Rage","Body Slam"],"picked":"Iron Wave","floor":1},{"not_picked":["Dual Wield","Armaments"],"picked":"Clothesline","floor":3},{"not_picked":["Sentinel","Cleave"],"picked":"Metallicize","floor":5},{"not_picked":["Heavy Blade","Cleave"],"picked":"Impervious","floor":7},{"not_picked":["Wild Strike","Blood for Blood"],"picked":"Evolve","floor":10},{"not_picked":["Wild Strike","Perfected Strike"],"picked":"Carnage","floor":12},{"not_picked":["Heavy Blade","Dropkick","Sentinel"],"picked":"SKIP","floor":13},{"not_picked":["Reaper","Fiend Fire"],"picked":"Limit Break","floor":16},{"not_picked":["True Grit","Reckless Charge"],"picked":"Thunderclap","floor":18},{"not_picked":["Blood for Blood","Infernal Blade"],"picked":"Headbutt","floor":21},{"not_picked":["Warcry","Entrench","Rampage"],"picked":"SKIP","floor":22},{"not_picked":["Pommel Strike","Headbutt"],"picked":"Heavy Blade","floor":24},{"not_picked":["Cleave","Body Slam+1"],"picked":"Shrug It Off","floor":25},{"not_picked":["Double Tap","Burning Pact"],"picked":"Shockwave","floor":28},{"not_picked":["Clothesline","Wild Strike"],"picked":"Flex+1","floor":29},{"not_picked":["Fiend Fire","Bludgeon"],"picked":"Brutality","floor":33},{"not_picked":["Clothesline","Pommel Strike"],"picked":"Power Through+1","floor":35},{"not_picked":["Armaments","Anger"],"picked":"Feel No Pain","floor":36},{"not_picked":["Heavy Blade","Wild Strike"],"picked":"Iron Wave+1","floor":37},{"not_picked":["Sever Soul","Pommel Strike+1"],"picked":"Flame Barrier","floor":38},{"not_picked":["Thunderclap","Flame Barrier","Clash"],"picked":"SKIP","floor":39},{"not_picked":["Intimidate","Infernal Blade"],"picked":"True Grit","floor":41},{"not_picked":["Metallicize+1","Flex+1","Cleave"],"picked":"SKIP","floor":42},{"not_picked":["Shockwave+1","Iron Wave","Perfected Strike"],"picked":"SKIP","floor":44}],"player_experience":1177790,"relics_obtained":[{"floor":7,"key":"Happy Flower"},{"floor":9,"key":"Anchor"},{"floor":13,"key":"MawBank"},{"floor":24,"key":"Bag of Preparation"},{"floor":42,"key":"Art of War"},{"floor":43,"key":"Blood Vial"}],"event_choices":[{"cards_removed":["Iron Wave"],"damage_healed":0,"gold_gain":0,"player_choice":"Gave Card","damage_taken":0,"relics_obtained":["Omamori"],"max_hp_gain":0,"max_hp_loss":0,"event_name":"WeMeetAgain","floor":2,"gold_loss":0},{"damage_healed":0,"gold_gain":0,"player_choice":"Shed Blood","damage_taken":26,"max_hp_gain":5,"max_hp_loss":0,"event_name":"Forgotten Altar","floor":19,"gold_loss":0},{"damage_healed":0,"gold_gain":0,"cards_transformed":["Perfected Strike","Strike_R"],"player_choice":"Became Test Subject","damage_taken":0,"max_hp_gain":0,"max_hp_loss":0,"event_name":"Drug Dealer","floor":20,"gold_loss":0,"cards_obtained":["Dropkick","Juggernaut"]}],"is_beta":false,"boss_relics":[{"not_picked":["Empty Cage","Runic Dome"],"picked":"Cursed Key"},{"not_picked":["Black Star","Astrolabe"],"picked":"Runic Pyramid"}],"items_purged_floors":[31],"is_endless":false,"potions_floor_spawned":[3,5,10,12,13,18,21,25,33,36,38,41,42],"killed_by":"Reptomancer","ascension_level":20}