{"gold_per_floor":[111,111,128,142,142,171,237,237,290,310,360,360,69,81,81,81],"floor_reached":16,"playtime":702,"items_purged":["Strike_B"],"score":204,"play_id":"70e30dc3-d60d-4e06-a377-8005f4452f29","local_time":"20191009071504","is_ascension_mode":true,"campfire_choices":[{"floor":8,"key":"REST"},{"data":"Beam Cell","floor":12,"key":"SMITH"},{"data":"Coolheaded","floor":15,"key":"SMITH"}],"neow_cost":"NONE","seed_source_timestamp":342300420803000,"circlet_count":0,"master_deck":["AscendersBane","Strike_B","Strike_B","Strike_B","Defend_B","Defend_B","Defend_B","Defend_B","Zap","Dualcast","Streamline","Beam Cell+1","Coolheaded+1","Glacier","Conserve Battery"],"relics":["Cracked Core","Pantograph","SsserpentHead","Strawberry","Blood Vial","Runic Capacitor"],"potions_floor_usage":[6,16,16],"damage_taken":[{"damage":1,"enemies":"Cultist","floor":1,"turns":3},{"damage":11,"enemies":"Small Slimes","floor":3,"turns":3},{"damage":7,"enemies":"Jaw Worm","floor":4,"turns":3},{"damage":28,"enemies":"3 Sentries","floor":6,"turns":8},{"damage":10,"enemies":"2 Fungi Beasts","floor":7,"turns":4},{"damage":28,"enemies":"Gremlin Gang","floor":10,"turns":8},{"damage":7,"enemies":"Exordium Wildlife","floor":14,"turns":4},{"damage":67,"enemies":"Hexaghost","floor":16,"turns":16}],"seed_played":"1123008833846813217","potions_obtained":[{"floor":4,"key":"Strength Potion"},{"floor":6,"key":"Swift Potion"},{"floor":10,"key":"Block Potion"}],"is_trial":false,"path_per_floor":["M","?","M","M","?","E","M","R","T","M","?","R","$","M","R","B"],"character_chosen":"DEFECT","items_purchased":["Runic Capacitor"],"campfire_rested":1,"item_purchase_floors":[13],"current_hp_per_floor":[70,59,48,41,41,20,10,35,35,9,37,37,37,32,32,0],"gold":81,"neow_bonus":"TEN_PERCENT_HP_BONUS","is_prod":false,"is_daily":false,"chose_seed":false,"campfire_upgraded":2,"win_rate":0,"timestamp":1570572904,"path_taken":["M","?","M","M","?","E","?","R","T","M","?","R","$","M","R","BOSS"],"build_version":"2019-07-17","purchased_purges":1,"victory":false,"max_hp_per_floor":[78,78,78,78,78,85,85,85,85,85,85,85,85,85,85,85],"card_choices":[{"not_picked":["Stack","Turbo"],"picked":"Streamline","floor":1},{"not_picked":["Steam","Barrage"],"picked":"Beam Cell","floor":3},{"not_picked":["White Noise","Sweeping Beam"],"picked":"Coolheaded","floor":4},{"not_picked":["Blizzard","Compile Driver","Leap"],"picked":"SKIP","floor":6},{"not_picked":["Stack","Steam"],"picked":"Glacier","floor":7},{"not_picked":["Hello World","Rip and Tear"],"picked":"Conserve Battery","floor":10},{"not_picked":["Compile Driver","Rebound","Scrape"],"picked":"SKIP","floor":14}],"player_experience":600844,"relics_obtained":[{"floor":6,"key":"Strawberry"},{"floor":9,"key":"Blood Vial"}],"event_choices":[{"damage_healed":0,"gold_gain":0,"player_choice":"Success","damage_taken":11,"relics_obtained":["Pantograph"],"max_hp_gain":0,"max_hp_loss":0,"event_name":"Scrap Ooze","floor":2,"gold_loss":0},{"damage_healed":0,"gold_gain":0,"player_choice":"Trade","damage_taken":0,"relics_obtained":["SsserpentHead"],"max_hp_gain":0,"max_hp_loss":0,"event_name":"FaceTrader","floor":5,"gold_loss":0},{"damage_healed":28,"gold_gain":0,"player_choice":"Banana","damage_taken":0,"max_hp_gain":0,"max_hp_loss":0,"event_name":"Big Fish","floor":11,"gold_loss":0}],"is_beta":false,"boss_relics":[],"items_purged_floors":[13],"is_endless":false,"potions_floor_spawned":[4,6,10,14],"killed_by":"Hexaghost","ascension_level":20}