{"gold_per_floor":[115,127,127,127,127,154,304,304,383,413,66,78,96,131,131,205,205,224,224,254,264,341,341,374,374,374,384,412,429,429,457,457,528,528,547,547,769,323,333,333,368,368],"floor_reached":42,"playtime":2752,"items_purged":["Strike_R+1"],"score":1075,"play_id":"894269f7-7086-46fe-83e3-ecce4411822a","local_time":"20190407115830","is_ascension_mode":true,"campfire_choices":[{"data":"Whirlwind","floor":8,"key":"SMITH"},{"data":"Bash","floor":15,"key":"SMITH"},{"data":"Corruption","floor":23,"key":"SMITH"},{"data":"Demon Form","floor":25,"key":"SMITH"},{"data":"Feel No Pain","floor":30,"key":"SMITH"},{"data":"Iron Wave","floor":32,"key":"SMITH"},{"data":"Limit Break","floor":40,"key":"SMITH"}],"neow_cost":"NONE","seed_source_timestamp":1730980091248000,"circlet_count":0,"master_deck":["AscendersBane","Strike_R+1","Strike_R+1","Strike_R+1","Strike_R+1","Defend_R+1","Defend_R+1","Defend_R+1","Defend_R+1","Bash+1","Whirlwind+1","True Grit+1","Fiend Fire","Iron Wave+1","Shrug It Off","Feel No Pain+1","Reaper","Demon Form+1","Corruption+1","Shrug It Off","Sword Boomerang+1","Shrug It Off","Thunderclap+1","Dropkick+1","Limit Break+1","Thunderclap+1","Disarm+1"],"relics":["Burning Blood","NeowsBlessing","Omamori","Torii","Self Forming Clay","Bottled Flame","Mercury Hourglass","Sundial","Runic Dome","Red Mask","Letter Opener","Question Card","Molten Egg 2","Bottled Tornado","Oddly Smooth Stone","Cursed Key","Charon\u0027s Ashes","Ice Cream"],"potions_floor_usage":[10,10,10,14,16,24,24],"damage_taken":[{"damage":0,"enemies":"Jaw Worm","floor":1,"turns":1},{"damage":0,"enemies":"Small Slimes","floor":2,"turns":1},{"damage":0,"enemies":"Gremlin Nob","floor":6,"turns":1},{"damage":24,"enemies":"Lagavulin","floor":10,"turns":7},{"damage":0,"enemies":"2 Louse","floor":12,"turns":1},{"damage":8,"enemies":"Blue Slaver","floor":13,"turns":3},{"damage":17,"enemies":"Gremlin Nob","floor":14,"turns":4},{"damage":14,"enemies":"The Guardian","floor":16,"turns":13},{"damage":7,"enemies":"Spheric Guardian","floor":18,"turns":4},{"damage":0,"enemies":"Masked Bandits","floor":20,"turns":2},{"damage":16,"enemies":"2 Thieves","floor":21,"turns":4},{"damage":10,"enemies":"Book of Stabbing","floor":24,"turns":7},{"damage":9,"enemies":"Centurion and Healer","floor":27,"turns":9},{"damage":33,"enemies":"Gremlin Leader","floor":28,"turns":7},{"damage":7,"enemies":"Sentry and Sphere","floor":29,"turns":5},{"damage":26,"enemies":"Slavers","floor":31,"turns":4},{"damage":32,"enemies":"Collector","floor":33,"turns":8},{"damage":0,"enemies":"3 Shapes","floor":35,"turns":8},{"damage":7,"enemies":"Orb Walker","floor":39,"turns":4},{"damage":51,"enemies":"Nemesis","floor":41,"turns":7},{"damage":37,"enemies":"3 Darklings","floor":42,"turns":2}],"seed_played":"598513727523885387","potions_obtained":[{"floor":1,"key":"Regen Potion"},{"floor":2,"key":"EntropicBrew"},{"floor":12,"key":"Explosive Potion"},{"floor":16,"key":"Weak Potion"},{"floor":20,"key":"Swift Potion"},{"floor":21,"key":"SkillPotion"},{"floor":33,"key":"FearPotion"},{"floor":41,"key":"LiquidBronze"}],"is_trial":false,"path_per_floor":["M","M","?","?","?","E","?","R","T","E","$","M","M","E","R","B",null,"M","?","?","M","T","R","E","R","T","M","E","M","R","E","R","B",null,"M","?","?","$","M","R","E","M"],"character_chosen":"IRONCLAD","items_purchased":["Mercury Hourglass","Shrug It Off","Charon\u0027s Ashes","Thunderclap+1"],"campfire_rested":0,"item_purchase_floors":[11,11,38,38],"current_hp_per_floor":[74,75,75,75,52,58,58,58,58,55,55,61,59,60,60,58,71,70,70,75,65,65,65,73,73,73,75,67,66,66,50,50,64,72,75,75,75,75,74,74,29,0],"gold":368,"neow_bonus":"THREE_ENEMY_KILL","is_prod":false,"is_daily":false,"chose_seed":false,"campfire_upgraded":7,"win_rate":0,"timestamp":1554627510,"path_taken":["M","M","?","?","?","E","?","R","T","E","$","M","M","E","R","BOSS","M","?","?","M","?","R","E","R","T","?","E","M","R","E","R","BOSS","M","?","?","$","M","R","E","M"],"build_version":"2019-01-23","purchased_purges":1,"victory":false,"max_hp_per_floor":[75,75,75,75,75,75,75,75,75,75,75,75,75,75,75,75,75,75,75,75,75,75,75,75,75,75,75,75,75,75,75,75,75,75,75,75,75,75,75,75,75,75],"card_choices":[{"not_picked":["Thunderclap","Reckless Charge"],"picked":"Whirlwind","floor":1},{"not_picked":["Sever Soul","Reckless Charge"],"picked":"True Grit","floor":2},{"not_picked":["Flex","Hemokinesis"],"picked":"Fiend Fire","floor":6},{"not_picked":["Heavy Blade","Perfected Strike"],"picked":"Iron Wave","floor":10},{"not_picked":["Heavy Blade","Ghostly Armor"],"picked":"Feel No Pain","floor":12},{"not_picked":["Twin Strike","Fire Breathing","Perfected Strike"],"picked":"SKIP","floor":13},{"not_picked":["Pommel Strike","Fire Breathing"],"picked":"Reaper","floor":14},{"not_picked":["Limit Break","Berserk"],"picked":"Demon Form","floor":16},{"not_picked":["Perfected Strike","Pommel Strike"],"picked":"Corruption","floor":18},{"not_picked":["Perfected Strike","Thunderclap"],"picked":"Shrug It Off","floor":20},{"not_picked":["True Grit","Clash","Havoc"],"picked":"SKIP","floor":21},{"not_picked":["True Grit","Clash","Havoc"],"picked":"SKIP","floor":21},{"not_picked":["Fire Breathing","Brutality","True Grit"],"picked":"SKIP","floor":24},{"not_picked":["Cleave+1","Flex","True Grit"],"picked":"Sword Boomerang+1","floor":27},{"not_picked":["True Grit","Burning Pact","Ghostly Armor"],"picked":"Shrug It Off","floor":28},{"not_picked":["Power Through","Pommel Strike+1","Sentinel"],"picked":"Thunderclap+1","floor":29},{"not_picked":["Rampage+1","Pommel Strike+1","Inflame"],"picked":"Dropkick+1","floor":31},{"not_picked":["Berserk","Juggernaut","Fiend Fire+1"],"picked":"Limit Break","floor":33},{"not_picked":["Infernal Blade","Seeing Red+1","Headbutt+1","Blood for Blood+1"],"picked":"SKIP","floor":35},{"not_picked":["Entrench+1","Infernal Blade","Thunderclap+1","Body Slam+1"],"picked":"SKIP","floor":39},{"not_picked":["Sentinel+1","Headbutt+1","Carnage+1"],"picked":"Disarm+1","floor":41}],"player_experience":1126831,"relics_obtained":[{"floor":6,"key":"Torii"},{"floor":9,"key":"Self Forming Clay"},{"floor":10,"key":"Bottled Flame"},{"floor":14,"key":"Sundial"},{"floor":20,"key":"Red Mask"},{"floor":22,"key":"Letter Opener"},{"floor":24,"key":"Question Card"},{"floor":26,"key":"Molten Egg 2"},{"floor":28,"key":"Bottled Tornado"},{"floor":31,"key":"Oddly Smooth Stone"},{"floor":41,"key":"Ice Cream"}],"event_choices":[{"damage_healed":0,"gold_gain":0,"player_choice":"Box","damage_taken":0,"relics_obtained":["Omamori"],"max_hp_gain":0,"max_hp_loss":0,"event_name":"Big Fish","floor":3,"gold_loss":0,"cards_obtained":["Regret"]},{"cards_removed":["Regret"],"damage_healed":0,"gold_gain":0,"player_choice":"Forget","damage_taken":0,"max_hp_gain":0,"max_hp_loss":0,"event_name":"Living Wall","floor":4,"gold_loss":0},{"damage_healed":0,"gold_gain":0,"player_choice":"Entered Light","damage_taken":23,"max_hp_gain":0,"max_hp_loss":0,"event_name":"Shining Light","floor":5,"gold_loss":0,"cards_upgraded":["True Grit","Defend_R"]},{"damage_healed":0,"gold_gain":150,"player_choice":"AGREE","damage_taken":0,"max_hp_gain":0,"max_hp_loss":0,"event_name":"Liars Game","floor":7,"gold_loss":0,"cards_obtained":["Doubt"]},{"damage_healed":0,"gold_gain":0,"player_choice":"Simplicity","damage_taken":0,"max_hp_gain":0,"max_hp_loss":0,"event_name":"Back to Basics","floor":19,"gold_loss":0,"cards_upgraded":["Strike_R","Strike_R","Strike_R","Strike_R","Strike_R","Defend_R","Defend_R","Defend_R"]},{"damage_healed":0,"gold_gain":0,"player_choice":"Fought Bandits","damage_taken":0,"max_hp_gain":0,"max_hp_loss":0,"event_name":"Masked Bandits","floor":20,"gold_loss":0},{"damage_healed":0,"gold_gain":0,"player_choice":"Ignored","damage_taken":0,"max_hp_gain":0,"max_hp_loss":0,"event_name":"Mysterious Sphere","floor":36,"gold_loss":0},{"damage_healed":0,"gold_gain":222,"player_choice":"Wore Mask","damage_taken":0,"max_hp_gain":0,"max_hp_loss":0,"event_name":"Tomb of Lord Red Mask","floor":37,"gold_loss":0}],"is_beta":false,"boss_relics":[{"not_picked":["Runic Cube","Tiny House"],"picked":"Runic Dome"},{"not_picked":["White Beast Statue","Eternal Feather"],"picked":"Cursed Key"}],"items_purged_floors":[38],"is_endless":false,"potions_floor_spawned":[1,2,12,13,16,20,21,33,41],"killed_by":"3 Darklings","ascension_level":20}