{"gold_per_floor":[115,128,203,58,73,73,73,104,183,183,203,203,214,270,270,371,371,391,391,391,391,3,3,3,3,3,38,56,56,84,34,34,134,134,149,169,269,283,293,293,328,344,344,358,358,384,397,184,184,184],"floor_reached":51,"playtime":2694,"items_purged":["Strike_R+1","Writhe"],"score":1060,"play_id":"e00b2b1b-6e6a-4b5a-a6b6-7d0f49c34ab0","local_time":"20190731010236","is_ascension_mode":true,"campfire_choices":[{"data":"Bash","floor":6,"key":"SMITH"},{"data":"Pommel Strike","floor":10,"key":"SMITH"},{"data":"Carnage","floor":15,"key":"SMITH"},{"data":"Metallicize","floor":23,"key":"SMITH"},{"data":"Feed","floor":25,"key":"SMITH"},{"data":"Wild Strike","floor":29,"key":"SMITH"},{"data":"Battle Trance","floor":32,"key":"SMITH"},{"floor":40,"key":"REST"},{"floor":45,"key":"REST"},{"floor":49,"key":"REST"}],"neow_cost":"NONE","seed_source_timestamp":29400805315145,"circlet_count":0,"master_deck":["Strike_R+1","Strike_R+1","Strike_R+1","Defend_R+1","Defend_R+1","Defend_R+1","Defend_R+1","Bash+1","Reckless Charge","Pommel Strike+1","Headbutt","Carnage+1","Twin Strike","Cleave","Feed+1","Pommel Strike+1","Metallicize+1","Wild Strike+1","Anger+1","Battle Trance+1","Feed","Feel No Pain+1","Armaments+1","Combust","Clothesline+1","Clothesline+1","Shrug It Off","Spot Weakness+1","Rampage","Feel No Pain+1","Good Instincts"],"relics":["Burning Blood","PreservedInsect","Regal Pillow","Kunai","Darkstone Periapt","Mark of Pain","Smiling Mask","Incense Burner","Pen Nib","Blood Vial","Ancient Tea Set","Fusion Hammer","Oddly Smooth Stone","Vajra","Frozen Egg 2"],"potions_floor_usage":[8,12,30,30,33,33,42,50,50,50],"damage_taken":[{"damage":6,"enemies":"Jaw Worm","floor":1,"turns":5},{"damage":7,"enemies":"Small Slimes","floor":2,"turns":3},{"damage":0,"enemies":"Cultist","floor":5,"turns":3},{"damage":32,"enemies":"3 Sentries","floor":8,"turns":7},{"damage":5,"enemies":"Blue Slaver","floor":11,"turns":3},{"damage":3,"enemies":"Looter","floor":13,"turns":2},{"damage":16,"enemies":"Gremlin Nob","floor":14,"turns":3},{"damage":0,"enemies":"Slime Boss","floor":16,"turns":7},{"damage":16,"enemies":"Shell Parasite","floor":18,"turns":3},{"damage":0,"enemies":"Gremlin Leader","floor":27,"turns":4},{"damage":0,"enemies":"Spheric Guardian","floor":28,"turns":2},{"damage":2,"enemies":"Slavers","floor":30,"turns":4},{"damage":22,"enemies":"Collector","floor":33,"turns":9},{"damage":49,"enemies":"3 Darklings","floor":35,"turns":7},{"damage":1,"enemies":"3 Shapes","floor":36,"turns":4},{"damage":0,"enemies":"Jaw Worm Horde","floor":38,"turns":3},{"damage":46,"enemies":"Maw","floor":39,"turns":7},{"damage":23,"enemies":"Nemesis","floor":41,"turns":3},{"damage":47,"enemies":"Writhing Mass","floor":42,"turns":6},{"damage":0,"enemies":"Sphere and 2 Shapes","floor":44,"turns":4},{"damage":2,"enemies":"Reptomancer","floor":46,"turns":2},{"damage":4,"enemies":"4 Shapes","floor":47,"turns":5},{"damage":112,"enemies":"Awakened One","floor":50,"turns":10}],"seed_played":"-8483412367685223688","potions_obtained":[{"floor":0,"key":"Swift Potion"},{"floor":0,"key":"Explosive Potion"},{"floor":0,"key":"BloodPotion"},{"floor":8,"key":"EssenceOfSteel"},{"floor":12,"key":"Fruit Juice"},{"floor":12,"key":"Swift Potion"},{"floor":12,"key":"PowerPotion"},{"floor":30,"key":"Energy Potion"},{"floor":35,"key":"PowerPotion"},{"floor":38,"key":"Dexterity Potion"},{"floor":41,"key":"SkillPotion"},{"floor":44,"key":"Strength Potion"}],"is_trial":false,"path_per_floor":["M","M","?","$","M","R","?","E","T","R","M","?","M","?","R","B",null,"M","?","?","?","$","R","?","R","T","E","M","R","E","$","R","B",null,"M","M","?","M","M","R","E","M","T","M","R","E","M","$","R","B",null],"character_chosen":"IRONCLAD","items_purchased":["PreservedInsect","Metallicize","Incense Burner","Feel No Pain+1","Good Instincts"],"campfire_rested":3,"item_purchase_floors":[4,22,22,48,48],"current_hp_per_floor":[80,79,68,68,74,74,58,52,52,52,53,58,61,51,51,57,78,68,74,74,56,56,56,56,56,56,66,78,78,88,88,88,74,100,59,70,70,85,51,102,87,48,48,60,113,119,126,126,130,24],"gold":184,"neow_bonus":"THREE_SMALL_POTIONS","is_prod":false,"is_daily":false,"chose_seed":false,"campfire_upgraded":7,"win_rate":0,"timestamp":1564527756,"path_taken":["M","M","?","$","M","R","?","E","T","R","M","?","?","?","R","BOSS","M","?","?","?","$","R","?","R","T","E","?","R","E","$","R","BOSS","M","M","?","M","M","R","E","?","T","M","R","E","M","$","R","BOSS"],"build_version":"2019-07-17","purchased_purges":2,"victory":true,"max_hp_per_floor":[80,80,80,80,80,80,80,80,80,80,80,85,85,85,85,85,85,85,91,91,96,96,96,96,96,96,100,104,104,108,108,108,108,108,108,112,112,119,123,123,123,123,123,127,127,127,130,130,130,130],"card_choices":[{"not_picked":["Heavy Blade","Sever Soul"],"picked":"Reckless Charge","floor":1},{"not_picked":["Seeing Red","Iron Wave"],"picked":"Pommel Strike","floor":2},{"not_picked":["Thunderclap","Second Wind","Pommel Strike"],"picked":"SKIP","floor":5},{"not_picked":["True Grit","Thunderclap"],"picked":"Headbutt","floor":8},{"not_picked":["Battle Trance","Metallicize"],"picked":"Carnage","floor":11},{"not_picked":["Corruption","Shockwave"],"picked":"Twin Strike","floor":13},{"not_picked":["Searing Blow","Perfected Strike"],"picked":"Cleave","floor":14},{"not_picked":["Bludgeon","Barricade"],"picked":"Feed","floor":16},{"not_picked":["Sword Boomerang","Perfected Strike"],"picked":"Pommel Strike+1","floor":18},{"not_picked":["Heavy Blade+1","Perfected Strike+1"],"picked":"Anger+1","floor":27},{"not_picked":["Clash","Sever Soul","Thunderclap+1"],"picked":"SKIP","floor":28},{"not_picked":["Dropkick","Whirlwind+1"],"picked":"Battle Trance","floor":30},{"not_picked":["Juggernaut","Exhume"],"picked":"Feed","floor":33},{"not_picked":["Entrench+1","Twin Strike"],"picked":"Feel No Pain+1","floor":35},{"not_picked":["Warcry","Rage+1"],"picked":"Armaments+1","floor":36},{"not_picked":["Rupture","Seeing Red+1"],"picked":"Combust","floor":38},{"not_picked":["Sever Soul","Searing Blow+1"],"picked":"Clothesline+1","floor":39},{"not_picked":["Wild Strike+1","Heavy Blade+1","Infernal Blade+1"],"picked":"SKIP","floor":41},{"not_picked":["Bloodletting","Anger+1"],"picked":"Clothesline+1","floor":42},{"not_picked":["Carnage+1","Flex"],"picked":"Shrug It Off","floor":44},{"not_picked":["Shrug It Off+1","Anger"],"picked":"Spot Weakness+1","floor":46},{"not_picked":["Blood for Blood+1","Rampage","Wild Strike"],"picked":"SKIP","floor":47},{"not_picked":["Blood for Blood+1","Wild Strike"],"picked":"Rampage","floor":47}],"player_experience":666726,"relics_obtained":[{"floor":8,"key":"Regal Pillow"},{"floor":9,"key":"Kunai"},{"floor":14,"key":"Darkstone Periapt"},{"floor":26,"key":"Pen Nib"},{"floor":27,"key":"Blood Vial"},{"floor":30,"key":"Ancient Tea Set"},{"floor":41,"key":"Oddly Smooth Stone"},{"floor":43,"key":"Vajra"},{"floor":46,"key":"Frozen Egg 2"}],"event_choices":[{"damage_healed":0,"gold_gain":75,"player_choice":"Gather Gold","damage_taken":11,"max_hp_gain":0,"max_hp_loss":0,"event_name":"World of Goop","floor":3,"gold_loss":0},{"damage_healed":0,"gold_gain":0,"player_choice":"Entered Light","damage_taken":16,"max_hp_gain":0,"max_hp_loss":0,"event_name":"Shining Light","floor":7,"gold_loss":0,"cards_upgraded":["Strike_R","Defend_R"]},{"damage_healed":0,"gold_gain":0,"player_choice":"Got Potions","damage_taken":0,"max_hp_gain":0,"max_hp_loss":0,"event_name":"Lab","floor":12,"gold_loss":0},{"damage_healed":0,"gold_gain":30,"player_choice":"Searched \u00272\u0027 times","damage_taken":0,"max_hp_gain":0,"max_hp_loss":0,"event_name":"Dead Adventurer","floor":14,"gold_loss":0},{"damage_healed":0,"gold_gain":0,"player_choice":"Opened","damage_taken":0,"relics_obtained":["Smiling Mask"],"max_hp_gain":0,"max_hp_loss":0,"event_name":"The Mausoleum","floor":19,"gold_loss":0,"cards_obtained":["Writhe"]},{"damage_healed":0,"gold_gain":0,"player_choice":"Simplicity","damage_taken":0,"max_hp_gain":0,"max_hp_loss":0,"event_name":"Back to Basics","floor":20,"gold_loss":0,"cards_upgraded":["Strike_R","Strike_R","Strike_R","Strike_R","Defend_R","Defend_R","Defend_R"]},{"damage_healed":0,"gold_gain":0,"player_choice":"Shed Blood","damage_taken":23,"max_hp_gain":5,"max_hp_loss":0,"event_name":"Forgotten Altar","floor":21,"gold_loss":0},{"damage_healed":0,"gold_gain":0,"cards_transformed":["Strike_R"],"player_choice":"Transformed","damage_taken":0,"max_hp_gain":0,"max_hp_loss":0,"event_name":"Transmorgrifier","floor":24,"gold_loss":0,"cards_obtained":["Wild Strike"]},{"damage_healed":0,"gold_gain":100,"player_choice":"Pray","damage_taken":0,"max_hp_gain":0,"max_hp_loss":0,"event_name":"Golden Shrine","floor":37,"gold_loss":0}],"is_beta":false,"boss_relics":[{"not_picked":["Empty Cage","Tiny House"],"picked":"Mark of Pain"},{"not_picked":["Sozu","Black Blood"],"picked":"Fusion Hammer"}],"items_purged_floors":[31,48],"is_endless":false,"potions_floor_spawned":[8,11,14,18,30,35,38,41,44,46],"ascension_level":5}