{"gold_per_floor":[16,30,30,30,49,49,49,49,49,49,49,60,91,103,103,103],"floor_reached":16,"playtime":790,"items_purged":[],"score":200,"play_id":"c9ade622-7cd0-4877-96a0-1f9dca2fa00c","local_time":"20190326111851","is_ascension_mode":true,"campfire_choices":[{"data":"Barricade","floor":6,"key":"SMITH"},{"data":"Clothesline","floor":8,"key":"SMITH"},{"data":"Twin Strike","floor":10,"key":"SMITH"},{"data":"Iron Wave","floor":15,"key":"SMITH"}],"neow_cost":"NO_GOLD","seed_source_timestamp":693687680708700,"circlet_count":0,"master_deck":["AscendersBane","Strike_R","Strike_R+1","Strike_R","Strike_R","Defend_R","Defend_R","Defend_R","Defend_R","Bash+1","Barricade+1","Clothesline+1","Twin Strike+1","Twin Strike","Iron Wave","Iron Wave+1","Whirlwind"],"relics":["Burning Blood","Singing Bowl","Potion Belt"],"potions_floor_usage":[13,13,16,16],"damage_taken":[{"damage":14,"enemies":"Jaw Worm","floor":1,"turns":5},{"damage":10,"enemies":"2 Louse","floor":2,"turns":3},{"damage":11,"enemies":"Small Slimes","floor":5,"turns":4},{"damage":12,"enemies":"2 Fungi Beasts","floor":12,"turns":3},{"damage":15,"enemies":"Lagavulin","floor":13,"turns":7},{"damage":7,"enemies":"Blue Slaver","floor":14,"turns":4},{"damage":40,"enemies":"Hexaghost","floor":16,"turns":9}],"seed_played":"-8135445983930403235","potions_obtained":[{"floor":1,"key":"EntropicBrew"},{"floor":2,"key":"BloodPotion"},{"floor":5,"key":"Regen Potion"}],"is_trial":false,"path_per_floor":["M","M","?","?","M","R","?","R","T","R","?","M","E","M","R","B"],"character_chosen":"IRONCLAD","items_purchased":[],"campfire_rested":0,"item_purchase_floors":[],"current_hp_per_floor":[60,56,75,75,70,70,47,47,47,47,40,34,40,39,39,0],"gold":103,"neow_bonus":"THREE_RARE_CARDS","is_prod":false,"is_daily":false,"chose_seed":false,"campfire_upgraded":4,"win_rate":0,"timestamp":1553588331,"path_taken":["M","M","?","?","M","R","?","R","T","R","?","M","E","M","R","BOSS"],"build_version":"2019-01-23","purchased_purges":0,"victory":false,"max_hp_per_floor":[75,75,75,75,75,75,75,75,75,75,75,75,75,75,75,75],"card_choices":[{"not_picked":["Brutality","Limit Break"],"picked":"Barricade","floor":0},{"not_picked":["Dropkick","Sword Boomerang"],"picked":"Clothesline","floor":1},{"not_picked":["Searing Blow","Fire Breathing"],"picked":"Twin Strike","floor":2},{"not_picked":["Warcry","Heavy Blade"],"picked":"Twin Strike","floor":5},{"not_picked":["Heavy Blade","Seeing Red"],"picked":"Iron Wave","floor":12},{"not_picked":["Cleave","Fiend Fire"],"picked":"Iron Wave","floor":13},{"not_picked":["Sword Boomerang","Intimidate"],"picked":"Whirlwind","floor":14}],"player_experience":1019159,"relics_obtained":[{"floor":9,"key":"Singing Bowl"},{"floor":13,"key":"Potion Belt"}],"event_choices":[{"damage_healed":25,"gold_gain":0,"player_choice":"Banana","damage_taken":0,"max_hp_gain":0,"max_hp_loss":0,"event_name":"Big Fish","floor":3,"gold_loss":0},{"damage_healed":0,"gold_gain":0,"player_choice":"Ignored","damage_taken":0,"max_hp_gain":0,"max_hp_loss":0,"event_name":"Liars Game","floor":4,"gold_loss":0},{"damage_healed":0,"gold_gain":0,"player_choice":"Entered Light","damage_taken":23,"max_hp_gain":0,"max_hp_loss":0,"event_name":"Shining Light","floor":7,"gold_loss":0,"cards_upgraded":["Strike_R","Bash"]},{"cards_removed":["Strike_R"],"damage_healed":0,"gold_gain":0,"player_choice":"Card Removal","damage_taken":7,"max_hp_gain":0,"max_hp_loss":0,"event_name":"Golden Wing","floor":11,"gold_loss":0}],"is_beta":false,"boss_relics":[],"items_purged_floors":[],"is_endless":false,"potions_floor_spawned":[1,2,5],"killed_by":"Hexaghost","ascension_level":20}