{"gold_per_floor":[112,112,129,129,129,129,155,170,196,216,216,142,142,92,92,195,195,209,225,225,243,243],"floor_reached":22,"playtime":831,"items_purged":[],"score":248,"play_id":"04ea2d29-1dac-4c97-9e92-692cac7c0e93","local_time":"20180808100850","is_ascension_mode":true,"campfire_choices":[{"data":"Hologram","floor":6,"key":"SMITH"},{"floor":11,"key":"REST"},{"data":"Hologram","floor":13,"key":"SMITH"},{"data":"Go for the Eyes","floor":15,"key":"SMITH"}],"neow_cost":"","seed_source_timestamp":259683083089458,"circlet_count":0,"master_deck":["Strike_B+1","Strike_B+1","Strike_B+1","Strike_B+1","Defend_B","Defend_B","Defend_B","Defend_B","Zap+1","Dualcast","Hologram+1","Hologram+1","Streamline","BootSequence","Seek","Go for the Eyes+1","Core Surge","Gash+1","Go for the Eyes","Conserve Battery"],"relics":["Cracked Core","Whetstone","Regal Pillow","Cursed Key"],"potions_floor_usage":[],"damage_taken":[{"damage":2,"enemies":"Jaw Worm","floor":1,"turns":4},{"damage":5,"enemies":"Small Slimes","floor":3,"turns":3},{"damage":23,"enemies":"Gremlin Nob","floor":7,"turns":4},{"damage":2,"enemies":"2 Louse","floor":8,"turns":2},{"damage":6,"enemies":"Looter","floor":10,"turns":2},{"damage":9,"enemies":"The Guardian","floor":16,"turns":11},{"damage":12,"enemies":"Spheric Guardian","floor":18,"turns":4},{"damage":13,"enemies":"2 Thieves","floor":19,"turns":4},{"damage":30,"enemies":"Snake Plant","floor":21,"turns":5},{"damage":14,"enemies":"Snecko","floor":22,"turns":5}],"seed_played":"5298362209472597481","potions_obtained":[{"floor":8,"key":"Swift Potion"},{"floor":10,"key":"LiquidBronze"},{"floor":18,"key":"FearPotion"}],"is_trial":false,"path_per_floor":["M","?","M","?","?","R","E","M","T","M","R","$","R","$","R","B",null,"M","M","$","M"],"character_chosen":"DEFECT","items_purchased":["Seek","Go for the Eyes"],"campfire_rested":1,"item_purchase_floors":[12,14],"current_hp_per_floor":[66,66,61,46,46,46,23,21,21,15,52,52,52,52,52,43,67,55,42,42,12,0],"gold":243,"neow_bonus":"","is_prod":false,"is_daily":false,"chose_seed":false,"campfire_upgraded":3,"win_rate":0,"timestamp":1533690530,"path_taken":["M","?","M","?","?","R","E","M","T","M","R","$","R","?","R","BOSS","M","M","$","M","M"],"build_version":"2018-08-02","purchased_purges":0,"victory":false,"max_hp_per_floor":[75,75,75,75,75,75,75,75,75,75,75,75,75,75,75,75,75,75,75,75,75,75],"card_choices":[{"not_picked":["Ball Lightning","Barrage"],"picked":"Hologram","floor":1},{"not_picked":["Core Surge","Blizzard"],"picked":"Hologram","floor":3},{"not_picked":["Conserve Battery","Blizzard"],"picked":"Streamline","floor":7},{"not_picked":["Rebound","Redo","Ball Lightning"],"picked":"SKIP","floor":8},{"not_picked":["Steam","Cold Snap"],"picked":"BootSequence","floor":10},{"not_picked":["Thunder Strike","Hyperbeam"],"picked":"Core Surge","floor":16},{"not_picked":["Rebound","Hologram"],"picked":"Gash+1","floor":18},{"not_picked":["Defragment","Ball Lightning"],"picked":"Go for the Eyes","floor":19},{"not_picked":["Sweeping Beam","Scrape"],"picked":"Conserve Battery","floor":21}],"player_experience":167621,"relics_obtained":[{"floor":7,"key":"Whetstone"},{"floor":9,"key":"Regal Pillow"}],"event_choices":[{"event_name":"Liars Game","player_choice":"disagreed","floor":2,"damage_taken":0},{"event_name":"Shining Light","player_choice":"Entered Light","floor":4,"damage_taken":0},{"event_name":"Living Wall","player_choice":"Grow","floor":5,"damage_taken":0}],"is_beta":false,"boss_relics":[{"not_picked":["Tiny House","Velvet Choker"],"picked":"Cursed Key"}],"items_purged_floors":[],"is_endless":false,"potions_floor_spawned":[8,10,18],"killed_by":"Snecko","ascension_level":7}