{"gold_per_floor":[114,114,114,131,131,156,156,185,185,202,213,213,225,225,225,299,299,315,315,230,287,298,332,332,53,53,53,86,36,54,71,71,148,148,158,1,101,49,49,49,49,64,132,151,151,151,22,47,47,47],"floor_reached":51,"playtime":2703,"items_purged":["Strike_R","Flash of Steel"],"score":1380,"play_id":"aab4e697-0430-4664-897d-5dc648194aed","local_time":"20191005144325","is_ascension_mode":true,"campfire_choices":[{"data":"Metallicize","floor":7,"key":"SMITH"},{"data":"Havoc","floor":12,"key":"SMITH"},{"data":"Uppercut","floor":15,"key":"SMITH"},{"data":"Disarm","floor":24,"key":"SMITH"},{"data":"Demon Form","floor":32,"key":"SMITH"},{"data":"Juggernaut","floor":40,"key":"SMITH"},{"data":"Limit Break","floor":46,"key":"SMITH"},{"data":"Carnage","floor":49,"key":"SMITH"}],"neow_cost":"NONE","seed_source_timestamp":14340199193841,"circlet_count":0,"master_deck":["AscendersBane","Strike_R","Strike_R+1","Strike_R","Defend_R","Defend_R","Defend_R","Defend_R","Bash+1","Shrug It Off","Uppercut+1","Havoc+1","Metallicize+1","Warcry","Power Through","Battle Trance","Cleave","Anger","Uppercut+1","Feed","Disarm+1","Shockwave+1","Impervious","Corruption","Demon Form+1","Offering","Juggernaut+1","Headbutt+1","Shrug It Off","Carnage+1","Shrug It Off+1","Limit Break+1","Immolate"],"relics":["Burning Blood","NeowsBlessing","Prayer Wheel","Whetstone","Strawberry","Bird Faced Urn","FaceOfCleric","Coffee Dripper","Centennial Puzzle","Shuriken","Tiny Chest","Red Skull","Mummified Hand","Champion Belt","Smiling Mask","Snecko Eye","Oddly Smooth Stone","Du-Vu Doll","Darkstone Periapt","Ornamental Fan"],"potions_floor_usage":[23,23,23,23],"damage_taken":[{"damage":0,"enemies":"Jaw Worm","floor":1,"turns":1},{"damage":0,"enemies":"Small Slimes","floor":4,"turns":1},{"damage":0,"enemies":"3 Sentries","floor":6,"turns":2},{"damage":18,"enemies":"Lagavulin","floor":8,"turns":7},{"damage":0,"enemies":"Cultist","floor":10,"turns":5},{"damage":0,"enemies":"2 Fungi Beasts","floor":11,"turns":4},{"damage":6,"enemies":"Red Slaver","floor":13,"turns":4},{"damage":24,"enemies":"The Guardian","floor":16,"turns":14},{"damage":41,"enemies":"3 Byrds","floor":18,"turns":6},{"damage":15,"enemies":"Spheric Guardian","floor":22,"turns":5},{"damage":6,"enemies":"Slavers","floor":23,"turns":6},{"damage":17,"enemies":"Book of Stabbing","floor":28,"turns":6},{"damage":6,"enemies":"Snecko","floor":30,"turns":6},{"damage":15,"enemies":"Cultist and Chosen","floor":31,"turns":7},{"damage":81,"enemies":"Collector","floor":33,"turns":9},{"damage":15,"enemies":"3 Darklings","floor":35,"turns":4},{"damage":0,"enemies":"Mind Bloom Boss Battle","floor":37,"turns":4},{"damage":6,"enemies":"Orb Walker","floor":42,"turns":3},{"damage":10,"enemies":"Sphere and 2 Shapes","floor":44,"turns":4},{"damage":12,"enemies":"Nemesis","floor":48,"turns":5},{"damage":53,"enemies":"Time Eater","floor":50,"turns":9}],"seed_played":"6627965222285400522","potions_obtained":[{"floor":8,"key":"EntropicBrew"},{"floor":11,"key":"Fire Potion"},{"floor":18,"key":"BloodPotion"},{"floor":33,"key":"GamblersBrew"},{"floor":37,"key":"Swift Potion"}],"is_trial":false,"path_per_floor":["M","?","?","M","?","E","R","E","T","M","M","R","M","?","R","B",null,"M","T","?","T","M","E","R","$","T","?","E","$","M","M","R","B",null,"M","$","?","$","?","R","?","M","T","M","?","R","$","E","R","B",null],"character_chosen":"IRONCLAD","items_purchased":["Mummified Hand","Oddly Smooth Stone","Shrug It Off","Immolate"],"campfire_rested":0,"item_purchase_floors":[25,36,38,47],"current_hp_per_floor":[74,74,48,54,54,60,60,55,55,63,71,71,73,73,73,58,77,45,45,45,45,39,66,66,66,66,84,78,78,88,84,84,14,76,74,74,92,92,92,92,92,97,97,104,104,104,104,104,104,66],"gold":47,"neow_bonus":"THREE_ENEMY_KILL","is_prod":false,"is_daily":false,"chose_seed":false,"campfire_upgraded":8,"win_rate":0,"timestamp":1570279405,"path_taken":["M","?","?","M","?","E","R","E","T","M","M","R","?","?","R","BOSS","M","?","?","?","M","E","R","?","T","?","E","$","M","M","R","BOSS","M","$","?","$","?","R","?","M","T","M","?","R","$","E","R","BOSS"],"build_version":"2019-07-17","purchased_purges":2,"victory":true,"max_hp_per_floor":[75,75,75,75,75,75,75,82,82,82,82,82,82,82,82,83,83,84,84,84,84,85,89,89,89,89,89,90,90,94,95,95,96,96,97,97,101,101,101,101,101,102,102,106,106,106,106,107,107,108],"card_choices":[{"not_picked":["Armaments","Warcry"],"picked":"Shrug It Off","floor":1},{"not_picked":["Shrug It Off","Bloodletting"],"picked":"Uppercut","floor":4},{"not_picked":["Corruption","Entrench"],"picked":"Havoc","floor":4},{"not_picked":["Sever Soul","Limit Break"],"picked":"Metallicize","floor":6},{"not_picked":["Wild Strike","Brutality"],"picked":"Warcry","floor":8},{"not_picked":["Infernal Blade","Clothesline"],"picked":"Power Through","floor":10},{"not_picked":["Body Slam","Havoc"],"picked":"Battle Trance","floor":10},{"not_picked":["Ghostly Armor","Blood for Blood"],"picked":"Cleave","floor":11},{"not_picked":["Flex","Thunderclap","Havoc"],"picked":"SKIP","floor":11},{"not_picked":["Intimidate","Twin Strike"],"picked":"Anger","floor":13},{"not_picked":["Heavy Blade","Barricade"],"picked":"Uppercut","floor":13},{"not_picked":["Exhume","Impervious"],"picked":"Feed","floor":16},{"not_picked":["Armaments+1","Hemokinesis"],"picked":"Disarm","floor":18},{"not_picked":["Iron Wave","Sword Boomerang","Heavy Blade"],"picked":"SKIP","floor":18},{"not_picked":["True Grit","Intimidate"],"picked":"Shockwave+1","floor":22},{"not_picked":["Headbutt","Iron Wave"],"picked":"Impervious","floor":22},{"not_picked":["Clothesline","Pommel Strike"],"picked":"Corruption","floor":23},{"not_picked":["Body Slam","Twin Strike+1"],"picked":"Demon Form","floor":28},{"not_picked":["Metallicize","Body Slam"],"picked":"Sword Boomerang","floor":30},{"not_picked":["Anger","Thunderclap","Havoc+1"],"picked":"SKIP","floor":30},{"not_picked":["True Grit","Flex"],"picked":"Offering","floor":31},{"not_picked":["Uppercut","Corruption","Cleave"],"picked":"SKIP","floor":31},{"not_picked":["Brutality","Impervious"],"picked":"Juggernaut","floor":33},{"not_picked":["Havoc+1","Body Slam","Uppercut"],"picked":"SKIP","floor":35},{"not_picked":["Iron Wave","Burning Pact","Ghostly Armor"],"picked":"SKIP","floor":35},{"not_picked":["Perfected Strike","Evolve"],"picked":"Headbutt+1","floor":37},{"not_picked":["Swift Strike","Discovery"],"picked":"Flash of Steel","floor":41},{"not_picked":["Power Through","Seeing Red"],"picked":"Carnage","floor":42},{"not_picked":["Intimidate","Body Slam+1"],"picked":"Shrug It Off+1","floor":42},{"not_picked":["Metallicize+1","Blood for Blood"],"picked":"Limit Break","floor":44},{"not_picked":["True Grit","Pommel Strike","Thunderclap"],"picked":"SKIP","floor":44},{"not_picked":["Pommel Strike","Rampage","Shockwave+1"],"picked":"SKIP","floor":48}],"player_experience":1142434,"relics_obtained":[{"floor":6,"key":"Whetstone"},{"floor":8,"key":"Strawberry"},{"floor":9,"key":"Bird Faced Urn"},{"floor":19,"key":"Centennial Puzzle"},{"floor":21,"key":"Tiny Chest"},{"floor":23,"key":"Red Skull"},{"floor":26,"key":"Champion Belt"},{"floor":28,"key":"Smiling Mask"},{"floor":37,"key":"Du-Vu Doll"},{"floor":43,"key":"Darkstone Periapt"},{"floor":48,"key":"Ornamental Fan"}],"event_choices":[{"damage_healed":0,"gold_gain":0,"player_choice":"Grow","damage_taken":0,"max_hp_gain":0,"max_hp_loss":0,"event_name":"Living Wall","floor":2,"gold_loss":0,"cards_upgraded":["Bash"]},{"damage_healed":0,"gold_gain":0,"player_choice":"Success","damage_taken":26,"relics_obtained":["Prayer Wheel"],"max_hp_gain":0,"max_hp_loss":0,"event_name":"Scrap Ooze","floor":3,"gold_loss":0},{"cards_removed":["Strike_R"],"damage_healed":0,"gold_gain":0,"player_choice":"Offered Basic","damage_taken":0,"max_hp_gain":0,"max_hp_loss":0,"event_name":"Bonfire Elementals","floor":5,"gold_loss":0},{"damage_healed":0,"gold_gain":0,"player_choice":"Trade","damage_taken":0,"relics_obtained":["FaceOfCleric"],"max_hp_gain":0,"max_hp_loss":0,"event_name":"FaceTrader","floor":14,"gold_loss":0},{"damage_healed":0,"gold_gain":0,"player_choice":"Obtained Relic","damage_taken":0,"relics_obtained":["Shuriken"],"max_hp_gain":0,"max_hp_loss":0,"event_name":"Addict","floor":20,"gold_loss":85},{"damage_healed":18,"gold_gain":0,"player_choice":"Heal","damage_taken":0,"max_hp_gain":0,"max_hp_loss":0,"event_name":"The Library","floor":27,"gold_loss":0},{"damage_healed":0,"gold_gain":0,"player_choice":"Fight","damage_taken":0,"max_hp_gain":0,"max_hp_loss":0,"event_name":"MindBloom","floor":37,"gold_loss":0},{"cards_removed":["Sword Boomerang"],"damage_healed":0,"gold_gain":0,"player_choice":"Removed Attack","damage_taken":0,"max_hp_gain":0,"max_hp_loss":0,"event_name":"Falling","floor":39,"gold_loss":0},{"damage_healed":0,"gold_gain":0,"player_choice":"Memory 1","damage_taken":0,"max_hp_gain":0,"max_hp_loss":0,"event_name":"SensoryStone","floor":41,"gold_loss":0},{"damage_healed":0,"gold_gain":0,"player_choice":"Ignored","damage_taken":0,"max_hp_gain":0,"max_hp_loss":0,"event_name":"Tomb of Lord Red Mask","floor":45,"gold_loss":0}],"is_beta":false,"boss_relics":[{"not_picked":["Lizard Tail","Empty Cage"],"picked":"Coffee Dripper"},{"not_picked":["Tiny House","Black Star"],"picked":"Snecko Eye"}],"items_purged_floors":[29,47],"is_endless":false,"potions_floor_spawned":[8,11,13,18,22,33,37],"ascension_level":17}