{"gold_per_floor":[216,216,139,139,26,26,37,101,101,101,115,148,148,181,181,259,259,277,277,62,62,112,112,132,145,170,199,199,210,39,53,53,128,128,139,139,152,152,81,81,81,81,81,81,91,118,144,156,156,156,156,156,6,32,32],"floor_reached":55,"playtime":3731,"items_purged":["Pain","Writhe","Strike_B","Zap"],"score":1320,"play_id":"dffefb19-94ea-496d-a3c3-cd5ba7889823","local_time":"20190404112812","is_ascension_mode":true,"campfire_choices":[{"data":"Sunder","floor":6,"key":"SMITH"},{"floor":10,"key":"REST"},{"floor":13,"key":"DIG"},{"floor":15,"key":"DIG"},{"floor":23,"key":"DIG"},{"floor":28,"key":"DIG"},{"floor":32,"key":"DIG"},{"data":"Fusion","floor":40,"key":"SMITH"},{"floor":42,"key":"DIG"},{"floor":44,"key":"RECALL"},{"floor":49,"key":"DIG"},{"floor":52,"key":"DIG"}],"neow_cost":"NONE","seed_source_timestamp":1468966948857800,"circlet_count":0,"master_deck":["AscendersBane","Strike_B+1","Strike_B+1","Defend_B","Defend_B","Defend_B","Defend_B","Dualcast","Fusion+1","Sunder+1","Blizzard","Sweeping Beam","Echo Form","Coolheaded","Self Repair","Glacier","Core Surge","Coolheaded+1","Cold Snap","Dark Shackles","Necronomicurse","Chill","Cold Snap","Double Energy","Reprogram","Master of Strategy","Blind","BootSequence","Capacitor","Coolheaded"],"relics":["Cracked Core","WarpedTongs","Tiny Chest","Anchor","Shovel","Orichalcum","Sundial","PreservedInsect","Runic Pyramid","DataDisk","Necronomicon","Whetstone","Strawberry","Vajra","Bottled Lightning","Ornamental Fan","Sozu","Incense Burner","Potion Belt","Centennial Puzzle","Bottled Tornado","Blue Candle","Bottled Flame"],"potions_floor_usage":[8,8,14,54,55],"damage_taken":[{"damage":4,"enemies":"Jaw Worm","floor":1,"turns":4},{"damage":1,"enemies":"2 Louse","floor":7,"turns":2},{"damage":32,"enemies":"Gremlin Nob","floor":8,"turns":4},{"damage":0,"enemies":"Cultist","floor":11,"turns":2},{"damage":10,"enemies":"Lagavulin","floor":12,"turns":6},{"damage":0,"enemies":"3 Sentries","floor":14,"turns":6},{"damage":31,"enemies":"The Guardian","floor":16,"turns":12},{"damage":8,"enemies":"Shell Parasite","floor":18,"turns":6},{"damage":0,"enemies":"Spheric Guardian","floor":24,"turns":7},{"damage":4,"enemies":"Centurion and Healer","floor":25,"turns":4},{"damage":5,"enemies":"Gremlin Leader","floor":27,"turns":9},{"damage":0,"enemies":"Snecko","floor":29,"turns":4},{"damage":0,"enemies":"3 Cultists","floor":31,"turns":5},{"damage":9,"enemies":"Automaton","floor":33,"turns":12},{"damage":6,"enemies":"3 Shapes","floor":35,"turns":7},{"damage":0,"enemies":"3 Darklings","floor":37,"turns":6},{"damage":0,"enemies":"Sphere and 2 Shapes","floor":45,"turns":4},{"damage":0,"enemies":"Giant Head","floor":47,"turns":7},{"damage":3,"enemies":"Maw","floor":48,"turns":8},{"damage":17,"enemies":"Time Eater","floor":50,"turns":13},{"damage":31,"enemies":"Shield and Spear","floor":54,"turns":9},{"damage":63,"enemies":"The Heart","floor":55,"turns":6}],"seed_played":"-2615943429037099387","potions_obtained":[{"floor":1,"key":"EntropicBrew"},{"floor":11,"key":"Fire Potion"},{"floor":14,"key":"Block Potion"},{"floor":24,"key":"Energy Potion"}],"is_trial":false,"path_per_floor":["M","?","$","?","$","R","M","E","T","R","M","E","R","E","R","B",null,"M","?","$","?","?","R","M","M","T","E","R","M","$","M","R","B",null,"M","?","M","?","$","R","$","R","T","R","M","T","E","M","R","B",null,"R","$","E","B"],"character_chosen":"DEFECT","items_purchased":["Sunder","Blizzard","Cold Snap","Dark Shackles","Cold Snap","Capacitor"],"campfire_rested":1,"item_purchase_floors":[3,5,20,20,30,39],"current_hp_per_floor":[60,53,53,53,53,53,52,20,20,41,41,31,31,38,38,14,57,69,69,69,48,48,48,48,64,71,78,78,78,78,78,78,76,78,78,68,78,74,74,74,74,74,74,74,74,74,74,74,74,64,72,72,72,61,0],"gold":32,"neow_bonus":"HUNDRED_GOLD","is_prod":false,"is_daily":false,"chose_seed":false,"campfire_upgraded":2,"win_rate":0,"timestamp":1554366492,"path_taken":["M","?","$","?","$","R","M","E","T","R","?","E","R","E","R","BOSS","M","?","$","?","?","R","M","M","T","E","R","M","$","M","R","BOSS","M","?","M","?","$","R","$","R","T","R","M","?","E","M","R","BOSS","R","$","E","BOSS"],"build_version":"2019-01-23","purchased_purges":4,"victory":false,"max_hp_per_floor":[71,71,71,71,71,71,71,71,71,71,71,71,71,71,71,71,71,71,71,71,71,71,71,71,71,78,78,78,78,78,78,78,78,78,78,78,78,74,74,74,74,74,74,74,74,74,74,74,74,74,74,74,74,74,74],"card_choices":[{"not_picked":["Tempest","Go for the Eyes"],"picked":"Fusion","floor":1},{"not_picked":["Compile Driver","Leap"],"picked":"Sweeping Beam","floor":7},{"not_picked":["Rebound","Biased Cognition"],"picked":"Echo Form","floor":8},{"not_picked":["Auto Shields","Skim"],"picked":"Coolheaded","floor":11},{"not_picked":["Barrage","Tempest"],"picked":"Self Repair","floor":12},{"not_picked":["Streamline","Defragment"],"picked":"Glacier","floor":14},{"not_picked":["Meteor Strike","Thunder Strike"],"picked":"Core Surge","floor":16},{"not_picked":["Stack","Aggregate"],"picked":"Coolheaded+1","floor":18},{"not_picked":["Leap","Ball Lightning","Compile Driver"],"picked":"SKIP","floor":24},{"not_picked":["Darkness+1","Undo","Redo"],"picked":"SKIP","floor":25},{"not_picked":["Conserve Battery","Redo","Sunder"],"picked":"SKIP","floor":27},{"not_picked":["Redo","Steam Power"],"picked":"Chill","floor":29},{"not_picked":["Auto Shields","Barrage"],"picked":"Double Energy","floor":31},{"not_picked":["Compile Driver","Stack+1"],"picked":"Reprogram","floor":35},{"not_picked":["Sadistic Nature","Magnetism"],"picked":"Master of Strategy","floor":36},{"not_picked":["Bandage Up","Mind Blast"],"picked":"Blind","floor":36},{"not_picked":["Reprogram","Leap+1"],"picked":"BootSequence","floor":37},{"not_picked":["Rip and Tear","Streamline+1"],"picked":"Coolheaded","floor":45},{"not_picked":["Self Repair+1","All For One","Compile Driver"],"picked":"SKIP","floor":47},{"not_picked":["Steam Power+1","Ball Lightning","Heatsinks"],"picked":"SKIP","floor":48},{"not_picked":["Stack","Undo","FTL"],"picked":"SKIP","floor":54}],"player_experience":1107754,"relics_obtained":[{"floor":8,"key":"Tiny Chest"},{"floor":9,"key":"Anchor"},{"floor":12,"key":"Shovel"},{"floor":13,"key":"Orichalcum"},{"floor":14,"key":"Sundial"},{"floor":15,"key":"PreservedInsect"},{"floor":21,"key":"Necronomicon"},{"floor":23,"key":"Whetstone"},{"floor":26,"key":"Strawberry"},{"floor":27,"key":"Vajra"},{"floor":28,"key":"Bottled Lightning"},{"floor":32,"key":"Ornamental Fan"},{"floor":42,"key":"Incense Burner"},{"floor":46,"key":"Potion Belt"},{"floor":47,"key":"Centennial Puzzle"},{"floor":49,"key":"Bottled Tornado"},{"floor":52,"key":"Blue Candle"},{"floor":54,"key":"Bottled Flame"}],"event_choices":[{"cards_removed":["Strike_B"],"damage_healed":0,"gold_gain":0,"player_choice":"Card Removal","damage_taken":7,"max_hp_gain":0,"max_hp_loss":0,"event_name":"Golden Wing","floor":2,"gold_loss":0},{"damage_healed":0,"gold_gain":0,"player_choice":"Rummage","damage_taken":0,"relics_obtained":["WarpedTongs"],"max_hp_gain":0,"max_hp_loss":0,"event_name":"Accursed Blacksmith","floor":4,"gold_loss":0,"cards_obtained":["Pain"]},{"damage_healed":0,"gold_gain":0,"player_choice":"Opened","damage_taken":0,"relics_obtained":["DataDisk"],"max_hp_gain":0,"max_hp_loss":0,"event_name":"The Mausoleum","floor":19,"gold_loss":0,"cards_obtained":["Writhe"]},{"damage_healed":0,"gold_gain":0,"player_choice":"Obtained Book","damage_taken":21,"max_hp_gain":0,"max_hp_loss":0,"event_name":"Cursed Tome","floor":21,"gold_loss":0},{"damage_healed":0,"gold_gain":50,"player_choice":"Stole From Cult","damage_taken":0,"max_hp_gain":0,"max_hp_loss":0,"event_name":"Nest","floor":22,"gold_loss":0},{"damage_healed":0,"gold_gain":0,"player_choice":"Memory 3","damage_taken":10,"max_hp_gain":0,"max_hp_loss":0,"event_name":"SensoryStone","floor":36,"gold_loss":0},{"damage_healed":0,"gold_gain":0,"player_choice":"Max HP","damage_taken":0,"max_hp_gain":0,"max_hp_loss":4,"event_name":"Winding Halls","floor":38,"gold_loss":0}],"is_beta":false,"boss_relics":[{"not_picked":["Ectoplasm","Cursed Key"],"picked":"Runic Pyramid"},{"not_picked":["Busted Crown","Pandora\u0027s Box"],"picked":"Sozu"}],"items_purged_floors":[5,20,30,53],"is_endless":false,"potions_floor_spawned":[1,11,14,24,27,31,37,45,48],"killed_by":"The Heart","ascension_level":15}