{"gold_per_floor":[111,111,124,49,49,49,49,49,101,118,180,180,192,208,208,282,282,296,11,11,11,11,36,36,52,52,52,1,62,62,87,87,161,161,181,181,193,210,220,220,235,263,290,290,19,48,48,83,83,83,83,83,83,33,64,64],"floor_reached":57,"playtime":3484,"items_purged":["Strike_R","Writhe","Strike_R+1"],"score":2803,"play_id":"b6434d51-e409-49c5-afc2-8d63c58a2b56","local_time":"20190330125737","is_ascension_mode":true,"campfire_choices":[{"data":"Body Slam","floor":6,"key":"SMITH"},{"data":"Flame Barrier","floor":8,"key":"SMITH"},{"data":"Immolate","floor":12,"key":"SMITH"},{"data":"Uppercut","floor":15,"key":"SMITH"},{"data":"Shockwave","floor":24,"key":"SMITH"},{"floor":32,"key":"REST"},{"data":"Barricade","floor":40,"key":"SMITH"},{"floor":44,"key":"RECALL"},{"floor":49,"key":"REST"},{"floor":53,"key":"REST"}],"neow_cost":"NONE","seed_source_timestamp":1042522460020700,"circlet_count":0,"master_deck":["AscendersBane","Strike_R+1","Strike_R+1","Defend_R+1","Defend_R+1","Defend_R+1","Defend_R+1","Bash+1","Body Slam+1","Flame Barrier+1","Inflame","Immolate+1","Uppercut+1","Shrug It Off","Offering","Rage+1","Feel No Pain","Shockwave+1","Body Slam+1","Barricade+1","Battle Trance","Dark Shackles","Purity","Headbutt+1","Iron Wave","Disarm","True Grit+1"],"relics":["Burning Blood","Juzu Bracelet","Paper Frog","Runic Pyramid","Happy Flower","Boot","Mercury Hourglass","Self Forming Clay","Tiny Chest","Red Mask","Cursed Key","Vajra","Art of War","Question Card","Smiling Mask","Pocketwatch"],"potions_floor_usage":[11,16,55,56],"damage_taken":[{"damage":15,"enemies":"Small Slimes","floor":1,"turns":4},{"damage":8,"enemies":"Cultist","floor":3,"turns":5},{"damage":0,"enemies":"2 Louse","floor":10,"turns":2},{"damage":35,"enemies":"3 Sentries","floor":11,"turns":14},{"damage":0,"enemies":"Blue Slaver","floor":13,"turns":2},{"damage":7,"enemies":"3 Louse","floor":14,"turns":3},{"damage":7,"enemies":"Hexaghost","floor":16,"turns":8},{"damage":6,"enemies":"3 Byrds","floor":18,"turns":3},{"damage":26,"enemies":"Book of Stabbing","floor":23,"turns":4},{"damage":0,"enemies":"Chosen","floor":25,"turns":3},{"damage":6,"enemies":"Gremlin Leader","floor":29,"turns":4},{"damage":6,"enemies":"Masked Bandits","floor":31,"turns":2},{"damage":35,"enemies":"Automaton","floor":33,"turns":8},{"damage":2,"enemies":"3 Shapes","floor":35,"turns":3},{"damage":0,"enemies":"Orb Walker","floor":37,"turns":3},{"damage":6,"enemies":"Writhing Mass","floor":38,"turns":5},{"damage":6,"enemies":"Spire Growth","floor":39,"turns":5},{"damage":6,"enemies":"Transient","floor":41,"turns":6},{"damage":23,"enemies":"Reptomancer","floor":42,"turns":6},{"damage":6,"enemies":"Giant Head","floor":46,"turns":6},{"damage":16,"enemies":"Reptomancer","floor":48,"turns":7},{"damage":28,"enemies":"Awakened One","floor":50,"turns":9},{"damage":15,"enemies":"Time Eater","floor":51,"turns":9},{"damage":54,"enemies":"Shield and Spear","floor":55,"turns":8},{"damage":31,"enemies":"The Heart","floor":56,"turns":11}],"seed_played":"-1544257944123102166","potions_obtained":[{"floor":2,"key":"FearPotion"},{"floor":2,"key":"Block Potion"},{"floor":13,"key":"Swift Potion"},{"floor":14,"key":"Poison Potion"},{"floor":16,"key":"Block Potion"},{"floor":18,"key":"Weak Potion"}],"is_trial":false,"path_per_floor":["M","?","M","$","?","R","$","R","T","M","?","R","M","M","R","B",null,"M","$","?","?","?","E","R","M","T","?","?","E","?","?","R","B",null,"M","?","M","M","M","R","M","E","T","R","$","E","?","E","R","B","B",null,"R","$","E","B",null],"character_chosen":"IRONCLAD","items_purchased":["Happy Flower","Rage","Feel No Pain","Art of War"],"campfire_rested":3,"item_purchase_floors":[19,19,19,45],"current_hp_per_floor":[59,59,57,57,57,57,57,57,57,63,34,34,40,39,39,38,66,66,66,66,66,66,46,46,52,52,52,52,52,31,31,55,26,67,71,61,67,67,67,67,67,50,50,50,50,50,50,40,64,42,33,68,80,80,32,7],"gold":64,"neow_bonus":"UPGRADE_CARD","is_prod":false,"is_daily":false,"chose_seed":false,"campfire_upgraded":6,"win_rate":0,"timestamp":1553939857,"path_taken":["M","?","?","$","?","R","?","R","T","M","?","R","M","M","R","BOSS","M","$","?","?","?","E","R","M","T","?","?","E","?","?","R","BOSS","M","?","M","M","M","R","M","E","T","R","$","E","?","E","R","BOSS","BOSS","R","$","E","BOSS"],"build_version":"2019-01-23","purchased_purges":3,"victory":true,"max_hp_per_floor":[75,75,75,75,75,75,75,75,75,75,75,75,75,75,75,75,75,75,75,75,75,75,75,75,75,75,75,75,75,80,80,80,80,80,80,80,80,80,80,80,80,80,80,80,80,80,80,80,80,80,80,80,80,80,80,80],"card_choices":[{"not_picked":["Clothesline","Cleave"],"picked":"Body Slam","floor":1},{"not_picked":["Headbutt","Cleave"],"picked":"Flame Barrier","floor":3},{"not_picked":["Warcry","Reckless Charge"],"picked":"Inflame","floor":10},{"not_picked":["Burning Pact","Rampage"],"picked":"Immolate","floor":11},{"not_picked":["Heavy Blade","Flex"],"picked":"Uppercut","floor":13},{"not_picked":["Warcry","Headbutt"],"picked":"Shrug It Off","floor":14},{"not_picked":["Dark Embrace","Bludgeon"],"picked":"Offering","floor":16},{"not_picked":["Battle Trance","Havoc","Flex"],"picked":"SKIP","floor":18},{"not_picked":["Shrug It Off","Thunderclap"],"picked":"Shockwave","floor":23},{"not_picked":["Heavy Blade","Metallicize","Clothesline+1"],"picked":"SKIP","floor":25},{"not_picked":["Carnage","Pummel","Bloodletting+1"],"picked":"SKIP","floor":29},{"not_picked":["Clash","Armaments"],"picked":"Body Slam+1","floor":31},{"not_picked":["Berserk","Offering"],"picked":"Barricade","floor":33},{"not_picked":["Heavy Blade+1","Second Wind"],"picked":"Battle Trance","floor":35},{"not_picked":["Deep Breath","Purity"],"picked":"Dark Shackles","floor":36},{"not_picked":["PanicButton","Swift Strike"],"picked":"Purity","floor":36},{"not_picked":["Trip","Finesse"],"picked":"Blind","floor":36},{"not_picked":["Iron Wave","Sword Boomerang"],"picked":"Headbutt+1","floor":37},{"not_picked":["Corruption","Anger","Body Slam+1"],"picked":"SKIP","floor":38},{"not_picked":["Anger","Armaments","Warcry"],"picked":"SKIP","floor":39},{"not_picked":["Spot Weakness","Headbutt","Perfected Strike"],"picked":"SKIP","floor":41},{"not_picked":["Rage","Anger+1"],"picked":"Iron Wave","floor":42},{"not_picked":["Flex","Inflame+1","Clothesline"],"picked":"SKIP","floor":46},{"not_picked":["Fiend Fire","Ghostly Armor","Perfected Strike"],"picked":"Disarm","floor":48},{"not_picked":["Armaments","Headbutt+1","Iron Wave"],"picked":"True Grit+1","floor":55}],"player_experience":1068472,"relics_obtained":[{"floor":9,"key":"Juzu Bracelet"},{"floor":11,"key":"Paper Frog"},{"floor":23,"key":"Boot"},{"floor":26,"key":"Mercury Hourglass"},{"floor":29,"key":"Tiny Chest"},{"floor":31,"key":"Red Mask"},{"floor":42,"key":"Vajra"},{"floor":46,"key":"Question Card"},{"floor":48,"key":"Smiling Mask"},{"floor":55,"key":"Pocketwatch"}],"event_choices":[{"damage_healed":0,"gold_gain":0,"player_choice":"Got Potions","damage_taken":0,"max_hp_gain":0,"max_hp_loss":0,"event_name":"Lab","floor":2,"gold_loss":0},{"cards_removed":["Strike_R"],"damage_healed":0,"gold_gain":0,"player_choice":"Card Removal","damage_taken":0,"max_hp_gain":0,"max_hp_loss":0,"event_name":"Wheel of Change","floor":5,"gold_loss":0},{"damage_healed":0,"gold_gain":0,"player_choice":"Searched \u00272\u0027 times","damage_taken":0,"max_hp_gain":0,"max_hp_loss":0,"event_name":"Dead Adventurer","floor":11,"gold_loss":0},{"damage_healed":0,"gold_gain":0,"player_choice":"Ignored","damage_taken":0,"max_hp_gain":0,"max_hp_loss":0,"event_name":"The Mausoleum","floor":20,"gold_loss":0},{"damage_healed":0,"gold_gain":0,"player_choice":"Upgraded","damage_taken":0,"max_hp_gain":0,"max_hp_loss":0,"event_name":"Upgrade Shrine","floor":21,"gold_loss":0,"cards_upgraded":["Rage"]},{"damage_healed":0,"gold_gain":0,"player_choice":"Simplicity","damage_taken":0,"max_hp_gain":0,"max_hp_loss":0,"event_name":"Back to Basics","floor":22,"gold_loss":0,"cards_upgraded":["Strike_R","Strike_R","Strike_R","Defend_R","Defend_R","Defend_R","Defend_R"]},{"damage_healed":0,"gold_gain":0,"player_choice":"Ignored","damage_taken":0,"max_hp_gain":0,"max_hp_loss":0,"event_name":"Ghosts","floor":27,"gold_loss":0},{"damage_healed":0,"gold_gain":0,"player_choice":"Paid Gold","damage_taken":0,"relics_obtained":["Self Forming Clay"],"max_hp_gain":0,"max_hp_loss":0,"event_name":"WeMeetAgain","floor":28,"gold_loss":51},{"damage_healed":0,"gold_gain":0,"player_choice":"Shed Blood","damage_taken":26,"max_hp_gain":5,"max_hp_loss":0,"event_name":"Forgotten Altar","floor":30,"gold_loss":0},{"damage_healed":0,"gold_gain":0,"player_choice":"Fought Bandits","damage_taken":0,"max_hp_gain":0,"max_hp_loss":0,"event_name":"Masked Bandits","floor":31,"gold_loss":0},{"damage_healed":0,"gold_gain":0,"player_choice":"Memory 3","damage_taken":10,"max_hp_gain":0,"max_hp_loss":0,"event_name":"SensoryStone","floor":36,"gold_loss":0},{"cards_removed":["Blind"],"damage_healed":0,"gold_gain":0,"player_choice":"Removed Skill","damage_taken":0,"max_hp_gain":0,"max_hp_loss":0,"event_name":"Falling","floor":47,"gold_loss":0}],"is_beta":false,"boss_relics":[{"not_picked":["Philosopher\u0027s Stone","Mark of Pain"],"picked":"Runic Pyramid"},{"not_picked":["Orrery","Velvet Choker"],"picked":"Cursed Key"}],"items_purged_floors":[4,45,54],"is_endless":false,"potions_floor_spawned":[3,13,14,16,18,33,35,38,39,48],"ascension_level":20}