{"gold_per_floor":[117,137,137,148,148,180,180,200,200,200,235,247,247,247],"floor_reached":14,"playtime":567,"items_purged":[],"score":190,"play_id":"ddf12012-24b8-4150-9859-7f7a870a6cec","local_time":"20190818001022","is_ascension_mode":true,"campfire_choices":[{"floor":7,"key":"REST"},{"data":"Deadly Poison","floor":10,"key":"SMITH"},{"floor":13,"key":"REST"}],"neow_cost":"NONE","seed_source_timestamp":7953150117848,"circlet_count":0,"master_deck":["AscendersBane","Strike_G","Strike_G","Strike_G","Strike_G","Strike_G","Defend_G","Defend_G","Defend_G","Defend_G","Defend_G","Survivor","Neutralize+1","Die Die Die","Deadly Poison+1","Dagger Spray","PiercingWail","Deflect","Flying Knee","Skewer","Burst"],"relics":["Ring of the Snake","Ornamental Fan","The Courier","Dodecahedron"],"potions_floor_usage":[8,11],"damage_taken":[{"damage":2,"enemies":"Jaw Worm","floor":1,"turns":6},{"damage":0,"enemies":"2 Louse","floor":2,"turns":2},{"damage":1,"enemies":"Cultist","floor":4,"turns":4},{"damage":59,"enemies":"Gremlin Nob","floor":6,"turns":5},{"damage":0,"enemies":"Red Slaver","floor":8,"turns":3},{"damage":30,"enemies":"Lagavulin","floor":11,"turns":7},{"damage":0,"enemies":"Looter","floor":12,"turns":4},{"damage":34,"enemies":"Gremlin Nob","floor":14,"turns":3}],"seed_played":"7338337858820013543","potions_obtained":[{"floor":1,"key":"Regen Potion"},{"floor":4,"key":"FairyPotion"},{"floor":6,"key":"FearPotion"}],"is_trial":false,"path_per_floor":["M","M","?","M","?","E","R","M","T","R","E","M","R","E"],"character_chosen":"THE_SILENT","items_purchased":[],"campfire_rested":2,"item_purchase_floors":[],"current_hp_per_floor":[57,57,57,56,56,6,25,25,25,25,10,10,29,0],"gold":247,"neow_bonus":"ONE_RANDOM_RARE_CARD","is_prod":false,"is_daily":false,"chose_seed":false,"campfire_upgraded":1,"win_rate":0,"timestamp":1566079822,"path_taken":["M","M","?","M","?","E","R","M","T","R","E","M","R","E"],"build_version":"2019-07-17","purchased_purges":0,"victory":false,"max_hp_per_floor":[66,66,66,66,66,66,66,66,66,66,66,66,66,66],"card_choices":[{"not_picked":["Eviscerate","Prepared"],"picked":"Deadly Poison","floor":1},{"not_picked":["Outmaneuver","Unload"],"picked":"Dagger Spray","floor":2},{"not_picked":["Dodge and Roll","Outmaneuver"],"picked":"PiercingWail","floor":4},{"not_picked":["Slice","Catalyst"],"picked":"Deflect","floor":6},{"not_picked":["Outmaneuver","Infinite Blades"],"picked":"Flying Knee","floor":8},{"not_picked":["Dagger Spray","Flying Knee"],"picked":"Skewer","floor":11},{"not_picked":["Bane","Outmaneuver"],"picked":"Burst","floor":12}],"player_experience":964675,"relics_obtained":[{"floor":6,"key":"Ornamental Fan"},{"floor":9,"key":"The Courier"},{"floor":11,"key":"Dodecahedron"}],"event_choices":[{"damage_healed":0,"gold_gain":0,"player_choice":"Ignored","damage_taken":0,"max_hp_gain":0,"max_hp_loss":0,"event_name":"Liars Game","floor":3,"gold_loss":0},{"damage_healed":0,"gold_gain":0,"player_choice":"Grow","damage_taken":0,"max_hp_gain":0,"max_hp_loss":0,"event_name":"Living Wall","floor":5,"gold_loss":0,"cards_upgraded":["Neutralize"]}],"is_beta":false,"boss_relics":[],"items_purged_floors":[],"is_endless":false,"potions_floor_spawned":[1,4,6],"killed_by":"Gremlin Nob","ascension_level":18}