{"gold_per_floor":[115,290,290,180,180,180,192,217,296,296,306,306,337,60,60,161,161,178,189,288,288,304,334,334,346,370,370,138,167,167,197,197,298,298,318,11,21,37,37,37,67,67,122,122,134,148,148],"floor_reached":47,"playtime":2274,"items_purged":["Doubt","Strike_R","Strike_R","Strike_R"],"score":624,"play_id":"fa4a9da1-60cc-4e29-a874-1cfa4fcb004a","local_time":"20190917092856","is_ascension_mode":false,"campfire_choices":[{"data":"Bash","floor":6.0,"key":"SMITH"},{"data":"Searing Blow","floor":10.0,"key":"SMITH"},{"data":"Searing Blow+1","floor":12.0,"key":"SMITH"},{"data":"Searing Blow+2","floor":15.0,"key":"SMITH"},{"data":"Searing Blow+3","floor":24.0,"key":"SMITH"},{"floor":27.0,"key":"REST"},{"data":"Searing Blow+4","floor":30.0,"key":"SMITH"},{"data":"Searing Blow+5","floor":32.0,"key":"SMITH"},{"data":"Searing Blow+6","floor":40.0,"key":"SMITH"},{"data":"Searing Blow+7","floor":44.0,"key":"SMITH"}],"neow_cost":"NONE","seed_source_timestamp":285173978786400,"circlet_count":0,"master_deck":["Strike_R","Defend_R+1","Defend_R+1","Defend_R","Bash+1","Shrug It Off","Inflame","Clothesline","Searing Blow+8","Headbutt","Pommel Strike","Double Tap","Cleave","Seeing Red","Metallicize","Shrug It Off","Flex+1","Feed","Flex+1","Inflame","Shrug It Off+1","Metallicize"],"special_seed":0,"relics":["Burning Blood","NeowsBlessing","Boot","Pear","Membership Card","Lizard Tail","Nunchaku","Red Skull","Happy Flower","Omamori","Tiny Chest","Runic Pyramid","PreservedInsect","Paper Frog","Centennial Puzzle","Ancient Tea Set"],"potions_floor_usage":[47],"damage_taken":[{"damage":0.0,"enemies":"2 Louse","floor":1.0,"turns":1.0},{"damage":0.0,"enemies":"Cultist","floor":7.0,"turns":1.0},{"damage":0.0,"enemies":"3 Sentries","floor":8.0,"turns":2.0},{"damage":5.0,"enemies":"Jaw Worm","floor":11.0,"turns":4.0},{"damage":36.0,"enemies":"Lagavulin","floor":13.0,"turns":6.0},{"damage":52.0,"enemies":"The Guardian","floor":16.0,"turns":13.0},{"damage":10.0,"enemies":"Chosen","floor":18.0,"turns":3.0},{"damage":36.0,"enemies":"2 Thieves","floor":19.0,"turns":5.0},{"damage":22.0,"enemies":"3 Cultists","floor":22.0,"turns":4.0},{"damage":23.0,"enemies":"Gremlin Leader","floor":23.0,"turns":5.0},{"damage":21.0,"enemies":"Sentry and Sphere","floor":25.0,"turns":5.0},{"damage":19.0,"enemies":"Book of Stabbing","floor":29.0,"turns":4.0},{"damage":74.0,"enemies":"Collector","floor":33.0,"turns":12.0},{"damage":21.0,"enemies":"Orb Walker","floor":35.0,"turns":5.0},{"damage":28.0,"enemies":"3 Darklings","floor":37.0,"turns":6.0},{"damage":32.0,"enemies":"Spire Growth","floor":38.0,"turns":5.0},{"damage":0.0,"enemies":"Giant Head","floor":41.0,"turns":4.0},{"damage":8.0,"enemies":"Writhing Mass","floor":45.0,"turns":4.0},{"damage":26.0,"enemies":"3 Darklings","floor":46.0,"turns":5.0},{"damage":20,"enemies":"Jaw Worm Horde","floor":47,"turns":1}],"seed_played":"-5224072040810195908","potions_obtained":[{"floor":7.0,"key":"AttackPotion"},{"floor":11.0,"key":"SkillPotion"},{"floor":16.0,"key":"Block Potion"},{"floor":23.0,"key":"Block Potion"},{"floor":25.0,"key":"SpeedPotion"},{"floor":37.0,"key":"Ancient Potion"},{"floor":41.0,"key":"AttackPotion"},{"floor":46.0,"key":"Ancient Potion"}],"is_trial":false,"path_per_floor":["M","?","?","$","?","R","M","E","T","R","M","R","E","$","R","B",null,"M","M","?","?","M","E","R","M","T","R","$","E","R","T","R","B",null,"M","$","M","M","$","R","E","?","T","R","M","M","M"],"character_chosen":"IRONCLAD","items_purchased":["Inflame","Membership Card","Pommel Strike","Happy Flower","Regen Potion","Shrug It Off","AttackPotion","PreservedInsect","Paper Frog","Inflame"],"campfire_rested":1,"item_purchase_floors":[4,14,14,28,28,28,28,36,36,36],"current_hp_per_floor":[80,80,64,64,64,64,70,76,76,76,77,77,57,57,57,11,90,86,56,56,56,40,23,23,8,8,35,35,34,34,34,34,25,90,78,78,56,30,30,30,36,36,36,36,37,17,0],"gold":148,"neow_bonus":"THREE_ENEMY_KILL","is_prod":false,"is_daily":false,"chose_seed":false,"campfire_upgraded":9,"win_rate":0,"timestamp":1568680136,"path_taken":["M","?","?","$","?","R","?","E","T","R","M","R","E","$","R","BOSS","M","M","?","?","M","E","R","M","T","R","?","E","R","?","R","BOSS","M","$","M","M","$","R","E","?","T","R","?","M","M"],"build_version":"2019-07-17","purchased_purges":4,"victory":false,"max_hp_per_floor":[80,80,80,80,80,80,80,80,80,80,80,80,90,90,90,90,90,90,90,90,90,90,90,90,90,90,90,90,90,90,90,90,90,90,93,93,93,93,93,93,93,93,93,93,96,96,96],"card_choices":[{"not_picked":["Armaments","Dual Wield"],"picked":"Shrug It Off","floor":1.0},{"not_picked":["Flame Barrier","Dual Wield"],"picked":"Clothesline","floor":7.0},{"not_picked":["Flex","Headbutt"],"picked":"Searing Blow","floor":8.0},{"not_picked":["Sever Soul","Heavy Blade"],"picked":"Headbutt","floor":11.0},{"not_picked":["Thunderclap","Armaments","Second Wind"],"picked":"SKIP","floor":13.0},{"not_picked":["Brutality","Offering"],"picked":"Double Tap","floor":16.0},{"not_picked":["Pommel Strike","Feel No Pain"],"picked":"Cleave","floor":18.0},{"not_picked":["Wild Strike","Cleave"],"picked":"Seeing Red","floor":19.0},{"not_picked":["Wild Strike","Sword Boomerang","Havoc"],"picked":"SKIP","floor":22.0},{"not_picked":["Pommel Strike","Clothesline"],"picked":"Metallicize","floor":23.0},{"not_picked":["Thunderclap","Cleave+1","Sword Boomerang"],"picked":"SKIP","floor":25.0},{"not_picked":["Berserk","Armaments"],"picked":"Flex+1","floor":29.0},{"not_picked":["Offering","Dark Embrace"],"picked":"Feed","floor":33.0},{"not_picked":["Corruption","Clothesline"],"picked":"Flex+1","floor":35.0},{"not_picked":["Fire Breathing","Immolate"],"picked":"Shrug It Off+1","floor":37.0},{"not_picked":["Inflame+1","Flex+1","Armaments"],"picked":"SKIP","floor":38.0},{"not_picked":["Power Through","Seeing Red","Thunderclap"],"picked":"SKIP","floor":41.0},{"not_picked":["Warcry","Cleave+1","Clash"],"picked":"SKIP","floor":45.0},{"not_picked":["Offering","Anger"],"picked":"Metallicize","floor":46.0}],"player_experience":380997,"relics_obtained":[{"floor":8.0,"key":"Boot"},{"floor":13.0,"key":"Pear"},{"floor":23.0,"key":"Nunchaku"},{"floor":26.0,"key":"Red Skull"},{"floor":29.0,"key":"Omamori"},{"floor":31.0,"key":"Tiny Chest"},{"floor":41.0,"key":"Centennial Puzzle"},{"floor":43.0,"key":"Ancient Tea Set"}],"event_choices":[{"damage_healed":0.0,"max_hp_gain":0.0,"max_hp_loss":0.0,"gold_gain":175.0,"event_name":"Liars Game","player_choice":"AGREE","floor":2.0,"gold_loss":0.0,"damage_taken":0.0,"cards_obtained":["Doubt"]},{"damage_healed":0.0,"max_hp_gain":0.0,"max_hp_loss":0.0,"gold_gain":0.0,"event_name":"Shining Light","player_choice":"Entered Light","floor":3.0,"gold_loss":0.0,"damage_taken":16.0,"cards_upgraded":["Defend_R","Defend_R"]},{"cards_removed":["Strike_R"],"damage_healed":0.0,"max_hp_gain":0.0,"max_hp_loss":0.0,"gold_gain":0.0,"event_name":"Purifier","player_choice":"Purged","floor":5.0,"gold_loss":0.0,"damage_taken":0.0},{"damage_healed":0.0,"max_hp_gain":0.0,"max_hp_loss":0.0,"gold_gain":99.0,"event_name":"Nest","player_choice":"Stole From Cult","floor":20.0,"gold_loss":0.0,"damage_taken":0.0},{"damage_healed":0.0,"max_hp_gain":0.0,"max_hp_loss":0.0,"gold_gain":0.0,"event_name":"Ghosts","player_choice":"Ignored","floor":21.0,"gold_loss":0.0,"damage_taken":0.0},{"cards_removed":["Defend_R"],"damage_healed":0.0,"max_hp_gain":0.0,"max_hp_loss":0.0,"gold_gain":0.0,"event_name":"Bonfire Elementals","player_choice":"Offered Basic","floor":42.0,"gold_loss":0.0,"damage_taken":0.0}],"is_beta":false,"boss_relics":[{"not_picked":["Busted Crown","Calling Bell"],"picked":"Lizard Tail"},{"not_picked":["Pandora\u0027s Box","White Beast Statue"],"picked":"Runic Pyramid"}],"items_purged_floors":[4,14,28,36],"is_endless":false,"potions_floor_spawned":[7,11,16,23,25,37,41,46],"killed_by":"Jaw Worm Horde","ascension_level":0}