{"gold_per_floor":[113,21,31,106,106,106,123,123,123,139,139,173,173,203,203,277,277,292,322,322,597,189,244,244,279,279,279,307,307,307,319,319,395,395,408,408,408,408,408,434,434,119,119,119,147,247,38,50,50,50,50,50,50,50,75,75],"floor_reached":56,"playtime":3324,"items_purged":["Regret","Strike_R"],"score":1947,"play_id":"6b6cb7e3-ab54-4f90-bf6e-222ca282b021","local_time":"20190320182830","is_ascension_mode":true,"campfire_choices":[{"data":"Whirlwind","floor":6,"key":"SMITH"},{"data":"Heavy Blade","floor":8,"key":"SMITH"},{"data":"Battle Trance","floor":11,"key":"SMITH"},{"floor":13,"key":"REST"},{"floor":15,"key":"REST"},{"data":"Spot Weakness","floor":24,"key":"SMITH"},{"data":"Defend_R","floor":27,"key":"SMITH"},{"data":"J.A.X.","floor":32,"key":"SMITH"},{"data":"Limit Break","floor":41,"key":"SMITH"},{"data":"Trip","floor":44,"key":"SMITH"},{"floor":49,"key":"RECALL"},{"data":"Secret Technique","floor":53,"key":"SMITH"}],"neow_cost":"TEN_PERCENT_HP_LOSS","seed_source_timestamp":198491882376600,"circlet_count":0,"master_deck":["AscendersBane","Strike_R","Defend_R","Defend_R","Defend_R","Defend_R+1","Bash","Battle Trance+1","Heavy Blade+1","Whirlwind+1","Disarm","Disarm","Reaper","Thunderclap+1","Reaper","J.A.X.+1","Limit Break+1","Flash of Steel","Dark Shackles","Trip+1","Limit Break+1","Shrug It Off","Secret Technique+1","Evolve"],"relics":["Burning Blood","Torii","Sundial","Juzu Bracelet","Coffee Dripper","Red Mask","Happy Flower","Omamori","Tiny Chest","Ornamental Fan","Meat on the Bone","Paper Frog","Lizard Tail","Nunchaku","Bag of Marbles","DollysMirror","Question Card","Turnip","Mango","Bottled Lightning"],"potions_floor_usage":[23,23,45,56,56],"damage_taken":[{"damage":16,"enemies":"Jaw Worm","floor":1,"turns":6},{"damage":6,"enemies":"2 Louse","floor":3,"turns":2},{"damage":0,"enemies":"Cultist","floor":7,"turns":3},{"damage":1,"enemies":"2 Fungi Beasts","floor":10,"turns":3},{"damage":39,"enemies":"Gremlin Nob","floor":12,"turns":4},{"damage":27,"enemies":"Lagavulin","floor":14,"turns":6},{"damage":33,"enemies":"The Guardian","floor":16,"turns":10},{"damage":28,"enemies":"2 Thieves","floor":18,"turns":3},{"damage":7,"enemies":"Masked Bandits","floor":19,"turns":2},{"damage":29,"enemies":"Book of Stabbing","floor":23,"turns":6},{"damage":26,"enemies":"Slavers","floor":25,"turns":3},{"damage":22,"enemies":"Book of Stabbing","floor":28,"turns":5},{"damage":3,"enemies":"3 Byrds","floor":31,"turns":2},{"damage":47,"enemies":"Champ","floor":33,"turns":9},{"damage":13,"enemies":"3 Shapes","floor":35,"turns":3},{"damage":44,"enemies":"Nemesis","floor":40,"turns":5},{"damage":49,"enemies":"Reptomancer","floor":45,"turns":5},{"damage":10,"enemies":"Mind Bloom Boss Battle","floor":46,"turns":5},{"damage":3,"enemies":"3 Darklings","floor":48,"turns":2},{"damage":107,"enemies":"Donu and Deca","floor":50,"turns":6},{"damage":65,"enemies":"Awakened One","floor":51,"turns":8},{"damage":127,"enemies":"Shield and Spear","floor":55,"turns":8},{"damage":56,"enemies":"The Heart","floor":56,"turns":2}],"seed_played":"-7785225218146377718","potions_obtained":[{"floor":14,"key":"Swift Potion"},{"floor":16,"key":"AttackPotion"},{"floor":18,"key":"SkillPotion"},{"floor":19,"key":"Energy Potion"},{"floor":31,"key":"Dexterity Potion"},{"floor":35,"key":"AttackPotion"},{"floor":46,"key":"Swift Potion"}],"is_trial":false,"path_per_floor":["M","$","M","?","?","R","M","R","T","M","R","E","R","E","R","B",null,"M","?","?","?","$","E","R","E","T","R","E","?","T","M","R","B",null,"M","?","?","?","T","E","R","$","T","R","E","?","$","M","R","B","B",null,"R","$","E","B"],"character_chosen":"IRONCLAD","items_purchased":["Battle Trance","Heavy Blade","Happy Flower","Omamori","DollysMirror","Secret Technique"],"campfire_rested":2,"item_purchase_floors":[2,2,22,22,42,47],"current_hp_per_floor":[58,58,58,47,47,47,53,53,53,58,58,25,45,24,44,17,55,47,46,46,46,46,33,33,25,25,25,27,27,27,68,68,68,68,68,68,58,58,58,33,33,33,33,33,38,82,82,82,82,82,82,82,82,82,52,0],"gold":75,"neow_bonus":"REMOVE_TWO","is_prod":false,"is_daily":false,"chose_seed":false,"campfire_upgraded":9,"win_rate":0,"timestamp":1553095710,"path_taken":["M","$","M","?","?","R","M","R","T","?","R","E","R","E","R","BOSS","M","?","?","?","$","E","R","E","T","R","E","?","?","M","R","BOSS","M","?","?","?","?","E","R","?","T","R","E","?","$","M","R","BOSS","BOSS","R","$","E","BOSS"],"build_version":"2019-01-23","purchased_purges":2,"victory":false,"max_hp_per_floor":[68,68,68,68,68,68,68,68,68,68,68,68,68,68,68,68,68,68,68,68,68,68,68,68,68,68,68,68,68,68,68,68,68,68,68,68,68,68,68,68,68,68,68,68,68,82,82,82,82,82,82,82,82,82,82,82],"card_choices":[{"not_picked":["Anger","Headbutt"],"picked":"Spot Weakness","floor":1},{"not_picked":["Shockwave","Iron Wave"],"picked":"Whirlwind","floor":3},{"not_picked":["Cleave","Anger"],"picked":"Disarm","floor":7},{"not_picked":["Dropkick","Sword Boomerang","True Grit"],"picked":"SKIP","floor":10},{"not_picked":["Pommel Strike","Havoc","Cleave"],"picked":"SKIP","floor":12},{"not_picked":["Searing Blow","Armaments","Twin Strike"],"picked":"SKIP","floor":14},{"not_picked":["Searing Blow","Armaments","Twin Strike"],"picked":"SKIP","floor":14},{"not_picked":["Double Tap","Juggernaut"],"picked":"Reaper","floor":16},{"not_picked":["Twin Strike","Sever Soul","Sentinel"],"picked":"SKIP","floor":18},{"not_picked":["Clothesline","Havoc"],"picked":"Thunderclap+1","floor":23},{"not_picked":["Twin Strike","Dropkick","Headbutt+1"],"picked":"SKIP","floor":25},{"not_picked":["Havoc","True Grit"],"picked":"Reaper","floor":28},{"not_picked":["Havoc","Body Slam","Fire Breathing"],"picked":"SKIP","floor":31},{"not_picked":["Exhume","Reaper"],"picked":"Limit Break","floor":33},{"not_picked":["Thunderclap","Headbutt","Havoc"],"picked":"SKIP","floor":35},{"not_picked":["Thinking Ahead","Forethought"],"picked":"Flash of Steel","floor":37},{"not_picked":["Forethought","Deep Breath"],"picked":"Dark Shackles","floor":37},{"not_picked":["Flash of Steel","Deep Breath"],"picked":"Trip","floor":37},{"not_picked":["Clash+1","Body Slam+1","Feel No Pain"],"picked":"SKIP","floor":40},{"not_picked":["Rage","Hemokinesis+1","True Grit","Brutality"],"picked":"SKIP","floor":45},{"not_picked":["Rage","Hemokinesis+1","True Grit","Brutality"],"picked":"SKIP","floor":45},{"not_picked":["Feel No Pain","Infernal Blade","Power Through"],"picked":"Shrug It Off","floor":46},{"not_picked":["Clothesline","Pummel","True Grit","Twin Strike+1"],"picked":"SKIP","floor":48},{"not_picked":["Corruption","Warcry","Sever Soul+1"],"picked":"Evolve","floor":55}],"player_experience":963927,"relics_obtained":[{"floor":9,"key":"Torii"},{"floor":12,"key":"Sundial"},{"floor":14,"key":"Juzu Bracelet"},{"floor":19,"key":"Red Mask"},{"floor":23,"key":"Tiny Chest"},{"floor":25,"key":"Ornamental Fan"},{"floor":28,"key":"Meat on the Bone"},{"floor":30,"key":"Paper Frog"},{"floor":39,"key":"Nunchaku"},{"floor":40,"key":"Bag of Marbles"},{"floor":43,"key":"Question Card"},{"floor":45,"key":"Turnip"},{"floor":46,"key":"Mango"},{"floor":55,"key":"Bottled Lightning"}],"event_choices":[{"damage_healed":0,"gold_gain":75,"player_choice":"Gather Gold","damage_taken":11,"max_hp_gain":0,"max_hp_loss":0,"event_name":"World of Goop","floor":4,"gold_loss":0},{"damage_healed":0,"gold_gain":0,"player_choice":"1 cards matched","damage_taken":0,"max_hp_gain":0,"max_hp_loss":0,"event_name":"Match and Keep!","floor":5,"gold_loss":0,"cards_obtained":["Disarm"]},{"damage_healed":0,"gold_gain":0,"player_choice":"Fought Bandits","damage_taken":0,"max_hp_gain":0,"max_hp_loss":0,"event_name":"Masked Bandits","floor":19,"gold_loss":0},{"damage_healed":0,"gold_gain":0,"player_choice":"Ignored","damage_taken":0,"max_hp_gain":0,"max_hp_loss":0,"event_name":"Ghosts","floor":20,"gold_loss":0},{"damage_healed":0,"gold_gain":275,"player_choice":"Desecrate","damage_taken":0,"max_hp_gain":0,"max_hp_loss":0,"event_name":"Golden Shrine","floor":21,"gold_loss":0,"cards_obtained":["Regret"]},{"damage_healed":0,"gold_gain":0,"player_choice":"Obtain J.A.X.","damage_taken":0,"max_hp_gain":0,"max_hp_loss":0,"event_name":"Drug Dealer","floor":29,"gold_loss":0,"cards_obtained":["J.A.X."]},{"cards_removed":["Strike_R"],"damage_healed":0,"gold_gain":0,"player_choice":"Offered Basic","damage_taken":0,"max_hp_gain":0,"max_hp_loss":0,"event_name":"Bonfire Elementals","floor":36,"gold_loss":0},{"damage_healed":0,"gold_gain":0,"player_choice":"Memory 3","damage_taken":10,"max_hp_gain":0,"max_hp_loss":0,"event_name":"SensoryStone","floor":37,"gold_loss":0},{"cards_removed":["Spot Weakness"],"damage_healed":0,"gold_gain":0,"player_choice":"Removed Skill","damage_taken":0,"max_hp_gain":0,"max_hp_loss":0,"event_name":"Falling","floor":38,"gold_loss":0},{"damage_healed":0,"gold_gain":0,"player_choice":"Fight","damage_taken":0,"max_hp_gain":0,"max_hp_loss":0,"event_name":"MindBloom","floor":46,"gold_loss":0}],"is_beta":false,"boss_relics":[{"not_picked":["Cursed Key","Empty Cage"],"picked":"Coffee Dripper"},{"not_picked":["Calling Bell","Eternal Feather"],"picked":"Lizard Tail"}],"items_purged_floors":[22,42],"is_endless":false,"potions_floor_spawned":[14,16,18,19,31,35,46,48],"killed_by":"The Heart","ascension_level":20}