{"gold_per_floor":[112,112,89,121,152,195,207,250,262,274,34,50,50,50,50,122,122,136,61,61,111,11,46,46,46,98,98,115,145,162,197,197,274,274,284,300,300,30,30],"floor_reached":39,"playtime":2030,"items_purged":["Strike_G","Strike_G","Injury"],"score":888,"play_id":"90c98f98-f3cb-491a-ba11-30dde5237a7d","local_time":"20190819150927","is_ascension_mode":true,"campfire_choices":[{"data":"Skewer","floor":7,"key":"SMITH"},{"data":"Footwork","floor":13,"key":"SMITH"},{"data":"Deadly Poison","floor":15,"key":"SMITH"},{"data":"Malaise","floor":24,"key":"SMITH"},{"data":"Crippling Poison","floor":27,"key":"SMITH"},{"data":"Bouncing Flask","floor":32,"key":"SMITH"}],"neow_cost":"NONE","seed_source_timestamp":21869000875433,"circlet_count":0,"master_deck":["AscendersBane","Strike_G","Strike_G","Strike_G","Defend_G","Defend_G","Defend_G","Defend_G","Defend_G","Survivor","Neutralize","Predator","Crippling Poison+1","Skewer+1","Deadly Poison+1","Die Die Die","Footwork+1","PiercingWail","Malaise+1","Well Laid Plans","Infinite Blades+1","Terror","Bouncing Flask+1","Envenom+1","Parasite","Parasite","Finisher+1","Well Laid Plans+1"],"relics":["Ring of the Snake","Oddly Smooth Stone","MawBank","Bird Faced Urn","Gremlin Horn","Dodecahedron","Bronze Scales","Busted Crown","Ancient Tea Set","Centennial Puzzle","Spirit Poop","Dream Catcher","Frozen Egg 2","Juzu Bracelet","Calling Bell","Regal Pillow","Molten Egg 2","Nunchaku"],"potions_floor_usage":[6,8,36,39],"damage_taken":[{"damage":6,"enemies":"Jaw Worm","floor":1,"turns":6},{"damage":0,"enemies":"Small Slimes","floor":4,"turns":4},{"damage":1,"enemies":"2 Louse","floor":5,"turns":3},{"damage":18,"enemies":"Gremlin Nob","floor":6,"turns":4},{"damage":16,"enemies":"Lagavulin","floor":8,"turns":6},{"damage":1,"enemies":"Blue Slaver","floor":12,"turns":3},{"damage":15,"enemies":"Hexaghost","floor":16,"turns":10},{"damage":5,"enemies":"3 Byrds","floor":18,"turns":3},{"damage":6,"enemies":"Book of Stabbing","floor":23,"turns":7},{"damage":0,"enemies":"Spheric Guardian","floor":28,"turns":3},{"damage":0,"enemies":"Gremlin Leader","floor":29,"turns":7},{"damage":6,"enemies":"3 Cultists","floor":30,"turns":4},{"damage":15,"enemies":"Book of Stabbing","floor":31,"turns":5},{"damage":49,"enemies":"Collector","floor":33,"turns":8},{"damage":13,"enemies":"3 Shapes","floor":35,"turns":4},{"damage":8,"enemies":"3 Darklings","floor":36,"turns":4},{"damage":62,"enemies":"Writhing Mass","floor":39,"turns":5}],"seed_played":"277128401601719683","potions_obtained":[{"floor":1,"key":"Fire Potion"},{"floor":4,"key":"Fire Potion"},{"floor":6,"key":"Energy Potion"},{"floor":8,"key":"GhostInAJar"},{"floor":23,"key":"Strength Potion"}],"is_trial":false,"path_per_floor":["M","?","?","M","M","E","R","E","T","?","$","M","R","$","R","B",null,"M","$","?","?","$","E","R","?","T","R","M","E","M","E","R","B",null,"M","M","?","$","M"],"character_chosen":"THE_SILENT","items_purchased":["Footwork","Bronze Scales","Well Laid Plans+1","PowerPotion"],"campfire_rested":0,"item_purchase_floors":[11,11,38,38],"current_hp_per_floor":[53,42,58,58,57,39,39,23,23,45,45,46,46,46,46,33,58,55,55,55,55,55,53,53,53,53,53,57,63,60,51,51,8,52,45,45,45,45,0],"gold":30,"neow_bonus":"RANDOM_COMMON_RELIC","is_prod":false,"is_daily":false,"chose_seed":false,"campfire_upgraded":6,"win_rate":0,"timestamp":1566220167,"path_taken":["M","?","?","M","M","E","R","E","T","?","$","M","R","?","R","BOSS","M","$","?","?","$","E","R","?","T","R","?","E","M","E","R","BOSS","M","M","?","$","M"],"build_version":"2019-07-17","purchased_purges":3,"victory":false,"max_hp_per_floor":[66,66,66,66,66,66,66,66,66,66,66,66,66,66,66,66,66,66,66,66,66,66,66,66,66,66,66,66,66,66,66,66,66,66,66,66,66,66,66],"card_choices":[{"not_picked":["Acrobatics","Reflex"],"picked":"Predator","floor":1},{"not_picked":["Backstab","Quick Slash"],"picked":"Crippling Poison","floor":4},{"not_picked":["Deflect","Blade Dance"],"picked":"Skewer","floor":5},{"not_picked":["Underhanded Strike","Sucker Punch"],"picked":"Deadly Poison","floor":6},{"not_picked":["Underhanded Strike","Blade Dance"],"picked":"Die Die Die","floor":8},{"not_picked":["Outmaneuver","Tactician"],"picked":"PiercingWail","floor":12},{"not_picked":["Doppelganger","Corpse Explosion"],"picked":"Malaise","floor":16},{"not_picked":[],"picked":"Well Laid Plans","floor":18},{"not_picked":[],"picked":"Infinite Blades+1","floor":23},{"not_picked":[],"picked":"Terror","floor":28},{"not_picked":["Outmaneuver"],"picked":"SKIP","floor":29},{"not_picked":["Dagger Spray"],"picked":"SKIP","floor":30},{"not_picked":[],"picked":"Bouncing Flask","floor":31},{"not_picked":[],"picked":"Envenom+1","floor":33},{"not_picked":[],"picked":"Finisher+1","floor":35},{"not_picked":[],"picked":"Backstab+1","floor":36}],"player_experience":974762,"relics_obtained":[{"floor":6,"key":"Bird Faced Urn"},{"floor":8,"key":"Gremlin Horn"},{"floor":9,"key":"Dodecahedron"},{"floor":23,"key":"Centennial Puzzle"},{"floor":26,"key":"Dream Catcher"},{"floor":29,"key":"Frozen Egg 2"},{"floor":31,"key":"Juzu Bracelet"},{"floor":34,"key":"Regal Pillow"},{"floor":34,"key":"Molten Egg 2"},{"floor":34,"key":"Nunchaku"}],"event_choices":[{"damage_healed":0,"gold_gain":0,"player_choice":"Success","damage_taken":11,"relics_obtained":["MawBank"],"max_hp_gain":0,"max_hp_loss":0,"event_name":"Scrap Ooze","floor":2,"gold_loss":0},{"damage_healed":16,"gold_gain":0,"player_choice":"Healed","damage_taken":0,"max_hp_gain":0,"max_hp_loss":0,"event_name":"The Cleric","floor":3,"gold_loss":35},{"damage_healed":22,"gold_gain":0,"player_choice":"Banana","damage_taken":0,"max_hp_gain":0,"max_hp_loss":0,"event_name":"Big Fish","floor":10,"gold_loss":0},{"damage_healed":0,"gold_gain":0,"player_choice":"Opened","damage_taken":0,"relics_obtained":["Ancient Tea Set"],"max_hp_gain":0,"max_hp_loss":0,"event_name":"The Mausoleum","floor":20,"gold_loss":0,"cards_obtained":["Writhe"]},{"damage_healed":0,"gold_gain":50,"player_choice":"Stole From Cult","damage_taken":0,"max_hp_gain":0,"max_hp_loss":0,"event_name":"Nest","floor":21,"gold_loss":0},{"cards_removed":["Writhe"],"damage_healed":0,"gold_gain":0,"player_choice":"Offered Curse","damage_taken":0,"relics_obtained":["Spirit Poop"],"max_hp_gain":0,"max_hp_loss":0,"event_name":"Bonfire Elementals","floor":25,"gold_loss":0},{"cards_removed":["Backstab"],"damage_healed":0,"gold_gain":0,"player_choice":"Removed Attack","damage_taken":0,"max_hp_gain":0,"max_hp_loss":0,"event_name":"Falling","floor":37,"gold_loss":0}],"is_beta":false,"boss_relics":[{"not_picked":["Ectoplasm","Ring of the Serpent"],"picked":"Busted Crown"},{"not_picked":["Velvet Choker","Orrery"],"picked":"Calling Bell"}],"items_purged_floors":[19,22,38],"is_endless":false,"potions_floor_spawned":[1,4,6,8,23,28,29],"killed_by":"Writhing Mass","ascension_level":18}