{"gold_per_floor":[119,32,182,107,107,107,122,156,156,188,202,213,238,250,250,324,324,344,5,5,5,5,5],"floor_reached":23,"playtime":1170,"items_purged":["Strike_R"],"score":454,"play_id":"534bfe60-c784-4f8a-830b-11b9f4a01042","local_time":"20190323103204","is_ascension_mode":true,"campfire_choices":[{"data":"Carnage","floor":6.0,"key":"SMITH"},{"data":"Bash","floor":15.0,"key":"SMITH"}],"neow_cost":"NONE","seed_source_timestamp":431167294111400,"circlet_count":0,"master_deck":["AscendersBane","Strike_R","Strike_R","Strike_R","Strike_R","Defend_R","Defend_R","Defend_R","Defend_R","Bash+1","Carnage+1","Immolate","Anger","Iron Wave","Spot Weakness","Shrug It Off","Inflame","Limit Break","Seeing Red","Iron Wave","Limit Break","Shrug It Off","Spot Weakness","Decay"],"special_seed":0,"relics":["Burning Blood","Bird Faced Urn","Pantograph","Ancient Tea Set","Juzu Bracelet","Orrery","Membership Card","Vajra"],"potions_floor_usage":[23],"damage_taken":[{"damage":7.0,"enemies":"Cultist","floor":1.0,"turns":4.0},{"damage":4.0,"enemies":"Small Slimes","floor":7.0,"turns":2.0},{"damage":22.0,"enemies":"3 Sentries","floor":8.0,"turns":6.0},{"damage":8.0,"enemies":"Gremlin Nob","floor":10.0,"turns":3.0},{"damage":9.0,"enemies":"2 Louse","floor":11.0,"turns":2.0},{"damage":3.0,"enemies":"Blue Slaver","floor":12.0,"turns":2.0},{"damage":20.0,"enemies":"Lagavulin","floor":13.0,"turns":7.0},{"damage":1.0,"enemies":"3 Louse","floor":14.0,"turns":2.0},{"damage":58.0,"enemies":"Hexaghost","floor":16.0,"turns":8.0},{"damage":28.0,"enemies":"Spheric Guardian","floor":18.0,"turns":4.0},{"damage":4,"enemies":"Gremlin Leader","floor":23,"turns":6}],"seed_played":"2239262789635108338","potions_obtained":[{"floor":0.0,"key":"PowerPotion"},{"floor":0.0,"key":"SteroidPotion"},{"floor":10.0,"key":"Swift Potion"},{"floor":13.0,"key":"FearPotion"},{"floor":14.0,"key":"Weak Potion"},{"floor":18.0,"key":"Ancient Potion"}],"is_trial":false,"path_per_floor":["M","$","?","?","?","R","M","E","T","E","M","M","E","M","R","B",null,"M","$","?","?","?","E"],"character_chosen":"IRONCLAD","items_purchased":["Immolate","Membership Card","Vajra"],"campfire_rested":0,"item_purchase_floors":[2,19,19],"current_hp_per_floor":[67,67,67,67,72,72,74,58,58,58,55,58,46,51,51,26,67,47,47,47,47,47,51],"gold":5,"neow_bonus":"THREE_SMALL_POTIONS","is_prod":false,"is_daily":false,"chose_seed":false,"campfire_upgraded":2,"win_rate":0,"timestamp":1553326324,"path_taken":["M","$","?","?","?","R","M","E","T","E","M","M","E","M","R","BOSS","M","$","?","?","?","E"],"build_version":"2019-01-23","purchased_purges":1,"victory":false,"max_hp_per_floor":[75,75,75,75,80,80,80,80,80,80,80,80,80,80,80,80,80,80,80,80,80,80,80],"card_choices":[{"not_picked":["Iron Wave","Body Slam"],"picked":"Carnage","floor":1.0},{"not_picked":["Burning Pact","Combust"],"picked":"Anger","floor":7.0},{"not_picked":["Clash","Armaments"],"picked":"Iron Wave","floor":8.0},{"not_picked":["Inflame","Heavy Blade"],"picked":"Spot Weakness","floor":10.0},{"not_picked":["Rampage","Perfected Strike"],"picked":"Shrug It Off","floor":11.0},{"not_picked":["Body Slam","Pommel Strike"],"picked":"Inflame","floor":12.0},{"not_picked":["Perfected Strike","Anger","Sentinel"],"picked":"SKIP","floor":13.0},{"not_picked":["Anger","Wild Strike","Bludgeon"],"picked":"SKIP","floor":14.0},{"not_picked":["Exhume","Demon Form"],"picked":"Limit Break","floor":16.0},{"not_picked":["Iron Wave","Rampage"],"picked":"Seeing Red","floor":17.0},{"not_picked":["Uppercut","Combust"],"picked":"Iron Wave","floor":17.0},{"not_picked":["Iron Wave","Wild Strike"],"picked":"Limit Break","floor":17.0},{"not_picked":["Twin Strike","Body Slam"],"picked":"Shrug It Off","floor":17.0},{"not_picked":["Wild Strike","Sword Boomerang"],"picked":"Spot Weakness","floor":18.0}],"player_experience":992385,"relics_obtained":[{"floor":8.0,"key":"Bird Faced Urn"},{"floor":9.0,"key":"Pantograph"},{"floor":10.0,"key":"Ancient Tea Set"},{"floor":13.0,"key":"Juzu Bracelet"}],"event_choices":[{"damage_healed":0.0,"max_hp_gain":0.0,"max_hp_loss":0.0,"gold_gain":150.0,"event_name":"Liars Game","player_choice":"AGREE","floor":3.0,"gold_loss":0.0,"damage_taken":0.0,"cards_obtained":["Doubt"]},{"cards_removed":["Doubt"],"damage_healed":0.0,"max_hp_gain":0.0,"max_hp_loss":0.0,"gold_gain":0.0,"event_name":"The Cleric","player_choice":"Card Removal","floor":4.0,"gold_loss":75.0,"damage_taken":0.0},{"damage_healed":0.0,"max_hp_gain":5.0,"max_hp_loss":0.0,"gold_gain":0.0,"event_name":"Big Fish","player_choice":"Donut","floor":5.0,"gold_loss":0.0,"damage_taken":0.0},{"damage_healed":0.0,"max_hp_gain":0.0,"max_hp_loss":0.0,"gold_gain":0.0,"event_name":"Forgotten Altar","player_choice":"Smashed Altar","floor":21.0,"gold_loss":0.0,"damage_taken":0.0,"cards_obtained":["Decay"]},{"damage_healed":0.0,"max_hp_gain":0.0,"max_hp_loss":0.0,"gold_gain":0.0,"event_name":"Beggar","player_choice":"Ignored","floor":22.0,"gold_loss":0.0,"damage_taken":0.0}],"is_beta":false,"boss_relics":[{"not_picked":["Eternal Feather","Calling Bell"],"picked":"Orrery"}],"items_purged_floors":[19],"is_endless":false,"potions_floor_spawned":[10,11,12,13,14,18,23],"killed_by":"Gremlin Leader","ascension_level":20}