{"gold_per_floor":[216,5,5,18,18,51,51,65,65,65,91,91,91,124,124,195,195,212,16,28,28,44,44,64,64,87,100,132,132,203,218,218,295,295,306,528,539,539,558,591,591,591],"floor_reached":42,"playtime":2384,"items_purged":["Strike_G"],"score":1023,"play_id":"295c6b6f-14aa-4b22-92ba-b445bb1e2688","local_time":"20190423130118","is_ascension_mode":true,"campfire_choices":[{"floor":7.0,"key":"REST"},{"floor":10.0,"key":"REST"},{"data":"Noxious Fumes","floor":13.0,"key":"SMITH"},{"data":"Catalyst","floor":15.0,"key":"SMITH"},{"data":"Doppelganger","floor":23.0,"key":"SMITH"},{"data":"Burst","floor":25.0,"key":"SMITH"},{"data":"Well Laid Plans","floor":32.0,"key":"SMITH"}],"neow_cost":"NONE","seed_source_timestamp":19082070565900,"circlet_count":0,"master_deck":["AscendersBane","Survivor","Neutralize+1","PiercingWail","Noxious Fumes+1","Flying Knee","All Out Attack","Catalyst+1","Poisoned Stab","Crippling Poison","Venomology+1","Well Laid Plans+1","A Thousand Cuts","Die Die Die","Doppelganger+1","Dagger Spray","Noxious Fumes","Slice","Malaise","PiercingWail","Deadly Poison","Burst+1","Backflip","PiercingWail","Backflip","PiercingWail","Well Laid Plans+1"],"special_seed":0,"relics":["Ring of the Snake","Question Card","Potion Belt","Meat on the Bone","Whetstone","Pandora\u0027s Box","Anchor","Bronze Scales","Red Mask","Kunai","Busted Crown","Boot","Ornamental Fan"],"potions_floor_usage":[42,42,42],"damage_taken":[{"damage":4.0,"enemies":"Small Slimes","floor":1.0,"turns":4.0},{"damage":0.0,"enemies":"Jaw Worm","floor":4.0,"turns":6.0},{"damage":50.0,"enemies":"Gremlin Nob","floor":6.0,"turns":6.0},{"damage":0.0,"enemies":"Cultist","floor":8.0,"turns":4.0},{"damage":15.0,"enemies":"3 Sentries","floor":11.0,"turns":5.0},{"damage":57.0,"enemies":"Gremlin Nob","floor":14.0,"turns":6.0},{"damage":7.0,"enemies":"The Guardian","floor":16.0,"turns":10.0},{"damage":12.0,"enemies":"3 Byrds","floor":18.0,"turns":5.0},{"damage":8.0,"enemies":"Spheric Guardian","floor":20.0,"turns":5.0},{"damage":18.0,"enemies":"Snecko","floor":22.0,"turns":4.0},{"damage":4.0,"enemies":"Centurion and Healer","floor":24.0,"turns":6.0},{"damage":4.0,"enemies":"Snake Plant","floor":27.0,"turns":5.0},{"damage":0.0,"enemies":"Masked Bandits","floor":28.0,"turns":2.0},{"damage":26.0,"enemies":"Shelled Parasite and Fungi","floor":31.0,"turns":5.0},{"damage":4.0,"enemies":"Champ","floor":33.0,"turns":7.0},{"damage":0.0,"enemies":"Orb Walker","floor":35.0,"turns":3.0},{"damage":0.0,"enemies":"3 Shapes","floor":37.0,"turns":3.0},{"damage":13.0,"enemies":"Jaw Worm Horde","floor":39.0,"turns":4.0},{"damage":13.0,"enemies":"Giant Head","floor":40.0,"turns":5.0},{"damage":30,"enemies":"Reptomancer","floor":42,"turns":5}],"seed_played":"-5220293860845479542","potions_obtained":[{"floor":4.0,"key":"LiquidBronze"},{"floor":6.0,"key":"Explosive Potion"},{"floor":14.0,"key":"GhostInAJar"},{"floor":18.0,"key":"AttackPotion"},{"floor":20.0,"key":"Swift Potion"},{"floor":39.0,"key":"AttackPotion"},{"floor":41.0,"key":"Swift Potion"}],"is_trial":false,"path_per_floor":["M","$","?","M","?","E","R","M","T","R","E","?","R","E","R","B",null,"M","$","M","?","M","R","M","R","T","M","?","?","T","M","R","B",null,"M","?","M","?","M","E","?","E"],"character_chosen":"THE_SILENT","items_purchased":["Noxious Fumes","Flying Knee","Anchor","Deadly Poison"],"campfire_rested":2,"item_purchase_floors":[2,2,19,19],"current_hp_per_floor":[55,55,55,55,60,10,31,31,31,52,37,71,71,26,26,31,61,49,49,41,41,35,35,43,43,43,39,39,39,39,37,37,45,65,65,65,65,65,52,39,39,21],"gold":591,"neow_bonus":"HUNDRED_GOLD","is_prod":false,"is_daily":false,"chose_seed":false,"campfire_upgraded":5,"win_rate":0,"timestamp":1556013678,"path_taken":["M","$","?","M","?","E","R","?","T","R","E","?","R","E","R","BOSS","M","$","M","?","M","R","?","R","T","M","?","?","?","?","R","BOSS","M","?","M","?","?","E","?","E"],"build_version":"2019-01-23","purchased_purges":1,"victory":false,"max_hp_per_floor":[66,66,66,66,71,71,71,71,71,71,71,71,71,71,71,71,71,71,71,71,71,71,71,71,71,71,71,71,71,71,71,71,71,71,71,71,71,71,71,71,71,71],"card_choices":[{"not_picked":["Dodge and Roll","Setup"],"picked":"PiercingWail","floor":1.0},{"not_picked":["Deflect","Underhanded Strike"],"picked":"All Out Attack","floor":4.0},{"not_picked":["Reflex","Skewer"],"picked":"Catalyst","floor":6.0},{"not_picked":["Dagger Throw","Blade Dance","All Out Attack","Flechettes"],"picked":"SKIP","floor":8.0},{"not_picked":["Expertise","Flechettes","All Out Attack"],"picked":"Poisoned Stab","floor":11.0},{"not_picked":["Acrobatics","Slice","Deadly Poison"],"picked":"Crippling Poison","floor":14.0},{"not_picked":["Unload","Doppelganger","After Image"],"picked":"Venomology","floor":16.0},{"not_picked":["Slice+1","Dagger Throw","Underhanded Strike"],"picked":"PiercingWail","floor":18.0},{"not_picked":["Finisher","Accuracy+1","All Out Attack"],"picked":"Burst","floor":20.0},{"not_picked":["All Out Attack","Poisoned Stab+1","Concentrate+1"],"picked":"Backflip","floor":22.0},{"not_picked":["Quick Slash","Tactician+1","Blade Dance+1","Slice+1"],"picked":"SKIP","floor":24.0},{"not_picked":["Accuracy","Heel Hook","Crippling Poison","Bane"],"picked":"SKIP","floor":27.0},{"not_picked":["Underhanded Strike","Infinite Blades","Quick Slash"],"picked":"PiercingWail","floor":31.0},{"not_picked":["Dagger Throw"],"picked":"Backflip","floor":35.0},{"not_picked":["Tactician"],"picked":"PiercingWail","floor":37.0},{"not_picked":["Caltrops","Masterful Stab+1"],"picked":"SKIP","floor":39.0},{"not_picked":["Sucker Punch"],"picked":"Well Laid Plans+1","floor":40.0}],"player_experience":1224760,"relics_obtained":[{"floor":6.0,"key":"Question Card"},{"floor":9.0,"key":"Potion Belt"},{"floor":11.0,"key":"Meat on the Bone"},{"floor":14.0,"key":"Whetstone"},{"floor":26.0,"key":"Bronze Scales"},{"floor":28.0,"key":"Red Mask"},{"floor":30.0,"key":"Kunai"},{"floor":40.0,"key":"Boot"},{"floor":42,"key":"Ornamental Fan"}],"event_choices":[{"cards_removed":["Strike_G"],"damage_healed":0.0,"max_hp_gain":0.0,"max_hp_loss":0.0,"gold_gain":0.0,"event_name":"Living Wall","player_choice":"Forget","floor":3.0,"gold_loss":0.0,"damage_taken":0.0},{"damage_healed":0.0,"max_hp_gain":5.0,"max_hp_loss":0.0,"gold_gain":0.0,"event_name":"Big Fish","player_choice":"Donut","floor":5.0,"gold_loss":0.0,"damage_taken":0.0},{"damage_healed":34.0,"max_hp_gain":0.0,"max_hp_loss":0.0,"gold_gain":0.0,"event_name":"Wheel of Change","player_choice":"Full Heal","floor":12.0,"gold_loss":0.0,"damage_taken":0.0},{"damage_healed":0.0,"max_hp_gain":0.0,"max_hp_loss":0.0,"gold_gain":0.0,"event_name":"Accursed Blacksmith","player_choice":"Forge","floor":21.0,"gold_loss":0.0,"damage_taken":0.0,"cards_upgraded":["Venomology"]},{"damage_healed":0.0,"max_hp_gain":0.0,"max_hp_loss":0.0,"gold_gain":0.0,"event_name":"Masked Bandits","player_choice":"Fought Bandits","floor":28.0,"gold_loss":0.0,"damage_taken":0.0},{"damage_healed":0.0,"max_hp_gain":0.0,"max_hp_loss":0.0,"gold_gain":0.0,"event_name":"Vampires","player_choice":"Ignored","floor":29.0,"gold_loss":0.0,"damage_taken":0.0},{"damage_healed":0.0,"max_hp_gain":0.0,"max_hp_loss":0.0,"gold_gain":222.0,"event_name":"Tomb of Lord Red Mask","player_choice":"Wore Mask","floor":36.0,"gold_loss":0.0,"damage_taken":0.0},{"damage_healed":0.0,"max_hp_gain":0.0,"max_hp_loss":0.0,"gold_gain":0.0,"event_name":"FaceTrader","player_choice":"Leave","floor":38.0,"gold_loss":0.0,"damage_taken":0.0},{"damage_healed":0.0,"max_hp_gain":0.0,"max_hp_loss":0.0,"gold_gain":0.0,"event_name":"Lab","player_choice":"Got Potions","floor":41.0,"gold_loss":0.0,"damage_taken":0.0}],"is_beta":false,"boss_relics":[{"not_picked":["Runic Dome","Orrery"],"picked":"Pandora\u0027s Box"},{"not_picked":["WristBlade","Astrolabe"],"picked":"Busted Crown"}],"items_purged_floors":[2],"is_endless":false,"potions_floor_spawned":[4,6,14,18,20,28,37,39],"killed_by":"Reptomancer","ascension_level":20}